1822 3219
268 161 347 198 234
918 164 1086 203 LYSIAE

265 262 512 303 administros
528 265 738 306 habebitis:
761 268 934 314 accedat,
949 268 1075 314 velim,
1093 269 1142 307 ad
1157 269 1257 307 hanc
1275 277 1412 308 vestrae
1428 273 1632 323 superioris
1647 286 1741 314 con-

265 323 422 363 ditionis
447 339 536 364 cum
563 328 636 367 hac
665 338 852 380 praesente
881 330 1223 381 comparationem,
1250 332 1465 370 recordatio
1490 335 1738 374 vexationum

263 393 305 424 et
334 389 586 428 acerbitatum
613 404 710 442 quas
737 404 760 429 a
783 391 963 442 praesidio
991 392 1151 430 militum
1184 395 1504 432 mercenariorum
1530 396 1738 442 tolerastis,

263 464 362 501 quos
389 453 524 492 milites
550 453 588 491 hi
615 455 767 506 tyranni
798 455 835 492 in
868 467 956 493 arce
987 455 1288 501 collocaverant,
1311 457 1496 496 custodes
1519 459 1585 509 qui
1608 469 1738 498 essent

265 525 428 564 suaeque
457 513 732 553 dominationis
754 523 971 566 vestraeque
999 517 1205 556 servitutis.
1265 518 1364 556 Haec
1391 518 1581 557 hactenus
1603 519 1653 558 ad
1673 533 1737 558 ur-

262 575 397 620 banos,
420 588 543 626 pauca
563 575 611 614 de
633 577 780 623 multis,
803 591 891 629 quae
918 578 1085 616 dicenda
1111 578 1316 618 habebam.
1373 580 1454 618 Vos
1475 589 1601 619 autem
1623 590 1737 632 quot-

263 643 357 686 quot
371 637 535 675 adstatis
551 651 572 675 e
590 637 754 687 Piraeeo,
769 640 1024 678 recordamini
1041 654 1173 693 quaeso
1190 649 1248 680 tot
1262 649 1301 680 et
1319 649 1429 680 tanta
1449 642 1565 689 mala,
1581 642 1736 687 damna,

260 696 406 743 luctus,
423 699 634 745 cruciatus,
657 700 868 747 dedecora,
889 703 1092 754 supplicia,
1109 717 1196 754 quae
1218 704 1267 741 ab
1290 703 1348 741 bis
1370 705 1543 754 tyrannis
1563 706 1736 755 perpessi

261 759 369 797 estis.
430 759 617 806 Primum,
634 775 722 812 quae
737 775 843 801 arma
857 776 906 801 ex
919 764 1047 802 hostili
1062 764 1146 803 solo
1160 765 1368 816 multisque
1383 778 1402 803 e
1417 766 1559 817 praeliis
1576 766 1732 805 domum

261 819 370 858 salva
396 827 436 858 et
457 822 630 861 victricia
657 824 884 868 retuleratiS,
908 837 954 862 ea
974 826 1083 864 vobis
1112 839 1217 864 arma
1241 827 1278 864 bi
1299 828 1453 878 tyranni
1481 828 1565 879 ipsa
1584 829 1621 866 in
1642 841 1736 880 pace

260 880 539 922 detraxerunt:
581 885 735 931 deinde,
767 887 906 937 quibus
933 895 1101 924 vestrum
1134 889 1188 926 ita
1214 888 1387 927 felicibus
1421 903 1507 928 esse
1541 890 1664 938 licuit,
1693 899 1737 930 ut

261 943 357 982 salvi
378 957 425 982 ea
447 958 466 983 e
486 947 611 996 patria
629 946 859 999 effugerent,
880 962 997 999 quam
1018 962 1039 986 a
1058 949 1266 1001 majoribus
1288 951 1469 988 traditam
1489 953 1738 1003 accepissent

255 1004 518 1053 incolendam,
541 1008 690 1045 illorum
718 1010 847 1061 capita
867 1011 1017 1048 venalia
1048 1003 1154 1048 certa
1184 1011 1380 1062 proposita
1397 1013 1575 1051 mercede
1594 1027 1617 1051 a
1638 1028 1734 1065 prae·

257 1080 355 1105 cone
389 1069 745 1119 proclamabantur,
772 1079 811 1109 et
840 1072 985 1110 circum
1014 1086 1082 1123 per
1107 1074 1222 1111 urbes
1251 1072 1416 1111 Graeciae
1441 1073 1735 1113 missitabantur

258 1129 324 1181 qui
348 1143 416 1169 eos
446 1131 495 1169 ad
523 1133 756 1184 supplicium
784 1143 1029 1185 reposcerent
1050 1142 1088 1173 et
1108 1134 1139 1172 si
1159 1135 1226 1185 qui
1246 1147 1314 1172 vos
1334 1134 1486 1173 tradere
1509 1127 1736 1174 recusarent

254 1192 301 1230 iis
334 1193 585 1232 minarentur.
643 1196 753 1239 Quas
779 1195 952 1248 insignes
979 1196 1234 1235 contumelias
1262 1202 1305 1234 ut
1332 1205 1415 1234 tum
1441 1196 1616 1235 exsilium
1641 1197 1736 1237 tole-

255 1262 389 1293 rantes
419 1255 561 1294 tulistis
588 1257 937 1308 impatientissime,
957 1259 1012 1296 ita
1041 1272 1143 1296 nunc
1172 1258 1250 1309 pari
1273 1257 1456 1296 vindictae
1486 1258 1622 1296 ardore
1641 1258 1736 1297 ulci-

256 1316 423 1355 scimini.
484 1317 561 1356 Sed
583 1324 622 1356 et
642 1319 877 1369 reliquorum
897 1327 1132 1358 mementote
1153 1319 1358 1366 malorum,
1380 1333 1467 1370 quae
1495 1321 1544 1358 ab
1568 1320 1625 1358 his
1649 1333 1734 1372 per-

255 1380 360 1430 pessi
379 1380 484 1418 estis.
542 1381 651 1419 Alios
671 1388 841 1419 vestrum
856 1395 876 1420 e
894 1381 991 1429 foro,
1007 1382 1101 1420 alios
1122 1394 1142 1419 e
1161 1381 1261 1420 fanis
1283 1381 1459 1426 deorum,
1478 1382 1516 1419 in
1537 1394 1732 1420 carcerem

256 1441 411 1480 obtorto
431 1442 533 1480 collo
556 1443 771 1481 abstractos
788 1450 999 1487 necarunt3
1031 1443 1126 1481 alios
1145 1456 1167 1480 e
1187 1443 1272 1480 sinu
1288 1449 1327 1481 et
1343 1443 1585 1494 amplexibus
1602 1456 1733 1493 paren-

255 1511 339 1542 tum
366 1511 406 1542 et
429 1504 637 1542 liberorum
657 1512 696 1543 et
717 1517 878 1542 uxorum
908 1505 1063 1543 evulsos
1083 1512 1299 1555 coegerunt
1319 1503 1424 1555 ipsos
1451 1504 1523 1542 sibi
1544 1503 1732 1543 violentas

253 1579 395 1604 manus
417 1566 551 1604 afferre
565 1568 779 1619 (cogebant
799 1567 903 1605 enim
923 1580 991 1606 eos
1008 1567 1148 1605 cicutae
1168 1566 1351 1618 poculum
1370 1566 1531 1604 suismet
1552 1567 1731 1605 manibus

254 1628 361 1680 ipsos
384 1628 502 1666 labris
525 1629 729 1667 admovere
755 1637 873 1681 atque
898 1629 1136 1676 exhaurire);
1168 1629 1261 1679 ipsis
1281 1628 1382 1666 adeo
1402 1629 1671 1679 exsequiarum
1691 1637 1731 1668 ct

256 1691 394 1729 tumuli
409 1691 527 1743 justis
549 1704 616 1729 eos
637 1691 880 1737 fraudarunt,
896 1691 1056 1729 deorum
1078 1689 1248 1728 ridentes
1272 1690 1381 1734 iram,
1403 1702 1503 1740 quos
1523 1698 1730 1729 consenta-

253 1765 371 1790 neum
391 1760 488 1797 erat,
512 1754 582 1791 ista
604 1761 683 1791 tam
703 1753 897 1805 flagitiosa
917 1753 1088 1792 manium
1109 1752 1360 1790 temeratione
1381 1751 1523 1790 offendi
1542 1759 1580 1789 et
1600 1751 1650 1790 ad
1671 1753 1729 1790 ul-

253 1814 398 1852 tionem
431 1815 684 1859 inflammari;
720 1816 979 1853 autumabant
1010 1828 1146 1866 nempe
1177 1815 1478 1853 dominationem
1507 1827 1617 1852 suam
1649 1822 1728 1853 tam

253 1875 400 1914 firmam
421 1889 523 1923 esse,
544 1883 588 1916 ut
607 1879 655 1916 ab
677 1878 769 1929 ipsis
789 1878 950 1917 deorum
976 1879 1092 1917 armis
1124 1878 1321 1917 ultricibus
1351 1879 1516 1918 convelli
1540 1880 1726 1930 nequiret.

255 1938 438 1977 Extrema
460 1940 616 1978 tandem
639 1941 831 1992 supplicia
850 1948 1044 1992 quotquot
1063 1941 1271 1994 effugistis,
1288 1955 1407 1992 quam
1428 1941 1644 1980 multifariis
1664 1955 1728 1993 pe-

252 2000 383 2039 riculis
403 2003 549 2053 passim
569 2002 741 2040 locorum
761 2004 853 2042 estis
874 2002 1066 2042 defuncti!
1101 2011 1196 2055 quot
1215 2005 1252 2042 in
1272 2004 1387 2042 urbes
1409 2003 1570 2042 Graecas
1592 2004 1726 2042 errori-

253 2063 326 2100 bus
347 2063 628 2102 miserabilibus
644 2065 719 2103 acti
736 2068 744 2104 !
777 2065 838 2103 ubi
860 2079 937 2103 non
954 2079 976 2104 a
991 2065 1235 2117 praeconibus
1252 2073 1501 2117 tyrannorum
1517 2065 1727 2117 exagitati?

251 2132 414 2176 egentes
435 2126 708 2165 alimentorumv
725 2140 932 2178 rerumque
951 2129 1124 2165 omnium
1144 2129 1232 2166 vitae
1252 2127 1571 2172 necessariarum,
1591 2127 1654 2165 alii
1674 2140 1730 2164 re-

252 2186 352 2225 lictis
381 2188 420 2225 in
448 2189 571 2240 patria
593 2189 737 2235 liberis,
758 2189 830 2228 hoc
855 2197 915 2227 est
941 2191 979 2227 in
994 2190 1084 2228 'solo
1105 2189 1248 2235 hostili,
1270 2189 1306 2226 in
1337 2201 1453 2226 manu
1475 2196 1515 2225 et
1534 2195 1726 2238 potestate

252 2249 435 2294 hostium,
458 2251 520 2288 alii
543 2251 578 2288 in
599 2251 804 2301 peregrino
826 2251 924 2297 solo,
940 2252 1097 2289 tandem
1115 2259 1258 2296 tamen,
1278 2244 1403 2288 invitis
1422 2257 1462 2287 et
1481 2250 1723 2300 ringentibus

253 2324 371 2361 quam
392 2312 575 2362 plurimis,
591 2313 744 2350 redistis
765 2313 803 2350 in
825 2313 1031 2358 Piraeeum,
1049 2313 1112 2351 ubi
1132 2326 1264 2351 rursus
1285 2312 1458 2363 ingentia
1478 2312 1726 2363 reperiebatis

252 2374 465 2411 certamina
487 2374 593 2412 vobis
612 2373 865 2413 decertanda.
925 2376 969 2412 In
991 2376 1131 2426 quibus
1147 2376 1327 2413 omnibus
1344 2388 1432 2412 cum
1450 2374 1596 2413 fortiter
1615 2374 1726 2412 dimi-

251 2437 430 2482 cassetis,
451 2436 665 2474 asseruistis
690 2438 860 2475 urbanos
887 2437 923 2474 in
953 2438 1182 2482 libertatem,
1206 2438 1361 2475 exsules
1390 2437 1427 2474 in
1456 2437 1590 2475 urbem
1612 2436 1724 2474 redu-

251 2497 375 2536 xistis.
435 2497 586 2535 Horum
611 2506 741 2536 autem
771 2500 1025 2536 certaminum
1053 2512 1277 2550 prosperum
1307 2506 1486 2538 eventum
1509 2499 1539 2535 si
1561 2497 1725 2535 adversa

252 2560 432 2611 quaedam
465 2573 547 2598 sors
573 2561 853 2612 intercepisset,
885 2568 927 2599 ut
956 2570 1096 2600 metam
1131 2562 1230 2600 hanc
1260 2562 1476 2600 studiorum
1510 2567 1725 2598 vestroruin

251 2624 380 2662 minus
413 2623 635 2674 potuissetis
667 2624 870 2673 consequi,
900 2624 1018 2662 multo
1050 2624 1165 2662 etiam
1195 2624 1392 2662 acerbiora
1420 2621 1530 2659 vobis
1561 2621 1728 2658 fuissent

252 2685 468 2732 toleranda,
483 2698 601 2737 quam
616 2694 725 2724 ante:
747 2698 880 2723 rursus
899 2686 935 2722 in
953 2687 1131 2724 exsilium
1149 2686 1257 2723 vobis
1270 2685 1409 2722 fuisset
1424 2682 1725 2734 remigrandum,

253 2760 343 2785 cum
363 2757 481 2794 metu,
501 2762 548 2787 ne
568 2748 704 2787 eadem
726 2755 844 2798 atque
864 2754 953 2785 ante
976 2747 1200 2798 pateremini
1218 2763 1227 2791 ;
1257 2758 1381 2796 neque
1403 2759 1565 2796 passura
1585 2744 1724 2782 fuisset

251 2809 388 2848 horum
403 2818 656 2860 tyrannorum
674 2810 903 2854 immanitas,
922 2817 963 2846 ut
980 2823 1060 2854 vos,
1077 2809 1229 2847 tametsi
1246 2808 1484 2858 iniquissima
1499 2808 1726 2851 tolerantes,

252 2871 399 2922 templa
430 2885 583 2922 araeque
618 2872 777 2910 deorum
813 2879 1024 2915 tuerentur,
1051 2884 1130 2921 qua
1164 2871 1259 2908 alias
1294 2871 1385 2922 ipsis
1419 2870 1518 2908 adeo
1550 2868 1723 2907 sontibus

252 2940 386 2983 portus
413 2933 546 2972 salutis
575 2947 662 2973 csse
691 2933 839 2973 solent:
872 2933 981 2971 liberi
1003 2933 1132 2979 vestri,
1154 2933 1217 2983 qui
1240 2932 1298 2971 hic
1321 2933 1567 2978 mansissent,
1587 2936 1724 2968 coutu-
