1822 3219
201 148 250 182 42
504 147 508 151 '
756 142 1126 180 ANTIPHONTIS

201 251 361 290 pecasse
376 252 384 280 ;
409 240 455 276 'et
471 249 612 283 rursus,
630 238 661 274 si
678 236 771 286 quid
788 243 890 274 recte
904 236 1050 282 dixero,
1067 235 1180 273 velim
1199 246 1266 273 vos
1287 234 1326 272 id
1341 235 1393 272 rei
1414 239 1537 284 gestae
1558 233 1655 271 veri-

205 299 274 337 tati
300 300 444 350 potius,
466 311 581 349 quam
613 297 815 336 subtilitati
845 297 974 335 nescio
1005 298 1065 334 cui
1092 309 1203 340 meae,
1224 296 1424 345 imputare.
1480 294 1582 331 Nam
1616 298 1663 330 ut

198 362 347 410 justum
369 367 408 397 et
428 372 581 410 aequum
598 372 673 396 non
695 365 768 403 est,
788 371 876 395 eum
891 359 940 395 ob
962 359 1079 396 verba
1099 358 1246 394 salvum
1266 355 1462 393 discedere
1483 354 1547 404 qui
1567 353 1661 392 faci-

207 422 362 458 noribus
384 429 544 458 mortem
577 420 625 457 sit
652 419 821 463 meritus,
841 419 894 455 ita
925 430 1056 455 rursus
1089 430 1242 468 aequum
1275 429 1352 454 non
1375 421 1447 460 est,
1473 415 1522 453 ob
1544 415 1661 452 verba

203 494 290 518 cum
309 481 559 519 condemnari
589 481 698 530 cujus
725 479 828 516 sacta
849 479 969 528 proba
999 485 1038 516 et
1057 479 1221 516 honesta
1247 477 1346 515 sint:
1377 476 1536 513 verbum
1557 475 1660 512 enim

206 542 547 579 inconsentaneum
567 541 708 590 linguae
728 552 829 577 error
849 547 922 584 est,
937 539 1087 576 facinus
1104 546 1231 576 autem
1251 537 1464 588 improbum
1483 541 1543 573 est
1556 547 1660 573 error

208 603 360 640 mentis.
407 602 604 639 Praeterea
623 614 780 639 necesse
801 607 861 638 est
879 600 1071 638 hominem
1090 600 1226 650 capitis
1239 599 1297 637 sui
1311 610 1467 636 causam
1482 602 1664 647 agentem

207 663 395 700 interdum
413 663 502 699 labi.
533 662 697 712 Oportet
711 661 812 698 enim
825 661 905 711 ejus
920 661 1037 699 menti
1051 660 1244 698 obversari
1257 673 1332 697 non
1348 659 1472 697 solum
1485 657 1665 703 dicenda,

209 723 278 760 sed
297 724 411 760 etiam
426 730 585 760 eventus
604 722 815 759 orationem
832 735 940 759 suam
957 727 1248 759 consecuturos.
1296 720 1356 757 De
1371 720 1508 769 quibus
1523 716 1666 755 nemini

208 791 386 821 constare
406 789 547 833 potest,
570 794 692 832 neque
713 788 799 819 sunt
820 782 855 819 in
877 782 1032 820 arbitrio
1052 781 1216 818 dicentis
1243 780 1430 830 cujusque
1455 792 1544 817 suo:
1574 790 1665 816 nam

209 846 377 883 obscura
391 852 430 883 et
445 845 625 895 ancipitia
641 846 796 883 fortuna
810 846 932 896 magis
948 851 1132 890 rotantur,
1146 856 1260 894 quam
1275 843 1437 881 consilio
1448 844 1665 894 gubernan-

208 914 283 945 tur.
306 906 493 955 Magnam
504 906 589 943 haec
603 905 901 943 sollicitudinem
916 911 1030 955 atque
1044 904 1367 955 perturbationem
1380 904 1534 954 injicere
1549 902 1667 941 menti

209 968 395 1018 cujusque
415 980 481 1016 pro
502 979 542 1003 se
561 966 724 1003 dicentis
741 975 1044 1004 consentaneum
1066 972 1138 1003 est.
1177 965 1254 1002 Eos
1276 965 1394 1015 ipsos,
1409 964 1474 1014 qui
1487 963 1582 1002 alias
1596 976 1668 1001 usu

211 1027 374 1064 forensis
404 1026 635 1076 eloquentiae
655 1038 771 1076 quarn
794 1027 954 1064 maxime
985 1026 1144 1070 callent,
1169 1038 1256 1062 cum
1276 1025 1313 1062 in
1336 1024 1554 1062 discrimine
1571 1036 1669 1075 quo-

212 1087 302 1125 dam
321 1100 390 1126 suo
411 1087 564 1138 proprio
582 1095 797 1133 versantur,
817 1087 938 1125 multo
962 1087 1135 1137 jejunius
1162 1094 1278 1137 atque
1298 1086 1520 1124 indisertius
1538 1098 1608 1138 pro
1627 1098 1671 1124 se

213 1148 424 1199 disputare,
443 1161 559 1198 quam
579 1148 672 1186 alias
692 1148 854 1186 aliorum
873 1148 912 1185 in
932 1148 1058 1185 causis
1077 1147 1239 1193 soleant,
1260 1153 1299 1185 et
1317 1159 1433 1198 quam
1461 1148 1510 1186 ab
1537 1160 1671 1186 eorum

215 1215 309 1247 nota
327 1208 510 1247 facultate
531 1214 800 1259 exspectetur:
831 1208 890 1245 sin
923 1215 1052 1246 autern
1085 1208 1216 1258 aliqua
1233 1215 1435 1246 versentur
1466 1209 1505 1246 in
1538 1220 1671 1255 causa,

214 1270 279 1307 ubi
298 1270 510 1320 privatums
524 1282 614 1306 uum
631 1269 837 1307 discrimen
853 1269 1003 1306 nullum
1020 1268 1263 1313 interveniat,
1279 1276 1360 1306 tum
1378 1282 1456 1306 rem
1470 1269 1591 1307 multo
1604 1282 1671 1320 ge·

217 1337 307 1368 runt
320 1331 483 1368 felicius.
517 1330 730 1368 Postulatio
746 1331 875 1381 itaque
892 1343 977 1368 mea
996 1330 1078 1368 haec
1094 1337 1167 1375 est,
1180 1330 1330 1380 legibus
1347 1337 1387 1368 et
1405 1331 1672 1369 sanctimoniae

214 1391 473 1436 consentiens,
493 1397 532 1428 et
552 1403 628 1427 non
649 1403 772 1428 meam
792 1391 932 1441 magiS‚
951 1404 1067 1441 quam
1087 1398 1268 1434 vestram,
1289 1404 1493 1442 personam
1515 1391 1672 1430 decens.

275 1453 313 1490 2.
346 1451 485 1502 Capita
521 1464 610 1490 vero
643 1452 899 1490 accusationis
937 1452 1131 1503 sigillatim
1177 1460 1464 1503 persecuturus,
1507 1453 1672 1504 primum

218 1512 296 1550 hoc
323 1524 390 1550 vos
420 1512 584 1557 docebo,
606 1525 756 1550 summa
787 1526 872 1550 cum
907 1513 1036 1563 legum
1067 1513 1288 1558 violatione,
1323 1526 1552 1564 summaque
1584 1526 1674 1552 cum

218 1572 398 1610 violentia
423 1578 462 1609 et
491 1572 738 1618 immanitate,
774 1585 833 1610 me
872 1573 908 1610 in
942 1573 1016 1611 hoc
1049 1581 1242 1611 certamen
1275 1575 1391 1612 fuisse
1428 1575 1647 1626 conjectum
1664 1588 1674 1618 ;

219 1632 323 1682 quod
344 1645 390 1669 eo
412 1645 488 1670 non
509 1632 609 1676 dico,
626 1645 702 1682 quo
723 1646 782 1670 me
803 1634 918 1671 vestri
938 1635 1136 1683 poeniteat,
1165 1634 1359 1685 vestrique
1382 1634 1518 1685 judicii
1548 1642 1680 1674 aucto-

220 1694 370 1730 ritatem
391 1705 464 1743 ego
495 1698 562 1730 aut
592 1693 789 1744 defugiam
822 1700 888 1731 aut
914 1694 1351 1733 exhorrescam—nam
1370 1696 1424 1734 ita
1443 1702 1572 1734 vestra
1598 1696 1678 1739 fido

222 1753 404 1802 aequitate
425 1760 629 1803 certusque
657 1766 740 1790 sum
759 1765 826 1791 vos
848 1753 1018 1802 iniquam
1037 1755 1128 1792 mihi
1151 1762 1189 1793 et
1206 1756 1390 1807 injustam
1411 1769 1497 1795 esse
1518 1763 1678 1795 senten-

224 1813 315 1849 tiam
334 1812 408 1850 hac
427 1813 465 1850 in
485 1825 605 1850 causa
635 1826 712 1851 non
745 1826 832 1851 esse
865 1814 1020 1860 laturos,
1059 1815 1127 1853 sed
1161 1829 1272 1866 aequa
1309 1823 1348 1854 et
1379 1815 1515 1855 sancta
1550 1818 1679 1856 omnia

223 1874 558 1922 pronunciaturos,
581 1880 635 1919 ut,
671 1873 701 1910 si
732 1873 873 1912 nullius
904 1875 998 1913 alius
1030 1877 1083 1913 rei
1119 1876 1298 1915 habenda
1335 1878 1385 1915 sit
1422 1879 1531 1924 ratio,
1561 1891 1679 1929 quam

225 1933 339 1984 hujus
367 1946 462 1971 meae
482 1934 531 1971 de
552 1941 679 1971 vestra
704 1934 882 1984 aequitate
911 1936 1078 1982 fiduciae,
1096 1950 1165 1988 per
1185 1951 1269 1976 eam
1287 1945 1391 1977 certe
1410 1952 1485 1990 ego
1503 1946 1681 1991 prompte

224 1994 461 2045 libenterque
477 1995 587 2032 vobis
603 1996 672 2032 sim
687 2009 845 2034 causam
864 1998 1000 2048 capitis
1014 1998 1088 2036 mei
1103 1998 1395 2050 disceptandam
1411 2001 1681 2052 permissurus,

226 2054 387 2101 etiamsi,
424 2068 500 2093 non
533 2064 574 2094 ut
607 2070 710 2095 nunc
740 2058 796 2103 fit,
829 2071 877 2095 ex
915 2059 1080 2097 formula
1102 2060 1218 2110 juris,¹
1245 2067 1284 2098 et
1308 2061 1442 2112 jurati,
1472 2061 1541 2099 sed
1573 2058 1683 2100 extra

226 2116 413 2160 ordinem,
445 2122 484 2153 et
518 2116 686 2166 injurati,
725 2117 864 2156 dicturi
901 2120 984 2156 sitis
1018 2121 1247 2158 sententiam
1263 2143 1328 2166 —,
1349 2121 1415 2159 sed
1444 2121 1532 2160 ideo
1552 2122 1682 2160 locum

226 2174 330 2212 hunc
364 2176 527 2225 primum
558 2178 749 2224 tractabo,
775 2192 852 2228 quo
879 2179 1117 2229 intelligatis,
1152 2194 1229 2235 qua
1260 2181 1498 2219 immanitate
1529 2189 1570 2220 et
1596 2180 1683 2234 vquo

228 2235 357 2284 legum
378 2242 601 2286 contemptu
620 2236 658 2273 hi
679 2250 738 2275 me
757 2238 796 2274 in
827 2251 1017 2276 carcerem
1050 2240 1258 2287 duxerunt,
1279 2247 1318 2278 et
1344 2241 1434 2280 huic
1466 2255 1595 2281 causae
1624 2244 1684 2281 ln-

229 2302 458 2341 nexuerunt,
477 2308 562 2333 eam
582 2297 779 2346 probabile
810 2298 951 2344 facere,
971 2306 1114 2337 caetera
1131 2314 1283 2351 quoque
1311 2302 1359 2339 ab
1378 2301 1422 2339 iis
1440 2302 1478 2340 in
1498 2315 1560 2341 me
1588 2302 1684 2344 ausa

230 2368 297 2406 per
333 2367 524 2392 summum
556 2357 665 2394 nefas
697 2369 792 2394 esse.
852 2358 925 2396 Aio
952 2359 1080 2409 itaque
1108 2373 1175 2399 eos
1194 2351 1245 2399 'in
1273 2375 1334 2399 me
1355 2375 1402 2401 eo
1421 2363 1536 2402 modo
1556 2377 1685 2416 agere,

230 2415 296 2465 qui
329 2427 416 2452 cum
443 2427 548 2453 more
575 2416 676 2454 civili
706 2416 746 2453 in
769 2418 855 2466 jure
889 2420 1029 2468 agendi
1059 2427 1216 2472 pugnet.
1273 2423 1475 2461 Actionem
1503 2425 1686 2472 ἐνδείξεως

231 2475 272 2513 in
293 2488 367 2521 me,
386 2475 492 2513 velut
510 2475 549 2512 in
578 2477 808 2522 maleficum,
838 2479 1052 2519 institutam
1085 2495 1161 2520 non
1195 2490 1491 2534 persequuntur,
1512 2487 1582 2524 sed
1610 2488 1686 2527 alio

235 2548 296 2573 me
334 2549 436 2574 nunc
474 2536 600 2582 titulo,
620 2537 814 2575 homicidii
853 2540 1047 2579 commissi
1085 2549 1192 2592 puta,
1213 2543 1476 2582 insectantur:
1505 2548 1593 2596 quo'
1611 2548 1686 2598 ipsi

236 2605 414 2635 auctores
435 2604 551 2648 atque
572 2604 688 2636 testes
709 2599 801 2637 facti
820 2607 910 2638 sunt
928 2614 990 2640 me
1010 2603 1224 2641 maleficum
1253 2617 1331 2641 non
1352 2617 1435 2642 esse
1455 2618 1579 2656 neque
1599 2607 1686 2660 lege

237 2670 275 2694 in
296 2658 491 2696 maleficos
509 2658 590 2697 lata
608 2659 750 2704 teneri3
778 2672 866 2710 quae
894 2661 955 2698 lex
984 2674 1072 2700 cum
1094 2655 1196 2702 solos
1218 2670 1325 2701 notet
1354 2663 1456 2703 fures
1477 2673 1516 2703 et
1546 2670 1688 2707 manti-

237 2717 414 2764 cularios,
430 2732 518 2757 curn
535 2719 608 2758 hoc
628 2732 767 2770 genere
786 2719 982 2759 hominum
1001 2730 1129 2762 autem
1151 2724 1241 2761 mihi
1262 2737 1462 2764 commune
1482 2728 1688 2780 quicquam

239 2790 325 2815 esse
344 2778 382 2815 hi
402 2786 644 2819 accusatores
673 2793 797 2832 neque
825 2781 1027 2821 docuerint
1056 2797 1182 2835 neque
1213 2786 1407 2835 potuerint
1427 2787 1582 2837 docere,
1600 2790 1688 2830 effe-

234 2845 382 2885 cerunt,
404 2846 445 2877 ut
463 2841 569 2879 vobis
585 2841 909 2882 liceatvsententia
927 2845 1148 2895 aequissima
1167 2852 1206 2884 et
1231 2847 1309 2898 juri
1328 2847 1430 2886 civili
1450 2852 1682 2891 convenien-
