1822 3219
264 161 339 197 184
915 163 1085 201 LYSIAE

260 261 420 300 docides
451 263 567 309 enim,
598 271 640 302 ut
659 277 680 302 e
709 265 856 303 mulcta
888 266 1087 304 arbitraria
1111 266 1161 304 ob
1181 266 1365 304 delictum
1394 267 1465 318 ipsi
1493 268 1662 320 irrogata
1688 269 1727 308 in

251 323 441 372 judicium
474 325 658 364 inductus
690 334 786 372 erat,
813 327 892 376 ipse
922 340 1007 364 sese
1035 328 1070 364 in
1101 341 1293 366 carcerem
1327 330 1534 380 compegit,
1556 343 1602 368 eo
1620 333 1725 382 quod

255 385 338 436 ipse
355 386 425 423 sibi
442 399 512 424 sua
528 387 780 425 aestimatione
794 401 945 438 poenam
960 388 1059 426 hanc
1072 390 1237 427 carceris
1255 392 1468 436 statuisset,
1486 391 1557 429 nisi
1573 405 1726 431 servum

256 447 496 493 tradidisset,
519 462 634 498 quem
656 462 678 486 a
698 462 737 486 se
756 449 853 486 tradi
875 463 949 486 non
972 463 1085 501 posse
1102 451 1219 502 probe
1240 459 1363 497 norat,
1382 459 1514 502 utpote
1534 453 1592 490 sui
1607 466 1728 493 causa

255 521 491 559 suorumque
515 509 719 553 scelerum,
741 510 924 548 ne-index
944 511 1062 556 fieret,
1081 513 1369 564 interemptum.
1425 514 1546 565 Atqui
1565 515 1644 552 fieri
1661 515 1725 566 qui

255 570 389 620 possit,
430 578 471 608 ut
508 572 635 608 minus
670 571 843 609 videatur
875 581 1045 610 mentem
1078 575 1160 625 ejus
1196 575 1350 612 vitiasse
1383 575 1479 614 deus
1515 583 1630 627 atque
1664 589 1727 615 oc-

254 644 439 676 coecasse‚
462 633 525 683 qui
558 633 710 670 facilius
740 634 904 672 toleratu
935 643 1050 686 atque
1079 637 1319 674 commodius
1353 637 1559 675 arbitratus
1588 637 1639 675 sit
1665 638 1722 689 ip-

255 702 423 732 summet
450 695 521 732 sibi
553 695 744 733 custodiae
775 696 961 734 mulctam
992 698 1174 748 irrogare,
1195 712 1310 749 quam
1343 699 1615 749 pecuniariam,
1641 700 1724 751 pari

253 762 458 806 utramque
489 755 525 792 in
555 764 702 807 partem
725 765 827 795 sorte
855 759 1081 810 proposita?
1123 760 1179 797 Ex
1213 761 1277 798 illa
1308 761 1410 799 enirn
1441 761 1542 799 ultro
1572 759 1724 799 delecta

253 817 328 854 litis
358 818 610 857 aestimatione
631 819 743 858 haesit
772 820 809 858 in
836 821 998 859 vinculis
1030 822 1080 859 ad
1112 835 1256 859 annum
1287 823 1418 868 ferme,
1447 822 1664 874 iisdemque
1684 823 1722 860 in

252 879 417 919 vinculis
438 882 740 921 necessariorum
762 890 878 934 atque
899 884 1137 922 familiarium
1167 885 1350 924 indicavit
1369 885 1538 931 nomina,
1567 891 1723 936 postea-

253 955 371 993 quam
399 943 470 994 ipsi
503 944 703 995 proposita
733 945 870 983 suisset
899 958 988 998 spes
1023 946 1071 984 de
1105 947 1311 985 emerenda
1339 960 1406 998 per
1436 947 1617 984 indicium
1644 947 1724 985 veri

251 1002 494 1043 immunitate
514 1006 685 1056 spiritus.
745 1006 915 1057 Ecquam
938 1007 972 1044 ei
992 1007 1110 1045 fuisse
1126 1015 1295 1045 mentem
1316 1007 1556 1053 existimatis,
1572 1008 1637 1058 qui
1654 1021 1722 1045 ex-

251 1074 384 1104 tremae
404 1068 651 1119 turpitudinis
672 1069 818 1107 subiret
836 1069 1022 1119 flagitium
1043 1069 1189 1107 amicos
1209 1068 1423 1120 prodendo,
1454 1067 1579 1112 salute
1599 1069 1721 1119 ipsius

251 1128 380 1167 adhuc
411 1129 556 1167 dubia?
585 1130 725 1168 deinde
746 1143 836 1168 vero
867 1130 950 1168 neci
979 1130 1107 1169 dando
1137 1144 1202 1182 per
1230 1130 1411 1177 indicium
1434 1143 1548 1168 suum
1577 1130 1721 1168 amicos

250 1190 347 1235 illos,
367 1205 465 1242 quos
486 1205 509 1230 a
528 1206 568 1230 se
591 1193 729 1230 summi
750 1193 830 1230 fieri
847 1192 927 1230 ait?
958 1192 1171 1230 Videbatur
1192 1206 1282 1231 vera
1302 1193 1495 1231 indicasse
1514 1199 1554 1230 et
1566 1204 1720 1230 carcere

250 1253 499 1291 emittebatur
527 1254 697 1304 quidem,
729 1254 796 1292 sed
825 1267 914 1292 cum
934 1254 1066 1292 addito
1089 1255 1313 1300 interdicto,
1348 1263 1390 1292 ut
1418 1255 1544 1292 forum
1575 1267 1622 1292 ne
1641 1253 1718 1291 fre-

249 1320 453 1364 quentaret
485 1328 613 1365 neque
643 1315 733 1352 fana
765 1316 949 1358 deorum;
979 1330 1056 1367 quo
1088 1329 1227 1366 nempe
1259 1330 1306 1354 ne
1337 1317 1453 1353 laesus
1483 1316 1640 1366 quidem
1669 1317 1718 1354 ab

250 1375 414 1413 inimicis
444 1376 599 1427 injurias
628 1377 762 1415 ulcisci
783 1385 930 1427 posset.
989 1378 1120 1428 Atqui,
1149 1378 1214 1423 ait,
1245 1391 1291 1416 ex
1323 1391 1400 1428 quo
1422 1377 1718 1415 Atheniensium

253 1450 389 1474 nomen
408 1437 613 1475 immortali
635 1438 737 1475 fama
756 1439 873 1489 coepit
893 1438 1227 1489 exsplendescere,
1248 1451 1360 1474 nemo
1381 1450 1551 1488 unquam
1571 1439 1620 1475 ob
1642 1438 1718 1476 tale

250 1499 394 1536 crimen
425 1499 583 1537 infamia
602 1507 758 1537 notatus
786 1508 860 1537 est.
918 1500 1040 1537 Recte
1059 1512 1150 1536 vero
1172 1499 1247 1537 ait:
1278 1511 1404 1549 neque
1431 1499 1532 1536 enim
1553 1498 1626 1536 fuit
1646 1511 1719 1536 un-

249 1572 381 1611 quam,
399 1561 462 1612 qui
476 1561 624 1599 scelera
637 1562 725 1599 huic
742 1562 849 1613 paria
864 1568 1114 1612 perpetraret.
1164 1561 1315 1598 Horum
1331 1561 1501 1597 omnium
1516 1559 1719 1607 malorum,

251 1622 321 1673 ipsi
339 1622 571 1669 existimate,
600 1631 725 1660 utrum
753 1637 872 1661 causa
902 1623 973 1660 diis
1004 1637 1053 1660 an
1082 1622 1187 1660 casui
1220 1622 1375 1660 fortuito
1403 1622 1634 1673 imputanda
1655 1623 1717 1660 sit.

248 1683 425 1721 Emissus
456 1697 609 1721 carcere
640 1684 873 1735 infamiaque
907 1690 1079 1728 notatus,
1112 1684 1247 1721 itinere
1278 1684 1470 1721 maritimo
1504 1684 1553 1721 ad
1585 1696 1716 1734 regem

248 1743 498 1782 Cittiensium
519 1758 559 1783 se
579 1746 757 1790 contulit,
779 1760 800 1783 a
821 1758 899 1796 quo
919 1746 1010 1783 item
1028 1745 1063 1782 in
1086 1758 1280 1782 carcerem
1297 1752 1354 1782 est
1373 1745 1565 1790 detrusus,
1580 1745 1717 1783 cumis

246 1820 336 1845 eum
355 1807 394 1844 in
414 1815 558 1845 conatu
578 1808 637 1846 sui
657 1808 846 1859 prodendi
872 1807 1216 1858 deprehendissem
1246 1819 1373 1857 neque
1395 1807 1526 1844 mortis
1547 1806 1718 1856 vulgaris

247 1881 336 1906 eum
366 1869 612 1907 solummodo
632 1877 759 1908 metus
789 1877 871 1907 tum
891 1868 1038 1914 terruit,
1068 1868 1137 1906 sed
1161 1868 1284 1905 multo
1314 1868 1427 1906 etiam
1458 1867 1581 1918 magis
1601 1867 1717 1905 lentae

248 1931 380 1970 mortis
411 1932 630 1983 multosque
651 1945 719 1983 per
738 1931 821 1969 dies
853 1939 891 1968 et
915 1930 1110 1969 cruciatus
1140 1942 1257 1980 quam
1277 1929 1488 1967 dirissimos
1507 1936 1717 1967 extractae:

247 1994 392 2043 injecta
407 1993 508 2032 enim
530 1993 603 2045 ipsi
623 1994 746 2031 fuerat
763 1992 985 2044 hujusmodi
1007 1991 1184 2042 supplicii
1205 1990 1368 2028 formido
1389 1990 1440 2028 de
1461 2003 1502 2028 se
1524 1989 1717 2036 sumendi,

249 2064 293 2094 ut
311 2057 472 2108 spiranti
492 2055 620 2094 adhuc
635 2054 808 2104 singulos
829 2055 864 2092 in
887 2054 970 2091 dies
987 2053 1126 2104 singuli
1149 2061 1253 2090 artus
1269 2052 1580 2103 decerperentur.
1640 2051 1716 2089 Sed

249 2119 356 2157 istud
377 2132 529 2170 quoque
549 2117 761 2170 periculum
787 2117 881 2167 fuga
900 2127 987 2154 cum
1008 2115 1212 2160 evasisset,
1239 2115 1395 2152 domum
1428 2114 1466 2152 in
1489 2126 1584 2152 nave
1606 2113 1716 2151 remi-

250 2181 374 2232 gravit
407 2182 478 2218 sub
506 2180 707 2218 dominatu
740 2179 884 2216 CCCC
921 2178 1106 2215 virorum:
1152 2184 1302 2214 tantum
1341 2188 1477 2224 nempe
1517 2180 1715 2224 stuporem

248 2249 366 2293 atque
399 2241 620 2280 coecitatem
654 2253 856 2290 rerumque
887 2239 1055 2276 omnium
1087 2237 1319 2275 oblivionem
1350 2235 1467 2273 menti
1498 2235 1582 2286 ejus
1611 2235 1716 2285 obje-

251 2312 359 2341 cerat
387 2304 496 2350 deus,
528 2311 573 2341 ut
603 2302 705 2340 ultro
738 2302 818 2352 ipse
851 2308 1010 2350 cuperet
1041 2299 1089 2336 ad
1119 2299 1205 2336 illos
1238 2299 1340 2349 ipsos
1376 2296 1498 2333 redire
1531 2309 1628 2346 quos
1659 2297 1716 2333 in-

243 2366 354 2415 juriis
380 2366 578 2404 irritasset.
636 2365 832 2403 Reversus
861 2364 916 2401 sic
947 2362 1118 2407 domum,
1147 2362 1182 2399 in
1215 2360 1371 2398 vincula
1400 2359 1515 2397 datus
1546 2359 1716 2409 lorisque

252 2435 379 2467 sectus
401 2428 562 2478 aliisque
584 2427 712 2465 multis
742 2425 1004 2464 molestiarum
1034 2431 1072 2462 et
1091 2423 1332 2461 cruciatuum
1355 2421 1479 2460 modis
1499 2420 1715 2470 exagitatus

252 2497 338 2534 est;
383 2490 452 2527 nisi
480 2489 584 2540 quod
614 2496 825 2526 extremum
847 2500 933 2526 ,non
973 2485 1150 2524 toleravit
1179 2484 1428 2535 supplicium,
1460 2481 1615 2519 tandem
1645 2480 1714 2518 ali-

252 2551 409 2603 quando
437 2564 567 2589 rursus
596 2549 772 2587 emissus.
830 2549 940 2587 Nave
970 2549 1074 2586 illinc
1099 2559 1231 2584 rursus
1256 2547 1293 2583 in
1324 2545 1494 2594 Cyprum
1524 2548 1716 2587 revectus,

254 2615 302 2653 ab
343 2614 522 2664 Evagora
557 2624 647 2662 rege
685 2610 814 2647 nescio
850 2610 955 2660 quod
993 2610 1043 2647 ob
1080 2607 1265 2645 delictum
1310 2617 1433 2642 nexus
1470 2610 1543 2642 est.
1620 2603 1715 2641 Inde

251 2688 409 2727 quoque
441 2674 535 2725 fuga
564 2672 732 2723 elapsuS,
764 2670 979 2721 palabatur,
1012 2681 1168 2721 quoquo
1197 2679 1302 2705 coeca
1332 2679 1412 2703 sors
1451 2665 1619 2703 deferret
1651 2677 1717 2715 pa-

253 2737 411 2788 triaeque
436 2743 627 2774 extorrem
653 2733 887 2782 deorumque
912 2731 1122 2783 patriorum
1152 2736 1358 2773 exsortem,
1380 2740 1468 2765 mox
1487 2726 1644 2764 eosdem
1665 2725 1712 2763 ad

252 2813 348 2850 quos
367 2798 610 2848 confugisset
627 2807 760 2834 rursus
786 2794 1002 2832 relicturus.
1060 2793 1206 2841 Ecquae
1234 2798 1363 2828 autem
1394 2789 1442 2827 sit
1470 2788 1593 2840 gratia
1611 2787 1714 2831 vitae‚

252 2861 315 2900 cui
336 2860 452 2899 fatale
473 2861 534 2905 sit,
556 2858 740 2910 plurimas
760 2862 875 2907 atque
894 2854 1143 2893 creberrimas
1164 2853 1200 2889 in
1223 2852 1432 2896 molestias,
1451 2849 1560 2888 velut
1577 2849 1615 2886 in
1635 2859 1716 2886 sco-

256 2923 379 2975 pulos,
402 2922 525 2969 illisae,
540 2933 731 2972 nusquam
750 2918 932 2970 respirare
952 2929 1078 2967 neque
1097 2913 1400 2965 conquiescere?
1442 2912 1591 2950 Rursus
1611 2908 1714 2947 illine
