1822 3219
658 123 733 160 DE
765 121 1079 160 MYSTERIIS.
1524 125 1593 161 111

141 225 276 264 noxios
297 231 419 263 coetus
444 226 546 276 apud
576 225 679 263 illam
705 225 831 261 albam
853 223 1035 274 populum
1058 222 1220 272 agitant,
1238 235 1336 272 quos
1359 224 1493 274 quales
1521 224 1599 262 sint

141 300 208 325 vos
229 299 363 324 omncs
393 289 512 336 probe
536 286 671 324 nostis.
728 285 780 322 Hi
806 284 894 322 mihi
920 284 1008 321 illuc
1035 283 1136 321 coire
1157 282 1347 329 videntur,
1367 297 1445 334 quo
1465 285 1601 323 horum

141 348 304 386 duorum
321 349 504 386 alterutro
521 349 735 399 potiantur;
764 355 808 384 ut
824 355 890 384 aut
905 353 1060 384 taceant
1078 346 1114 382 in
1132 344 1301 390 licendo,
1319 346 1420 395 quod
1440 360 1528 385 cum
1545 348 1602 386 fa-

142 408 262 455 ciunt,
282 417 364 446 tum
385 409 528 446 lautam
554 407 771 445 mercedem
793 406 984 444 aufferunt
1005 407 1052 443 ab
1073 405 1128 450 iis,
1150 417 1173 443 a
1191 405 1331 456 quibus
1353 406 1426 442 sibi
1445 419 1603 457 persua-

143 470 224 517 deri
255 471 462 520 patiuntur,
489 477 533 505 ut
566 473 702 506 contra
730 480 778 505 ne
808 467 1020 510 liceantur;
1052 473 1119 504 aut
1149 466 1181 504 si
1209 466 1411 516 vectigalis
1442 467 1601 518 alicujus

142 532 369 583 redemptio,
383 531 536 569 nemine
556 530 642 580 plus
658 530 813 574 licente,
833 529 974 579 exiguo
986 535 1152 574 vaeneat,
1168 528 1241 579 ipsi
1255 541 1342 566 cum
1359 528 1601 579 redemptore

142 595 179 632 in
198 595 416 632 societatem
440 592 715 643 redemptionis
735 598 775 629 et
794 591 1103 629 communionem
1129 590 1226 628 lucri
1246 598 1396 628 coeant.
1453 590 1512 627 Ex
1536 590 1602 629 illa

142 656 272 705 itaque
300 652 561 703 redemptione
590 652 935 702 quinquagesimae,
956 651 1064 701 cujus
1094 658 1229 688 auctor
1258 657 1297 687 et
1320 649 1498 700 princeps
1522 659 1604 689 erat

141 714 367 766 Agyrrhius,
387 713 426 750 hi
460 714 665 764 participes
697 713 794 763 ejus,
824 725 927 756 cum,
949 712 1053 749 facto
1086 712 1200 749 trium
1229 710 1466 748 talentorum
1496 724 1603 749 com-

140 775 296 826 pendio,
316 774 542 812 didicissent
566 787 640 811 usu
667 787 752 819 suo,
773 786 886 824 quam
918 773 1117 810 fructuosa
1135 786 1195 810 res
1216 778 1255 810 et
1272 772 1405 822 quanti
1425 773 1603 811 facienda

140 834 189 872 sit
208 834 406 885 Vectigalis
426 835 540 885 hujus
563 835 788 884 redemptio,
810 834 974 871 triennio
995 834 1163 880 evoluto,
1180 834 1349 871 instante
1368 846 1465 871 nova
1483 835 1602 872 vecti-

139 895 483 945 galislicitatione,
504 895 660 933 coibant
679 895 715 932 in
737 895 973 941 sodalitium,
994 901 1033 933 et
1050 907 1168 945 quum
1187 894 1360 945 reliquis,
1379 895 1444 945 qui
1465 903 1601 933 contra

138 956 280 993 licituri
295 956 526 1002 viderentur,
543 969 612 994 suo
633 957 681 994 de
702 956 808 994 lucro
827 955 985 994 offulam
1005 956 1250 1007 objecissent,
1263 969 1388 1006 eoque
1403 963 1447 994 ut
1462 964 1599 995 contra

135 1018 244 1056 liceri
263 1018 425 1064 nollent,
445 1019 515 1056 hos
534 1019 847 1064 obstrinxissent,
861 1019 1000 1056 iterum
1020 1018 1112 1068 reip.
1129 1031 1198 1068 pro
1213 1017 1392 1067 vectigali
1411 1018 1602 1068 quinqua-

139 1079 297 1129 gesimae
322 1080 480 1130 triginta
507 1079 655 1117 talenta
681 1079 906 1117 offerebant.
966 1079 1022 1117 lbi
1047 1079 1198 1117 nemine
1219 1092 1268 1116 ex
1289 1085 1493 1129 compacto
1512 1079 1602 1130 plus

138 1140 293 1186 licente,
314 1154 540 1191 progressus
564 1154 637 1191 ego
664 1141 713 1178 ad
737 1147 913 1178 senatum
941 1140 1029 1190 plus
1056 1141 1212 1184 iicebar,
1233 1148 1272 1177 et
1297 1140 1370 1178 illis
1394 1141 1486 1178 item
1515 1141 1600 1191 plus

139 1209 254 1252 atque
273 1201 359 1252 plus
385 1202 604 1245 licentibus‚
625 1202 781 1240 tandem
804 1202 892 1238 mihi
919 1202 1132 1251 redemptio
1151 1201 1353 1251 vectigalis
1380 1214 1449 1251 pro
1477 1214 1544 1239 sex
1563 1209 1603 1240 et

140 1262 298 1312 triginta
326 1261 478 1299 talentis
506 1262 733 1312 adjudicata
760 1263 845 1299 fuit.
901 1263 990 1299 Hoc
1017 1269 1130 1311 paeto
1151 1261 1224 1298 illis
1245 1274 1315 1311 per
1333 1274 1393 1298 me
1414 1261 1463 1298 de
1483 1268 1600 1312 ponte

139 1322 313 1375 dejectis,
329 1336 412 1360 curn
436 1322 525 1374 reip.
546 1323 832 1372 fidejussoribus
853 1323 952 1361 datis
972 1323 1173 1367 cavissem,
1190 1323 1329 1373 collegi
1344 1323 1511 1373 vectigal
1526 1323 1600 1362 hoc

140 1390 255 1434 atque
270 1384 404 1422 aerario
421 1385 599 1435 dependi,
615 1398 662 1422 ex
680 1397 805 1435 eoque
823 1397 899 1422 non
917 1390 1066 1421 tantum
1087 1384 1234 1421 nullum
1252 1385 1387 1435 accepi
1403 1384 1601 1430 damnum,

142 1445 210 1482 sed
225 1446 338 1482 etiam
353 1445 479 1483 lucelli
494 1459 629 1496 parum
643 1447 733 1496 quid
751 1446 911 1483 fecimus
930 1458 1013 1489 nos,
1029 1445 1093 1496 qui
1113 1452 1312 1483 consortes
1323 1445 1439 1496 hujus
1454 1446 1602 1484 redem-

141 1506 282 1556 ptionis
297 1519 448 1544 eramus
464 1520 473 1551 ;
504 1520 658 1557 unaque
672 1507 834 1545 Calliam
851 1507 1011 1557 ejusque
1026 1513 1228 1545 consortes
1249 1506 1436 1544 facultate
1456 1507 1602 1545 exclusi

140 1580 209 1605 sex
230 1567 376 1605 talenta
403 1568 673 1606 intervertendi
701 1576 741 1606 et
767 1569 867 1605 inter
886 1581 971 1605 sese
992 1567 1195 1613 diribendi‚
1214 1574 1341 1605 vestro
1361 1568 1496 1606 aerario
1516 1581 1600 1606 sur-

139 1634 262 1679 repta.
319 1629 506 1666 Coierunt
533 1629 664 1679 itaque
691 1629 742 1667 ad
770 1629 1061 1667 deliberandum
1090 1641 1236 1673 secum,
1267 1628 1404 1667 et-hac
1433 1629 1532 1666 inter
1561 1642 1602 1667 se

141 1689 312 1727 oratione
331 1689 391 1727 usi
412 1697 525 1727 sunt:
567 1690 656 1727 Hic
686 1690 820 1727 homo
853 1689 1112 1740 [Andocides]
1144 1690 1346 1727 animum
1379 1689 1445 1727 ita
1473 1703 1603 1728 suum

140 1747 344 1794 induxit,
377 1757 425 1787 ut
462 1763 611 1801 neque
643 1751 744 1802 ipse
773 1751 827 1789 de
861 1751 1054 1802 publico
1091 1751 1284 1802 peculio
1318 1751 1503 1788 furetur
1533 1764 1606 1789 ne·—

140 1822 228 1859 que
260 1823 344 1848 nos
384 1811 534 1849 furari
570 1813 798 1862 patiatur,
837 1812 917 1851 sed
953 1812 1143 1850 acribus
1160 1835 1163 1838 -
1182 1811 1335 1849 oculis
1369 1812 1498 1850 fures
1531 1813 1607 1850 ob-

143 1877 302 1908 servet
332 1872 699 1924 intercedatque
729 1874 981 1923 quominus
1010 1886 1123 1923 opes
1153 1873 1374 1923 publicas
1403 1873 1530 1911 inter
1558 1887 1606 1912 se

142 1931 445 1982 discerpant:
494 1947 646 1984 neque
688 1935 800 1972 satis
839 1934 924 1973 hoc
963 1934 1035 1971 illi
1071 1933 1188 1978 erit;
1237 1940 1449 1972 nostrum
1488 1934 1606 1972 enim

141 2005 251 2031 vero
294 1994 332 2030 si
372 2006 504 2044 quem
547 1994 592 2031 in
633 1995 799 2032 fraude
845 1995 1068 2045 quapiam
1115 1995 1506 2045 deprehenderit,
1542 1996 1607 2032 in·-

141 2054 284 2093 ducet
311 2068 412 2093 eum
440 2056 486 2093 in
515 2058 792 2095 concionem
818 2057 1201 2101 Atheniensium,
1225 2057 1302 2094 ubi
1330 2057 1605 2096 necessario

100 2154 105 2156 γ
140 2116 432 2166 pereundum
462 2117 503 2155 ei
534 2117 636 2154 erit.
708 2118 861 2168 Opera
892 2118 1058 2169 itaque
1091 2119 1229 2156 nobis
1259 2125 1331 2156 est
1358 2118 1526 2164 danda,
1558 2125 1609 2157 ut

140 2177 217 2215 hic
249 2177 387 2215 homo
417 2178 474 2215 de
506 2179 660 2216 medio
692 2179 895 2217 tollatur
926 2191 1113 2229 quoquo
1146 2186 1287 2230 pacto
1317 2193 1397 2231 per
1428 2180 1501 2218 sas
1531 2194 1607 2219 ne-

141 2238 321 2288 fasque.
377 2239 468 2277 Non
489 2247 670 2291 poterant
688 2240 742 2278 iili
762 2240 917 2291 quidem
940 2240 1052 2278 aliter
1072 2253 1187 2291 agere
1206 2247 1321 2291 atque
1338 2248 1515 2291 egerunt,
1535 2255 1604 2280 vos

139 2307 282 2344 autem,
305 2300 384 2345 viri,
403 2301 516 2339 decet
535 2301 605 2338 illis
625 2314 740 2352 agere
760 2302 952 2339 contraria
972 2302 1126 2343 omnia:
1155 2310 1286 2340 vestra
1306 2303 1407 2340 enim
1427 2303 1603 2350 interest,

140 2365 180 2397 et
198 2359 337 2397 vellem
356 2360 550 2411 equidem,
569 2375 655 2400 esse
673 2364 781 2405 vobis
799 2363 902 2401 cives
921 2376 1037 2413 quam
1060 2363 1244 2414 plurimos
1264 2364 1337 2402 mei
1360 2364 1517 2411 similes,
1533 2365 1604 2402 hos

142 2427 272 2458 autem
288 2427 354 2458 aut
369 2421 470 2459 mala
488 2431 594 2471 peste
616 2422 780 2469 interire,
795 2423 833 2461 id
848 2423 953 2474 quod
970 2424 1100 2474 utique
1119 2423 1220 2462 foret
1239 2426 1509 2476 praestabilius,
1524 2431 1604 2470 aut,

140 2481 170 2518 si
190 2481 271 2519 fieri
295 2487 426 2519 tamen
454 2482 529 2520 hoc
555 2483 680 2521 minus
706 2492 835 2533 queat,
859 2485 984 2522 saltim
1008 2497 1095 2523 esse
1115 2485 1180 2536 qui
1209 2486 1460 2537 cupiditatem
1487 2493 1603 2536 atquc

141 2543 442 2582 scelerositatem
469 2557 600 2582 eorum
630 2545 848 2590 refrenent;
879 2560 976 2597 quos
1002 2560 1089 2585 cum
1116 2547 1285 2598 dignitas
1315 2561 1490 2599 personae
1520 2560 1601 2585 suae

143 2602 360 2650 admoneat,
373 2612 416 2643 ut
431 2606 521 2654 boni
534 2606 730 2657 fortesque
743 2607 860 2646 velint
875 2620 961 2646 esse
973 2609 1163 2659 vestrique
1177 2609 1353 2654 studiosi,
1368 2616 1447 2645 tum
1463 2615 1605 2659 praeter

143 2664 378 2704 voluntatem
394 2667 578 2706 facultate
595 2681 747 2720 quoque
763 2669 960 2719 gaudeant
972 2671 1071 2707 bene
1087 2670 1136 2707 de
1151 2670 1257 2707 vobis
1272 2668 1456 2705 merendi.
1515 2668 1604 2719 Ego

141 2724 296 2773 quidem
313 2728 420 2766 vobis
440 2730 597 2780 recipio,
614 2736 682 2767 aut
700 2729 770 2767 hos
792 2743 815 2768 a
835 2744 894 2769 me
915 2730 1110 2768 meliorem
1131 2730 1178 2768 ad
1201 2730 1351 2779 frugem
1382 2734 1601 2767 revocatum

142 2792 180 2821 et
207 2792 383 2825 coactum
413 2789 472 2836 iri,
492 2798 534 2828 ut
562 2793 609 2829 ab
637 2791 713 2830 hoc
745 2804 884 2842 genere
912 2793 1091 2830 fraudum
1121 2790 1331 2834 desistant;
1362 2797 1428 2828 aut
1454 2790 1604 2840 siquos

142 2858 273 2884 eorum
294 2847 428 2886 videro
458 2851 703 2892 nihilominus
725 2859 940 2903 temperare
962 2866 1041 2891 suae
1062 2851 1261 2903 cupiditati
1282 2864 1357 2889 non
1379 2864 1507 2902 posse,
1529 2863 1606 2900 quo
