1822 3219
534 118 753 154 CONTRA
784 117 1107 154 AGORATUM.
1466 122 1542 157 249

94 217 231 267 punite
247 229 333 254 eum
352 217 422 255 hac
443 219 490 255 de
509 230 639 263 causa,
659 218 778 267 quod,
799 216 1044 254 Atheniensis
1064 227 1149 252 curn
1172 228 1247 251 non
1265 224 1381 261 esset,
1402 225 1544 263 tamen,

100 276 257 326 perinde
277 285 390 327 atque
410 279 475 326 qui
491 278 576 328 jure
596 278 739 327 optimo
759 277 848 314 civis
869 282 942 320 est,
957 274 1128 331 etvjudex
1151 274 1252 311 sedit
1275 283 1313 311 et
1332 275 1367 311 in
1389 278 1542 314 concio-

93 335 209 372 -nibus
226 349 311 374 cum
335 337 476 387 populo
497 339 574 386 egit
601 345 639 374 et
663 336 864 373 calumniis
885 334 1023 371 multos
1043 333 1216 383 perculit,
1236 335 1452 372 criminibus
1473 337 1542 373 im·-

97 394 247 444 plicitos
266 409 334 445 per
355 397 459 433 nefas
481 410 502 432 a
523 409 565 432 se
584 397 768 441 confictis,
785 396 924 444 quibus
944 394 1007 430 ille
1021 394 1238 430 criminibus
1262 394 1363 430 velut
1379 396 1541 433 Atheni-

97 455 200 492 ensis
220 456 382 492 nominis
400 456 458 491 sui
472 456 701 504 praescripsit
721 455 1002 493 auctoritatem..

154 515 214 550 19.
248 515 375 551 Audio
406 515 510 550 illum
542 514 613 550 hoc
638 527 790 563 quoque
817 514 885 550 sibi
905 526 1039 561 parare
1071 526 1193 562 genus
1225 513 1471 559 defensionis,
1503 523 1543 551 ut

98 575 185 618 aiat,
202 582 240 611 et
260 574 308 610 ad
329 574 488 623 Phylam
510 587 550 610 se
570 575 810 611 concessisse
831 581 869 610 et
887 574 990 610 illinc
1014 585 1143 609 rursus
1165 586 1249 610 curn
1272 574 1465 610 exsulibus
1484 588 1543 611 re-

91 634 220 676 disse;
251 634 288 670 in
309 647 431 683 eoque
461 647 584 671 arcem
615 635 724 683 quasi
745 647 824 671 suae
856 633 1087 670 defensionis
1118 647 1200 670 esse
1230 634 1541 680 constituturum,

96 693 165 731 sed
184 694 285 730 illam
303 695 475 744 profecto
489 695 686 731 infirmam.
745 694 823 731 Res
839 694 939 730 enim
959 694 1013 730 sic
1033 706 1074 730 se
1094 693 1221 731 habet.
1279 694 1396 730 Venit
1412 694 1542 743 utique

92 754 144 790 ad
180 753 547 803 Phylam—verum
577 754 718 791 crimen
746 753 819 791 hoc
852 754 977 804 ipsum
1008 760 1067 790 est
1100 760 1207 790 atrox
1229 766 1305 803 quo
1337 761 1540 803 gravatur:

90 813 208 850 homo
227 813 325 850 enim
347 814 503 850 inveniri
526 814 591 863 qui
612 814 735 863 possit
762 814 945 863 impurior
971 821 1083 862 atque
1105 814 1358 863 impudentior
1378 827 1437 859 eo,
1463 815 1541 864 qui,

87 885 180 910 cum
195 882 326 910 nosset
340 874 441 923 apud
462 873 625 924 Pbylam
646 874 849 911 nonnullos
866 886 996 910 eorum
1008 886 1092 910 esse
1112 874 1251 922 quibus
1267 874 1443 910 exsilium
1460 874 1542 924 ipse

86 933 355 978 »conscivissem
372 947 487 970 ausus
508 943 631 970 tamen
653 942 711 971 est
731 934 864 970 horum
887 947 927 969 se
947 929 1067 970 oculis
1095 933 1265 982 ingerere
1284 934 1541 983 potestatique

88 1001 211 1042 *caput
240 1006 350 1030 suum
381 994 480 1030 ultro
507 994 702 1044 objicere?
722 1017 787 1038 -—,
813 1002 852 1030 ut
882 995 1041 1043 primum
1070 1001 1194 1030 autem
1222 994 1434 1044 conspicati
1454 1007 1541 1030 eum

95 1060 198 1097 sunt,
213 1053 339 1103 palam
353 1055 400 1090 ad
417 1053 543 1090 locum
563 1054 735 1104 supplicii
749 1054 1005 1097 abduxerunt,
1021 1054 1082 1090 ubi
1098 1054 1275 1090 solebant
1290 1054 1326 1090 in
1341 1054 1540 1092 latrocinio

97 1112 217 1149 aliove
245 1113 424 1162 quopiam
463 1113 575 1150 simili
610 1114 794 1151 maleficio
824 1113 1083 1163 deprehensos
1125 1114 1306 1151 extremis
1345 1114 1540 1164 suppliciis

90 1172 263 1209 afficere.
318 1174 469 1223 Anytus
498 1180 639 1217 autem,
670 1175 734 1223 qui
766 1181 845 1210 tum
880 1180 1069 1222 strategus
1099 1173 1271 1209 exsulum
1304 1175 1352 1211 ad
1380 1174 1541 1223 Phylam

96 1244 390 1281 congressorurn
422 1242 515 1277 erat,
548 1234 820 1277 intercedebat,
858 1246 1004 1282 negans
1035 1233 1118 1269 istis
1149 1246 1277 1269 eorum
1309 1234 1541 1282 temporibus

86 1294 297 1330 -convenire
314 1302 355 1330 ut
370 1293 607 1330 inimicorum
627 1307 841 1343 quenquam
857 1294 975 1343 poenis
1000 1293 1225 1343 capitalibus
1247 1294 1541 1331 ulciscerentur:

89 1352 265 1389 rnondum
285 1366 330 1390 eo
351 1353 552 1402 perductas
579 1366 664 1391 esse
693 1354 858 1403 ipsorum
880 1366 953 1397 res,
977 1361 1018 1390 ut
1045 1353 1091 1390 de
1127 1353 1270 1390 ultione
1296 1354 1543 1402 exsequenda

89 1413 263 1462 cogitare
283 1421 480 1462 oporteat:
520 1427 623 1450 nunc
644 1421 816 1463 oportere
833 1427 873 1450 se
892 1414 1101 1457 continere,
1132 1413 1293 1462 pacique
1314 1422 1428 1463 atque
1453 1427 1543 1451 con-

94 1472 234 1509 cordiae
250 1473 406 1510 studere
424 1486 433 1509 ι
469 1474 534 1509 ubi
554 1473 707 1509 domurn
730 1473 937 1521 aliquando
957 1473 1159 1515 redissent,
1181 1481 1259 1509 tum
1282 1474 1429 1524 copiam
1448 1474 1541 1524 ipsis

94 1532 195 1569 haud
234 1532 447 1570 defuturam
484 1533 694 1569 scelerosos
733 1532 927 1582 puniendi.
1010 1532 1106 1569 Haec
1143 1532 1319 1570 docendo
1356 1533 1542 1572 efficiebat

94 1592 258 1642 Anytus,
276 1592 319 1628 ut
346 1598 423 1629 turn
445 1592 626 1642 temporis
656 1593 848 1641 Agoratus
869 1592 1097 1641 supplicium
1131 1592 1232 1641 apud
1261 1592 1422 1643 Phylam
1447 1594 1539 1631 effu-

86 1659 223 1702 geret:
267 1664 389 1701 neque
417 1651 514 1688 enim
541 1651 668 1688 facere
697 1659 874 1702 poterant
907 1651 1072 1697 exsules,
1104 1659 1146 1688 ut
1173 1652 1276 1688 dicto
1303 1653 1539 1702 imperatoris

87 1711 296 1749 :audientes
316 1725 363 1748 ne
379 1720 524 1756 essent,
547 1712 578 1749 si
596 1712 673 1749 ullo
693 1702 826 1749 salutis
853 1725 934 1749 suae
952 1725 1066 1749 sensu
1087 1712 1292 1761 studioque
1308 1720 1540 1752 tenerentur.

95 1771 367 1809 Verumtamen
389 1773 537 1809 acribus
564 1785 650 1809 eum
683 1772 798 1809 oculis
827 1773 1101 1809 observabant:
1146 1773 1360 1821 percontari
1387 1773 1487 1810 enim
1509 1775 1541 1811 si

94 1832 244 1877 voletis,
273 1833 460 1869 neminem
481 1832 672 1882 reperietis
702 1832 870 1869 omnium
890 1832 938 1868 ad
965 1831 1126 1882 Phylam
1147 1844 1455 1880 congressorum,
1475 1834 1541 1882 qui

95 1899 162 1929 aut
191 1905 334 1930 mensae
362 1901 427 1929 aut
452 1893 686 1930 tabernaculi
714 1892 982 1929 communione
1008 1905 1095 1928 cum
1121 1892 1291 1940 Agorato
1312 1905 1406 1929 usus
1426 1901 1539 1937 esset,

87 1967 216 2003 -neque
237 1962 304 1991 aut
316 1955 551 1992 taxiarchum
568 1956 762 2004 reperietis
776 1955 840 2003 qui
856 1967 940 1991 eum
961 1954 1117 1991 cohorte
1135 1967 1217 1998 sua,
1236 1961 1302 1989 aut
1317 1955 1538 2004 magistrum

93 2015 263 2063 equitum
285 2015 347 2064 qui
364 2022 487 2051 turma
509 2016 733 2063 recepisset:
764 2028 876 2051 nemo
893 2027 968 2051 non
991 2026 1221 2063 congressus
1243 2014 1325 2060 ejus
1345 2013 1540 2060 devitabat

87 2074 198 2111 velut
210 2075 372 2111 hominis
394 2075 620 2124 piacularis:
652 2076 887 2112 sermonibus
907 2087 993 2111 curn
1014 2086 1058 2110 eo
1079 2071 1319 2110 conferendis
1334 2073 1452 2122 pollui
1467 2074 1538 2111 sibi

91 2135 333 2172 videbantur.
391 2136 477 2172 Cita
498 2136 586 2171 mihi
607 2135 854 2172 taxiarchum.

717 2237 914 2274 TESTIS.

95 2311 358 2350 Reconciliata
388 2313 485 2351 inter
513 2314 614 2350 cives
641 2326 748 2363 pace,
767 2327 851 2350 cum
884 2314 1085 2353 redeuntes
1116 2315 1163 2351 ab
1193 2315 1329 2352 exsilio
1349 2328 1369 2351 e
1389 2314 1535 2351 Piraeeo

88 2385 225 2409 versus
256 2374 386 2409 urbem
414 2374 452 2410 in
483 2374 596 2410 armis
625 2374 776 2411 solenni
810 2387 897 2411 cum
924 2386 1066 2424 pompa
1095 2376 1359 2424 procederent,
1390 2374 1535 2410 AEsimo

84 2441 287 2482 Apraeeunte
306 2434 370 2482 qui
403 2434 635 2481 processioni
656 2434 708 2470 illi
736 2434 813 2470 dux
832 2442 925 2477 erat,
958 2435 1153 2481 Agoratus
1173 2435 1223 2471 ibi
1252 2447 1406 2484 quoque
1427 2445 1534 2470 suam

92 2493 310 2542 proferebat
346 2494 571 2530 audaciam:
619 2507 705 2531 nam
747 2494 827 2544 ipse
861 2506 1028 2543 quoque,
1069 2495 1134 2543 qui
1171 2495 1264 2532 civis
1305 2507 1379 2531 non
1414 2500 1532 2535 esset,

86 2552 231 2589 civium
264 2566 400 2602 agmen
426 2567 563 2591 versusa
588 2556 718 2591 urbem
742 2556 951 2604 procedens
979 2556 1150 2592 comitari
1176 2557 1400 2592 sustinebat.
1461 2554 1534 2590 Ubi

91 2622 221 2652 autem
241 2628 357 2665 prope
388 2625 532 2665 portam
560 2618 662 2653 urbis
681 2624 834 2653 ventum
855 2624 947 2660 erat,
975 2617 1183 2654 consistere
1207 2618 1245 2652 in
1272 2616 1384 2653 armis
1399 2617 1533 2664 jussos

94 2675 194 2712 cives
220 2675 382 2712 lustrans
400 2677 593 2717 AEsimus,
620 2678 845 2714 observabat
875 2679 1099 2727 Agoratum,
1121 2676 1260 2725 agmini
1285 2677 1382 2713 duce
1414 2677 1533 2714 inscio

95 2744 135 2773 et
159 2735 274 2772 invito
304 2736 430 2773 furtim
461 2739 680 2787 immistum,
714 2739 944 2788 propi-usque
970 2749 1211 2786 congressus,
1245 2744 1396 2774 scutum
1424 2738 1458 2774 ei
1485 2738 1532 2775 de

88 2797 250 2832 humero
271 2809 339 2833 sua
352 2809 466 2834 manu
487 2797 697 2835 detractum
719 2799 836 2835 humo
857 2796 1199 2845 allidebat,jubens
1218 2809 1302 2833 eum
1320 2810 1365 2833 ex
1381 2798 1531 2847 agmine

772 2861 795 2893 ‘2
827 2871 853 2894 K
