1911 3248
457 184 616 221 NECIS
648 183 949 221 VENEFICIO
983 183 1256 222 PA'rRATAE.
1548 189 1572 223 5

128 282 257 328 citata,
274 281 343 320 sed
361 281 473 321 lentis
494 290 533 321 et
550 283 806 334 pertinacibus
826 284 991 322 consiliis
1011 290 1050 321 et
1067 285 1269 322 conatibus
1294 285 1570 335 praemeditatis

129 345 337 393 crebroque
356 344 510 381 iteratis.
568 343 704 393 Neque
725 344 815 381 licet
833 345 938 382 fratri
957 345 1030 382 hoc
1045 357 1243 390 excusare,
1263 346 1379 394 probe
1396 358 1436 383 se
1455 358 1571 382 nosse

130 417 153 441 a
173 412 292 442 matre
315 418 385 441 sua
413 411 648 455 peremptum
679 418 755 442 non
786 418 873 442 esse
900 412 1044 455 patrem
1070 412 1264 448 nostrum3
1296 419 1383 442 nam
1411 407 1458 443 de
1480 419 1573 444 con-

128 464 244 501 trario
264 465 345 515 ejus
375 464 582 502 certissime
609 465 682 514 ipsi
716 475 890 502 constare
923 466 1091 515 produnt
1111 466 1193 516 ejus
1214 472 1350 515 coepta.
1409 467 1522 510 Nam,
1543 467 1574 503 si

129 523 357 569 dubitasset,
385 530 534 573 poterat
553 524 801 562 certissimam
827 525 879 562 rei
904 526 1090 570 notitiam,
1113 526 1322 562 dummodo
1341 525 1536 570 voluisset,
1553 540 1573 563 e

130 597 323 622 servorum
356 585 556 622 tormentis
594 591 723 635 petere
740 601 749 629 ;
793 586 897 634 atqui
928 586 1026 622 viam
1057 586 1156 623 hanc
1189 585 1498 635 probatissimam
1536 592 1575 622 et

129 645 279 682 unicam
298 657 410 694 paeue
432 645 509 682 veri
542 646 750 695 indagandi
784 652 1010 696 aspernatus
1042 654 1123 684 est:
1163 646 1226 683 ubi
1252 652 1377 683 autem
1397 658 1571 695 quaerens

127 704 309 754 indagare
323 704 375 741 nil
388 711 551 755 poterat,
565 705 723 756 ibijuvit
734 719 821 743 eum
842 719 1035 756 quaerere3
1068 707 1172 756 atqui
1188 706 1430 756 sponsionem
1447 718 1571 743 meam

128 764 176 801 de
203 765 320 802 servis
348 766 395 802 ad
415 767 680 815 quaesitionem
701 766 887 803 dedendis
907 767 1085 817 amplecti
1109 767 1308 810 debuerat,
1344 773 1572 815 strenueque

127 823 202 861 hoe
219 838 345 874 agere,
367 826 416 862 ad
436 826 541 875 quod
561 839 645 863 eum
662 826 902 871 cohortabar,
915 833 958 863 ut
977 826 1029 863 rei
1047 834 1168 876 gestae
1185 827 1325 864 veritas
1344 827 1381 863 in
1399 832 1573 876 apertum

127 887 371 935 proferretur,
393 887 442 923 ad
471 900 602 936 poenas
630 887 798 924 dandum
831 900 936 924 ream
963 887 1131 924 citando.
1189 887 1296 924 Servi
1322 886 1422 923 enim
1442 886 1473 923 si
1500 887 1572 923 sub

127 947 324 984 tormentis
344 954 408 984 aut
428 960 505 983 non
525 948 658 984 eadem
677 948 774 984 inter
789 960 828 985 se
845 953 911 984 aut
927 947 1052 985 ameis
1073 947 1408 998 praedicationibus
1431 946 1572 984 discre-

129 1007 259 1056 pantia
278 1007 504 1051 edidissent,
528 1013 606 1043 tum
627 1007 797 1044 licuisset
817 1007 850 1043 ei
871 1007 999 1044 matris
1025 1020 1181 1044 causam
1209 1019 1255 1043 ex
1274 1013 1381 1043 certa
1412 1006 1573 1043 scientia

128 1066 308 1116 salvaque
328 1067 570 1104 conscientiae
593 1067 810 1116 integritate
830 1080 943 1116 agere
968 1067 1132 1115 mihique
1150 1067 1313 1104 honeste
1334 1066 1572 1115 fidenterque

129 1127 300 1177 obloqui,
321 1128 358 1165 id
380 1129 482 1178 quod
504 1141 606 1165 nunc
625 1128 659 1165 ei
679 1129 802 1164 minus
822 1129 935 1170 licet;
967 1134 1006 1164 et
1025 1134 1145 1164 mater
1165 1127 1245 1178 ejus
1266 1127 1338 1164 hoc
1365 1133 1480 1176 pacto
1506 1127 1572 1164 illo

127 1188 285 1224 crimine
308 1189 442 1225 fuisset
470 1188 640 1225 liberata.
698 1188 785 1224 Jam
805 1201 895 1225 vero
921 1195 1124 1224 cunctatus
1157 1187 1210 1224 rei
1239 1193 1358 1236 gestae
1386 1188 1570 1223 rationem

126 1247 205 1292 illa,
225 1261 311 1296 quae
330 1261 407 1284 una
430 1255 548 1298 patet,
565 1248 626 1284 via
644 1248 839 1296 indagare,
856 1247 967 1296 ecqui
986 1253 1116 1297 potest
1142 1259 1187 1283 ea
1204 1252 1308 1284 certo
1336 1259 1463 1291 nosse,
1485 1259 1572 1296 quae

124 1308 322 1357 explorare
338 1308 551 1345 recusavit?
582 1308 700 1357 Ecqui
713 1320 804 1357 ergo
819 1314 1116 1344 consentaneum
1134 1306 1368 1357 sit,judices,
1382 1319 1468 1343 eum
1485 1319 1574 1344 vera

126 1367 268 1412 dicere,
291 1368 467 1413 aientem,
487 1381 531 1405 ea
546 1382 584 1406 se
597 1369 712 1418 probe
725 1368 880 1418 cognita
895 1374 1008 1417 atque
1021 1374 1223 1418 perspecta
1242 1367 1395 1411 habere,
1413 1379 1572 1417 quorum

126 1429 322 1466 veritatem
353 1429 567 1479 percontari
597 1442 792 1478 nunquam
820 1429 987 1466 animum
1018 1427 1196 1465 induxit?
1238 1427 1386 1477 Ecquid
1407 1433 1575 1477 opponet

127 1489 216 1525 mihi
237 1489 389 1539 perjurii
408 1503 494 1526 eum
509 1489 768 1527 insimulanti?
799 1489 936 1526 Servos
953 1488 1001 1525 ad
1017 1488 1277 1538 quaesitionem
1294 1487 1325 1524 si
1343 1487 1573 1532 admitteret,

126 1556 232 1586 certo
251 1556 362 1587 norat
380 1550 512 1587 salutis
542 1562 691 1586 omnem
706 1550 803 1586 viam
834 1550 1061 1599 praeclusam
1084 1548 1192 1585 matri
1212 1560 1317 1592 esse;
1352 1547 1464 1584 unica
1483 1560 1574 1597 ergo

127 1612 223 1647 ratio
248 1624 331 1648 eam
358 1611 534 1648 servandi
554 1610 638 1647 haec
659 1616 751 1657 erat,
771 1617 813 1647 ut
833 1610 1043 1647 declinaret
1063 1616 1101 1646 et
1119 1608 1290 1645 eluderet
1309 1607 1575 1657 quaesitionem

126 1683 194 1720 per
208 1679 396 1708 tormenta
410 1684 628 1708 servorum:
658 1684 745 1708 nam
766 1670 840 1707 hoc
860 1670 942 1707 solo
960 1670 1074 1707 modo
1101 1670 1305 1719 sperabant
1323 1681 1363 1705 se
1384 1680 1572 1705 consecu-

127 1738 245 1775 turos,
266 1738 308 1768 ut
327 1744 383 1768 res
403 1739 513 1781 gesta
532 1732 568 1768 in
588 1731 742 1768 occulto
772 1737 956 1768 maneret.
1014 1729 1133 1779 Ecqui
1155 1741 1247 1778 ergo
1266 1728 1414 1766 censeri
1434 1728 1573 1777 poterit

128 1793 234 1829 salva
253 1793 328 1830 fide
353 1800 391 1830 et
410 1793 594 1843 religione
609 1792 859 1843 jurejurando
878 1792 917 1828 id
936 1792 1196 1835 confirmasse,
1217 1789 1322 1840 quod
1343 1790 1379 1826 in
1407 1787 1573 1825 formula

126 1854 464 1904 contrajuramenti
484 1854 648 1903 scripsit,
662 1867 699 1889 se
714 1854 823 1901 probe
842 1866 955 1896 nosse,
977 1852 1015 1888 id
1036 1864 1188 1901 nempe,
1203 1849 1306 1900 quod
1328 1861 1477 1886 summa
1494 1861 1574 1897 per-

126 1914 354 1951 contationis
374 1914 572 1964 diligentia
591 1914 639 1950 ad
655 1913 841 1962 liquidum
862 1913 1053 1950 adducere
1080 1911 1214 1955 noluit,
1237 1923 1323 1947 cum
1341 1922 1413 1959 ego
1432 1909 1572 1946 vellem

126 1973 198 2011 hac
215 1974 251 2011 in
271 1987 389 2011 causa
409 1975 524 2012 modo
540 1974 753 2024 inquirendi
773 1986 818 2011 eo
840 1974 908 2021 uti,
929 1974 993 2023 qui
1013 1980 1072 2010 est
1086 1973 1252 2010 omnium
1273 1970 1514 2020 aequissimus
1535 1976 1574 2007 et

127 2035 430 2084 probatissimus.
489 2035 611 2084 Ecqui
631 2042 759 2072 autem
774 2035 837 2071 hic
852 2034 991 2070 modus
1010 2040 1071 2078 est
1086 2046 1199 2083 quem
1215 2032 1396 2083 proposui
1417 2031 1489 2067 illis
1509 2029 1574 2067 de-

127 2095 394 2139 trectantibuS,
415 2101 453 2131 et
467 2107 553 2144 quae
567 2107 651 2130 mea
665 2093 852 2144 aequitas?
882 2093 1121 2143 Flagitabam
1137 2094 1229 2143 ipsis
1244 2104 1370 2129 coram
1388 2091 1454 2127 illa
1469 2103 1574 2126 man-

127 2155 227 2207 cipia
246 2156 425 2205 torqueri,
447 2168 534 2205 quae
555 2162 692 2193 norant
717 2155 912 2192 mulierem
932 2154 1045 2197 hanc,
1066 2160 1225 2191 matrem
1247 2153 1381 2190 horum
1402 2165 1574 2189 meorum

126 2216 439 2260 adversariorum,
456 2215 538 2265 jam
565 2223 677 2252 antea
696 2227 847 2265 quoque
866 2213 1052 2250 toxicatas
1070 2214 1217 2250 coxisse
1240 2212 1416 2262 potiones
1436 2212 1574 2261 quibus

126 2284 273 2327 patrem
289 2283 460 2314 nostrum
477 2277 525 2313 de
543 2276 667 2313 medio
681 2275 845 2320 tolleret,
857 2281 906 2319 et,
925 2288 946 2311 a
959 2281 1065 2325 patre
1082 2281 1213 2312 nostro
1228 2287 1316 2311 cum
1330 2273 1368 2309 in
1387 2273 1574 2322 flagrante

126 2337 268 2375 delicto
283 2346 381 2375 esset
399 2337 647 2388 deprehensa,
660 2336 764 2374 haud
782 2335 980 2372 infitiatam
995 2348 1078 2372 esse
1092 2335 1253 2380 facinus,
1267 2334 1334 2371 sed
1346 2340 1573 2371 excusatum

127 2405 166 2435 et
194 2398 352 2435 lenitum
373 2398 446 2434 isse
466 2398 702 2435 atrocitatem
724 2396 817 2446 ejus,
837 2395 1087 2446 praetexendo
1108 2408 1184 2432 non
1203 2395 1308 2432 necis
1327 2406 1417 2442 ergo
1433 2393 1572 2430 herbas

126 2458 210 2495 illas
233 2472 255 2495 a
274 2472 314 2496 se
333 2464 467 2496 coctas
486 2470 587 2502 esse,
612 2457 681 2494 sed
712 2456 957 2494 solummodo
987 2455 1167 2492 illiciendi
1194 2462 1307 2504 atque
1332 2454 1574 2490 devinciendi

127 2519 279 2556 amoris.
335 2519 421 2557 Hoc
437 2530 510 2568 ego
527 2517 574 2554 de
589 2517 692 2554 facto
706 2516 949 2566 postulabam
967 2516 1158 2565 mancipia
1173 2515 1274 2561 dedi,
1290 2521 1329 2552 et
1343 2514 1572 2551 exhibebam

124 2578 199 2616 illis
218 2579 413 2625 schedam,
428 2579 463 2615 in
480 2591 556 2629 qua
571 2590 721 2615 summa
733 2577 860 2626 capita
875 2577 1072 2613 criminum
1089 2575 1396 2626 perscripseram,
1412 2586 1572 2623 quorum

126 2638 228 2676 illam
245 2640 438 2677 mulierem
456 2638 644 2675 insimulo.
689 2637 779 2675 Non
790 2637 880 2674 mihi
894 2637 1119 2686 arrogabam
1137 2643 1177 2673 ut
1192 2636 1274 2686 ipse
1291 2648 1356 2685 per
1370 2647 1429 2670 me
1445 2646 1573 2671 servos

126 2699 399 2750 interrogarem
419 2706 486 2737 aut
500 2706 730 2749 torquerem,
749 2699 818 2736 sed
833 2710 878 2735 ea
896 2698 1031 2735 utebar
1051 2698 1234 2747 aequitate
1254 2704 1295 2732 ut
1316 2695 1406 2745 ipsIs
1421 2694 1578 2733 interro-

129 2760 247 2808 gandi
264 2768 302 2797 et
319 2760 525 2810 torquendi
544 2759 739 2809 negotium
759 2758 1016 2809 permitterem
1037 2770 1179 2808 eosque
1196 2756 1456 2794 moderatores
1470 2768 1575 2793 seve-

128 2819 249 2857 ritatis
267 2820 380 2870 hujus
400 2821 505 2871 ipsos
526 2820 704 2865 facerem,
724 2819 934 2856 dummodo
953 2831 1081 2856 coram
1107 2830 1167 2853 me
1196 2815 1420 2853 scrutinium
1444 2815 1572 2859 fieret3

130 2879 304 2917 nolebam
326 2880 424 2916 enim
446 2880 697 2926 committere,
717 2885 761 2916 ut
779 2879 846 2925 illi,
866 2892 925 2917 me
946 2878 1028 2928 ipso
1046 2889 1115 2926 pro
1136 2876 1258 2913 lubitu
1281 2889 1365 2914 meo
1389 2876 1573 2926 quicquid
