1822 3219
623 129 692 166 DE
724 127 822 165 SUO
854 126 1074 165 REDITU.
1493 123 1560 158 117

131 233 302 286 jusmodi
322 239 410 270 sunt
429 231 502 270 hac
521 232 558 269 in
579 232 682 276 urbe,
707 230 769 280 qui
804 229 915 266 vitam
949 228 1145 265 videantur
1176 226 1276 263 haud
1310 224 1492 268 merituri,
1522 231 1565 260 ut

137 295 264 333 sinant
293 293 586 331 emolumentum
621 290 774 341 aliquod
801 288 848 326 ad
869 301 989 338 remp.
1011 300 1034 325 a
1065 300 1122 324 me
1155 286 1355 337 proficisci.
1413 284 1463 322 Hi
1497 284 1566 334 ipsi

135 355 289 406 quidem
308 355 433 406 capita
460 367 530 392 sua
561 351 729 404 periculo
756 364 830 388 non
859 349 998 388 audent
1016 348 1179 399 objicere
1200 360 1322 397 neque
1343 347 1565 383 sententiam

138 429 248 454 suam
275 415 323 454 de
353 414 632 454 conditionibus
666 413 814 452 arcanis
844 424 866 448 a
890 424 947 448 me
977 411 1014 448 in
1045 417 1176 448 senatu
1209 407 1410 460 propositis
1440 407 1565 456 palam

138 478 399 529 pronunciare,
418 489 496 514 suae
517 487 653 525 nempe
671 487 761 524 erga
782 486 845 511 vos
867 472 1141 510 malevolentiae
1162 471 1270 509 ulcus
1291 475 1501 507 metuentes
1521 481 1567 505 ne

101 537 104 546 ’
140 539 195 577 sic
213 538 448 580 denudetur;
480 536 546 574 sed
567 535 658 573 alios
678 535 884 572 immittunt
914 533 1130 584 hujusmodi
1162 532 1349 576 homines,
1368 529 1446 580 qui,
1466 528 1569 578 quod

137 600 284 638 dudum
302 600 495 636 insuevere
516 596 774 647 impudentiae,
792 595 1009 645 aequissimo
1024 593 1160 638 animo,
1180 606 1265 643 quae
1284 591 1320 628 in
1343 591 1436 628 alios
1454 589 1570 626 intor-

137 668 257 712 quent
275 660 413 711 probra
432 658 662 710 turpissima,
682 657 815 695 eadem
844 657 882 693 in
912 669 951 693 se
970 662 1112 693 retorta
1130 654 1267 691 ferunt.
1324 652 1457 690 Solum
1476 651 1514 688 id
1534 651 1571 687 in

137 733 266 760 eorum
292 720 526 758 orationibus
558 719 769 757 inveniatur
797 717 1081 768 quodammodo
1113 715 1308 767 plausibile
1335 721 1373 752 et
1391 714 1568 758 solidum,

135 795 210 833 quo
230 782 364 827 fidunt,
384 788 425 818 ut
454 793 680 831 quocunque
700 780 785 817 loco
815 793 917 817 meas
947 778 1037 816 mihi
1066 778 1301 816 calamitates
1330 777 1572 827 exprobrent,

134 844 245 894 quasi
262 856 329 881 vos
359 856 423 880 eas
458 842 655 893 ignoretis,
676 842 740 893 qui
766 841 900 879 melius
933 841 1047 877 etiam
1075 838 1194 876 nostis
1226 851 1339 888 quam
1375 837 1467 888 ipsi:
1496 849 1573 886 quo

135 905 191 948 fit,
210 911 252 942 ut
279 905 331 942 nil
358 905 536 955 cuiquam
569 917 697 941 causae
731 903 791 948 sit,
812 916 879 940 cur
911 902 1068 953 gratiam
1099 901 1179 952 ejus
1212 900 1264 938 rei
1298 899 1389 950 ipsis
1421 899 1573 936 habeat.

137 965 232 1003 Mihi
258 978 358 1012 vero,
379 966 460 1011 viri,
482 966 698 1017 quicunque
719 965 801 1010 fuit,
822 964 885 1015 qui
906 964 1047 1014 primus
1080 962 1187 1008 dixit,
1207 969 1308 999 recte
1328 968 1365 998 et
1385 960 1575 1011 sapienter

134 1028 164 1066 is
185 1027 326 1067 dixisse
346 1028 510 1073 videtur,
532 1040 663 1064 omnes
684 1026 856 1063 homines
887 1033 965 1063 tum
994 1025 1042 1062 ad
1072 1037 1292 1074 prosperam
1321 1029 1399 1059 tum
1428 1022 1477 1059 ad
1505 1022 1573 1059 ad·

134 1103 284 1127 versam
302 1090 491 1127 fortunam
511 1089 638 1126 nasci:
673 1095 732 1125 est
751 1096 877 1125 autem
899 1100 1000 1124 error
1019 1087 1056 1123 in
1077 1085 1270 1136 capiendis
1292 1083 1459 1122 consiliis
1481 1090 1518 1121 et
1537 1083 1573 1120 in

135 1152 250 1188 rebus
288 1151 464 1200 gerendis
496 1150 533 1187 in
569 1150 770 1199 generibus
803 1149 972 1186 adversae
1001 1148 1163 1185 fortunae
1194 1146 1418 1197 praecipuis3
1461 1151 1574 1194 atque

135 1219 226 1250 sunt
243 1212 447 1251 felicissimi
476 1211 628 1261 quidem
655 1211 706 1256 hi,
726 1211 863 1260 quibus
894 1222 1007 1259 quam
1042 1208 1227 1245 rarissime
1261 1206 1460 1254 contingat
1484 1205 1574 1250 labi,

133 1273 411 1324 prudentissimi
432 1279 558 1310 autem
578 1271 655 1321 qni,
684 1277 884 1321 perspecto
905 1269 1072 1319 protinus
1092 1281 1228 1312 errore,
1248 1279 1360 1317 quam
1393 1266 1575 1303 citissima

134 1334 324 1372 ducantur
361 1332 586 1385 poenitentia
616 1340 655 1370 et
691 1345 713 1369 a
749 1332 856 1382 lapsu
894 1343 1006 1381 quam
1042 1328 1321 1380 promptissime
1358 1334 1574 1378 resurgant.

135 1396 358 1434 Communis
373 1395 458 1433 haec
479 1403 537 1432 est
556 1394 618 1432 lex
638 1393 897 1438 humanitatis,
917 1406 939 1429 a
958 1405 1034 1442 qua
1055 1405 1164 1429 nemo
1183 1395 1383 1440 exemptus
1396 1396 1450 1426 est
1468 1405 1477 1433 ;
1507 1388 1574 1426 sed

134 1456 250 1494 fatale
270 1457 443 1494 omnibus
464 1456 617 1494 omnino
638 1462 707 1501 est,
729 1462 769 1492 ut
799 1455 924 1505 aliqua
955 1454 992 1490 in
1020 1466 1059 1490 re
1090 1453 1266 1490 labantur
1285 1457 1323 1488 et
1343 1450 1465 1488 miseri
1485 1450 1573 1487 sint.

137 1518 390 1569 Quapropter,
412 1517 678 1562 Athenienses,
699 1516 746 1554 de
766 1529 825 1553 me
846 1516 876 1553 si
896 1514 1107 1552 humaniter
1137 1512 1327 1556 statuatis,
1358 1511 1577 1549 habeamini

134 1579 353 1630 aequiores.v
390 1579 470 1616 Res
489 1578 589 1616 enim
611 1591 706 1615 meae
725 1584 814 1615 sunt
831 1576 1032 1627 ejusmodi,
1054 1582 1095 1612 ut
1113 1575 1261 1625 aequius
1281 1574 1339 1619 sit,
1358 1586 1426 1610 vos
1446 1586 1574 1610 earum

132 1640 460 1679 commiseratione
485 1639 588 1683 duci,
609 1652 723 1689 quam
745 1638 788 1676 iis
809 1637 1002 1675 invidere:
1033 1644 1109 1674 tam
1131 1636 1234 1673 iratis
1261 1634 1360 1673 enim
1389 1647 1473 1671 sum
1502 1634 1572 1672 diis

135 1715 230 1739 usus
249 1709 288 1740 et
308 1701 358 1739 ad
378 1701 414 1738 id
437 1701 570 1739 deveni
589 1700 702 1738 sortis
721 1699 906 1744 adversae,
929 1698 1005 1736 sive
1024 1698 1063 1735 id
1076 1697 1268 1749 juventuti
1296 1703 1409 1747 atque
1435 1695 1576 1746 impru-

135 1763 274 1801 dentiae
294 1776 388 1801 meae
407 1762 651 1800 tribuendum
672 1767 743 1807 est,
764 1761 844 1799 sive
876 1761 1058 1811 potentiae
1090 1773 1220 1797 eorum
1255 1759 1319 1810 qui
1348 1757 1576 1796 cohortatio-

133 1824 245 1862 nibus
261 1825 336 1862 suis
356 1824 404 1862 ad
423 1824 534 1862 istam
555 1837 612 1861 me
631 1823 862 1860 dementiam
882 1821 1104 1872 adegerunt,
1121 1828 1164 1859 ut
1181 1821 1306 1858 facere
1325 1833 1401 1858 non
1422 1833 1575 1870 possem

133 1886 335 1935 quominus
366 1886 462 1923 inter
491 1885 568 1922 duo
600 1885 713 1931 mala,
734 1884 915 1921 malorum
950 1884 1117 1921 omnium
1148 1882 1346 1933 palmaria,
1381 1888 1574 1932 optarem:

133 1953 303 1984 auctores
321 1948 420 1984 enim
441 1947 597 1984 istorum
618 1946 825 1984 facinorum
846 1946 877 1983 si
896 1945 1057 1996 prodere
1079 1945 1234 1990 nollem,
1249 1957 1324 1981 non
1345 1944 1392 1981 de
1414 1956 1472 1981 me
1493 1944 1574 1981 solo

134 2007 383 2057 periclitabar,
413 2007 527 2045 fatale
563 2007 669 2057 quid,
701 2009 929 2044 necessitate
965 2007 1019 2044 ita
1052 2007 1211 2052 ferente,
1239 2005 1331 2056 pati,
1364 2005 1431 2042 sed
1462 2005 1575 2042 etiam

133 2075 278 2118 patrem
308 2068 449 2106 nullius
476 2068 601 2119 culpae
631 2074 844 2106 consortem
874 2075 997 2105 metus
1029 2075 1110 2106 erat
1139 2080 1187 2104 ne
1214 2080 1290 2104 una
1309 2079 1457 2104 mecum
1479 2065 1574 2116 peri-

133 2141 274 2167 merem
289 2152 340 2156 —
356 2129 627 2184 nomina-enim
646 2130 757 2167 edere
779 2142 837 2166 me
865 2136 1077 2174 recusante,
1106 2137 1213 2180 pater
1246 2127 1412 2179 effugere
1446 2128 1575 2165 mortis

134 2190 398 2229 necessitatem
420 2190 526 2228 nullo
547 2190 660 2228 modo
679 2196 829 2241 poterat
844 2213 909 2235 —,
932 2204 978 2227 ex
999 2190 1118 2228 altera
1148 2196 1253 2240 parte
1275 2202 1353 2226 rem
1377 2195 1522 2240 gestam
1545 2189 1575 2226 si

132 2254 331 2305 aperirem,
350 2260 389 2291 et
407 2253 569 2304 ipsemet
590 2267 610 2291 e
632 2253 790 2291 vinculis
811 2253 973 2290 emissus
994 2252 1100 2290 salvo
1129 2266 1214 2290 cum
1248 2252 1382 2303 spiritu
1409 2251 1581 2297 abibam,

131 2323 169 2353 et
188 2315 373 2352 liberabat
392 2327 414 2352 a
433 2315 660 2353 necessitate
680 2315 795 2352 caedis
818 2315 853 2351 in
874 2323 981 2364 patre
1002 2327 1087 2351 meo
1106 2315 1282 2352 meismet
1313 2313 1487 2351 manibus
1508 2326 1575 2363 pa-

132 2376 292 2414 trandae.
337 2376 484 2426 Ecquid
506 2383 630 2413 autem
645 2382 716 2419 est,
734 2376 838 2426 quod
857 2382 898 2413 tu
919 2389 995 2413 non
1016 2376 1140 2413 subire
1161 2382 1276 2425 atque
1297 2374 1435 2412 audere
1453 2374 1575 2420 malis,

131 2451 243 2488 quam
260 2444 405 2488 patrem
425 2437 598 2474 occidere
613 2436 629 2473 ’ξ
671 2437 754 2487 Ego
774 2438 915 2486 itaque,
935 2450 1002 2488 pro
1020 2450 1057 2474 re
1078 2444 1180 2483 nata,
1197 2435 1452 2474 conditionem
1469 2443 1577 2486 opta-

128 2500 217 2539 bam
243 2512 342 2545 eam,
360 2512 447 2550 quae
467 2498 557 2536 mihi
578 2498 731 2549 quidem
763 2511 939 2536 moerores
971 2505 1085 2550 atque
1122 2498 1315 2536 molestias
1345 2499 1393 2536 ad
1428 2505 1574 2547 tempus

131 2572 244 2609 quam
264 2561 526 2610 longissimum
547 2567 628 2598 erat
645 2559 818 2605 allatura,
838 2560 944 2598 vobis
965 2568 1091 2598 autem
1111 2560 1213 2606 mali,
1231 2572 1307 2610 quo
1326 2566 1404 2596 tum
1425 2571 1573 2609 preme-

132 2619 284 2667 bamini,
297 2621 560 2672 depulsionem
579 2633 693 2672 quam
713 2621 947 2659 citissimam.
995 2621 1266 2660 Recordamini
1286 2619 1414 2665 modo,
1430 2628 1573 2669 quanto

133 2679 172 2717 in
190 2680 406 2720 discrimine
425 2689 505 2720 tum
524 2682 664 2720 versati
695 2682 777 2720 sitis
807 2690 1023 2733 quantaque
1055 2681 1249 2721 constricti
1270 2679 1517 2731 perplexitate
1539 2689 1576 2718 et

134 2742 375 2780 consiliorum
405 2744 545 2796 inopia,
565 2752 604 2782 et
623 2757 736 2796 quam
757 2744 1001 2783 vehementer
1021 2742 1295 2795 trepidaveritis
1329 2741 1477 2793 ipsique
1510 2756 1576 2781 vos

135 2809 267 2840 mutuo
289 2803 568 2852 exhorrueritis,
585 2813 628 2844 ut
646 2806 706 2844 vel
726 2805 761 2843 in
783 2806 904 2843 forum
933 2806 1082 2857 prodire
1100 2803 1386 2848 cunctaremini,
1409 2817 1578 2855 unoquo-

135 2875 208 2914 que
228 2870 435 2910 metuente,
449 2878 497 2903 ne
516 2867 761 2918 corriperetur
781 2873 820 2905 et
838 2867 875 2905 in
897 2866 1048 2905 vincula
1079 2866 1244 2904 daretur.
1302 2865 1398 2908 Quae
1419 2865 1517 2903 mala
1537 2873 1594 2906 ut·
