1822 3219
671 540 1039 593 LYSIAE

351 675 717 723 CONTRA
776 674 1355 722 ALCIBIADEM

508 795 582 832 OB
614 793 717 831 DES
727 794 910 831 ERTAM
943 794 1196 831 MILITIAM

725 887 969 929 ORATIO.

188 1071 233 1107 1μ
254 1069 355 1106 Cum
375 1080 442 1104 vos
461 1079 567 1117 rogo,
580 1066 748 1117 judices,
763 1073 806 1103 ut
826 1078 872 1103 ex
891 1078 1004 1115 aequo
1022 1073 1060 1104 et
1081 1079 1170 1104 vero
1190 1066 1468 1117 pronuncietis,
1484 1073 1567 1104 tum

123 1137 320 1178 *strategos
344 1140 424 1173 oro,
443 1134 498 1172 ut,
519 1126 842 1176 quemadmodum
867 1126 905 1162 in
932 1126 1034 1163 omni
1060 1127 1209 1177 reliqua
1239 1127 1481 1176 magistratus
1511 1127 1571 1164 sui

123 1190 325 1228 functione
345 1188 482 1237 dignos
502 1199 544 1225 se
563 1187 637 1224 fide
653 1187 832 1236 famaque
851 1186 944 1236 reip.
960 1194 1175 1236 gesserunt,
1188 1186 1243 1224 ita
1258 1187 1373 1224 etiam
1392 1187 1428 1223 in
1443 1186 1570 1224 causis

122 1252 350 1299 ἀστρατείας
371 1248 426 1297 [h.
445 1260 479 1284 e.
501 1246 684 1284 absentiae
704 1259 727 1283 a
745 1245 897 1293 castris]
919 1258 1051 1294 aequos
1075 1258 1117 1283 se
1142 1257 1442 1295 communesque
1470 1245 1572 1296 parti

122 1309 357 1359 litigantium
382 1308 532 1355 utrique
557 1308 768 1356 praebeant,
787 1305 1009 1354 neutiquam
1029 1317 1133 1351 vero,
1149 1306 1258 1343 alteri
1279 1306 1376 1355 parti
1397 1306 1435 1342 in
1455 1318 1572 1355 quam

127 1367 390 1419 propendeant
407 1366 530 1416 magis
551 1365 824 1410 succurrendo,
843 1371 1030 1402 conentur
1055 1364 1159 1402 omni
1183 1377 1385 1402 nervorum
1412 1371 1572 1402 conten-

127 1429 229 1467 tione
250 1426 478 1464 sententiam
498 1438 610 1474 aequo
629 1425 705 1475 juri
726 1425 992 1462 adversantem
1012 1424 1120 1461 vobis
1146 1432 1372 1474 extorquere
1389 1437 1398 1466 ;
1427 1424 1492 1473 qui
1512 1436 1571 1461 re-

120 1496 260 1540 putare
274 1487 470 1525 vobiscum
483 1485 668 1530 debeatis,
686 1497 801 1534 quam
816 1484 980 1534 graviter
1000 1482 1080 1521 sitis
1100 1483 1223 1529 laturi,
1240 1485 1271 1521 si
1285 1484 1571 1521 Thesmothetae

124 1550 164 1587 in
177 1562 296 1587 censu
310 1554 437 1585 vestro
455 1548 556 1596 [cum
572 1545 795 1583 scrutinium
811 1557 959 1581 morum
971 1551 1185 1581 vestrorum
1202 1544 1307 1581 vobis
1324 1551 1383 1582 est
1402 1544 1569 1581 toleran-

125 1609 234 1657 dum]
248 1609 285 1645 in
300 1608 402 1644 hunc
418 1613 645 1656 suggestum
664 1604 919 1649 adscendant,
933 1611 1047 1654 atque
1063 1603 1151 1641 inde
1171 1605 1286 1641 verba
1305 1604 1490 1642 facientes
1505 1616 1571 1641 vos

125 1676 249 1718 orent,
267 1675 310 1705 ut
334 1679 434 1717 quos
462 1666 531 1716 ipsi
558 1665 755 1703 absolutos
780 1665 909 1709 velint,
935 1664 1090 1702 eosdem
1109 1676 1178 1701 vos
1199 1676 1352 1714 quoque
1372 1665 1569 1702 absolvere

124 1730 269 1768 velitis:
299 1726 519 1778 gravissime
540 1726 670 1775 utique
690 1725 804 1763 laturi
823 1724 915 1762 mihi
933 1724 1122 1769 videmini,
1145 1724 1191 1770 si,
1210 1725 1274 1773 qui
1294 1725 1454 1774 strategi
1472 1737 1566 1761 con-

125 1789 373 1829 certationem
388 1787 486 1824 inter
506 1792 768 1824 accusatorem
788 1798 969 1835 reumque
983 1785 1265 1822 commisissent
1279 1793 1393 1834 atque
1411 1785 1570 1823 tabellas

123 1854 220 1890 inter
232 1850 383 1902 judices
399 1847 694 1892 distribuissent,
707 1846 820 1884 iidem
833 1846 991 1896 strategi
1005 1846 1112 1883 vobis
1128 1846 1193 1896 qui
1205 1846 1358 1897 judices
1371 1847 1461 1884 estis
1474 1860 1570 1896 prae-

124 1913 289 1951 scribere
310 1908 526 1947 sustineant
545 1914 586 1944 ut
604 1907 820 1944 absolvatis.
863 1907 987 1956 Ecqui
1003 1919 1083 1944 mos
1105 1907 1203 1944 alius
1224 1908 1274 1944 sit
1288 1908 1446 1957 turpior,
1462 1908 1568 1957 quod

124 1972 343 2010 institutum
362 1970 454 2020 reip.
476 1967 682 2012 exitiosius,
704 1979 818 2016 quarn
840 1966 870 2004 si
887 1967 1029 2004 archon
1049 1967 1087 2004 in
1107 1967 1232 2005 causis
1248 1967 1436 2017 virginum
1456 1969 1567 2006 orba-

125 2046 208 2070 rum
228 2031 427 2074 nubilium,
449 2042 537 2079 quae
556 2027 713 2065 heredes
741 2027 816 2064 sint
839 2027 1152 2078 patrimoniorum
1171 2040 1193 2065 a
1210 2028 1382 2077 patribus
1408 2028 1565 2074 relictae,

117 2093 272 2143 judices
289 2097 399 2140 roget
412 2089 569 2126 utlitem
591 2087 804 2125 secundum
821 2087 940 2138 ipsius
961 2087 1158 2125 arbitrium
1179 2087 1300 2124 dent?
1329 2094 1396 2125 aut
1415 2088 1445 2125 si
1464 2089 1568 2138 pole-

121 2153 300 2190 marchus
319 2159 358 2188 et
377 2148 626 2188 undecimviri
647 2161 771 2186 rerum
791 2148 1012 2198 capitalium
1037 2148 1076 2185 id
1096 2148 1198 2186 idem
1217 2148 1362 2186 faciant
1380 2150 1419 2186 in
1440 2150 1566 2188 causis

122 2214 168 2250 ad
201 2213 324 2249 forum
353 2211 523 2260 ipsorum
553 2208 858 2259 pertinentibus?
898 2208 985 2246 Pari
1016 2208 1130 2245 modo
1151 2221 1307 2258 aequum
1336 2217 1393 2246 est
1424 2210 1462 2247 in
1491 2210 1566 2248 hac

123 2284 278 2322 quoque
297 2284 382 2320 quae
400 2282 505 2306 nunc
523 2268 648 2318 agitur
667 2281 796 2314 causa,
817 2274 1005 2318 strategos
1034 2268 1210 2314 liberum,
1230 2268 1334 2318 quod
1361 2282 1478 2319 penes
1498 2283 1567 2307 vos

119 2340 191 2376 est,
204 2331 389 2373 censendi
402 2330 466 2380 jus
481 2330 587 2367 vobis
600 2329 812 2378 relinquere
826 2341 949 2379 neque
961 2329 1243 2379 interponenda
1257 2330 1481 2367 auctoritate
1495 2343 1566 2367 sua

118 2392 225 2431 vobis
241 2392 475 2440 obstrepere.
505 2389 582 2426 Sed
599 2395 637 2425 et
648 2401 715 2425 vos
728 2388 851 2433 decet,
869 2388 1038 2437 judices,
1051 2389 1131 2438 pari
1144 2401 1232 2426 cum
1248 2389 1430 2438 aequitate
1448 2397 1564 2438 atque

75 2481 81 2485 -
118 2450 372 2490 sanctimonia
388 2449 461 2486 hac
480 2448 520 2484 in
535 2459 655 2485 causa
674 2447 926 2496 disceptanda
944 2447 1100 2492 versari,
1119 2455 1354 2498 reputantes,
1368 2460 1475 2497 aeque
1496 2461 1564 2496 pa-

117 2524 201 2549 rum
215 2511 350 2548 decere
361 2515 527 2547 vestram
540 2519 744 2558 personam
759 2507 851 2543 utin
863 2509 989 2544 causis
1002 2520 1078 2544 non
1092 2509 1206 2545 obitae
1223 2508 1367 2544 militiae
1384 2507 1562 2556 cuiquam

117 2572 354 2622 peculiariter
374 2570 548 2614 faveatis,
569 2575 684 2618 atque
701 2574 889 2617 strategos
909 2568 1022 2606 decet
1050 2582 1117 2619 pro
1143 2581 1336 2619 quoquam
1366 2568 1466 2617 apud
1494 2581 1562 2605 vos

112 2631 366 2676 intercedere,
379 2644 444 2668 eos
463 2643 600 2680 nempe
622 2635 824 2678 strategos,
845 2629 908 2678 qui
926 2642 1013 2666 cum
1032 2629 1180 2666 tabellis
1200 2641 1296 2677 quas
1318 2627 1424 2665 vobis
1445 2628 1561 2665 tradi-

117 2691 253 2728 derunt
269 2703 346 2727 una
364 2703 515 2740 quoque
535 2690 695 2727 liberum
717 2689 923 2726 arbitrandi
937 2689 1001 2739 jus
1017 2690 1242 2726 tribuerunt.

168 2752 206 2787 2.
233 2749 370 2786 Videte
387 2762 502 2795 nunc,
515 2749 682 2799 judices,
703 2747 809 2785 sitne·
820 2748 894 2786 hoc
914 2748 1020 2798 quod
1037 2760 1141 2785 nunc
1159 2747 1347 2797 proferam
1369 2748 1461 2784 satis
1477 2747 1560 2786 ido-

109 2823 230 2848 neum
259 2809 549 2853 documentum,
571 2810 672 2846 unde
700 2816 861 2857 constet,
882 2816 1074 2858 strategos
1095 2807 1261 2853 eosdem,
1283 2808 1344 2858 qui
1371 2821 1474 2845 nune
1491 2821 1561 2859 pro
