1822 3219
204 171 280 207 :334
536 168 703 205 LYSIAE
733 168 954 206 CONTRA
987 169 1318 206 EPlCRA'rEM.

196 282 396 322 poenarum
427 270 605 308 insectati
639 270 733 308 sitis.
791 271 878 308 Jam
900 284 990 308 vero
1025 271 1168 308 civitati
1200 284 1246 309 ea
1274 284 1381 309 mens
1410 280 1484 317 est,
1513 279 1555 311 ut
1581 288 1657 312 non

196 331 360 382 amplius
380 332 429 368 ob
449 331 616 382 praedas,
637 345 733 382 quas
754 332 792 369 lii
813 332 959 382 publici
985 332 1152 369 latrones
1173 345 1193 370 e
1215 333 1368 382 publico
1388 340 1513 371 vestro
1540 336 1656 384 patri-

196 392 325 429 monio
353 400 486 442 agunt,
516 393 802 440 succenseatis;
843 393 911 430 sed
943 393 1175 430 minutarum
1208 394 1486 438 buccellarum,
1507 407 1600 445 quas
1619 394 1660 431 hi

196 453 303 490 vobis
319 452 367 490 de
383 454 525 504 rapinis
544 455 621 491 suis
638 454 838 504 objiciunt,
856 454 1016 503 gratiam
1034 453 1127 504 ipsis
1143 454 1333 499 habeatis,
1348 456 1457 504 quasi
1472 468 1536 492 vos
1556 455 1660 506 ipso-

196 527 278 551 rum
306 515 386 552 sitis
414 517 649 561 mercenarii,
669 529 745 553 non
775 515 846 566 ipsi
865 522 993 552 vestra
1021 515 1207 552 furentur.
1265 515 1449 552 Omnium
1469 516 1573 566 quod
1601 523 1662 553 est

194 575 508 613 immanissimum
535 583 653 626 atque
678 576 1004 626 indignissimum,
1024 575 1061 611 in
1083 588 1121 613 re
1141 589 1212 612 sua
1233 577 1380 625 privata
1407 590 1495 614 cum
1522 578 1658 615 fraude

195 636 376 687 quapiam
413 637 665 674 circumventi
704 643 807 681 sunt,
843 636 996 686 plorant
1028 643 1067 673 et
1100 637 1333 685 quiritantur
1368 637 1658 680 miserabiliter:

193 696 389 747 publicam
409 703 536 734 autem
558 710 638 734 rem
658 696 933 747 depeculantes
954 695 1216 733 conditionem
1247 696 1476 734 assimulant
1502 696 1661 734 misera-

194 758 325 803 bilem,
359 771 435 808 quo
468 766 636 796 vestram
666 759 794 795 cieant
823 757 1209 804 commiserationem,
1243 764 1283 795 et
1313 770 1398 802 VOS,
1428 759 1492 808 qui
1527 771 1658 796 eorum

194 818 330 855 fraude
343 818 595 856 circumventi
617 826 733 867 atque
751 818 918 855 emuncti
938 819 1044 863 estis,
1061 819 1394 857 commiseratione
1420 819 1510 856 moti
1535 820 1658 870 impo-

196 879 361 916 storibus
382 885 421 916 et
440 879 586 916 furibus
607 879 744 916 vestris
765 878 980 928 ignoscitis.

251 941 288 976 3.
318 939 510 978 Videntur·
532 940 647 987 idem,
668 940 775 990 quod
803 946 919 977 antea
945 952 1045 990 saepe
1076 940 1267 986 fecerunt,
1288 954 1392 980 nunc
1420 955 1575 992 quoque
1600 942 1659 980 fa-

195 1000 295 1038 cturi
318 1001 574 1051 municipales
603 1008 719 1050 atque
749 1001 859 1038 amici
885 1013 1032 1044 eorum,
1054 1007 1097 1037 ut
1115 1013 1202 1038 cum
1223 1002 1404 1053 lacrymis
1422 1015 1488 1040 eos
1508 1015 1532 1040 a
1550 1004 1658 1042 vobis

196 1068 370 1099 exorent.
426 1061 668 1105 Quibuscum
685 1073 759 1111 ego
771 1061 826 1098 sic
841 1061 904 1111 agi
919 1073 1060 1098 censeo
1076 1069 1267 1112 oportere.
1320 1063 1481 1101 Furtum
1497 1063 1529 1114 si
1544 1076 1661 1114 nega-

195 1123 293 1159 bunt
306 1122 360 1159 >ab
378 1121 436 1159 his
455 1122 721 1168 commissum,
736 1121 905 1160 docento
919 1121 1085 1173 primum
1107 1122 1178 1160 has
1200 1129 1354 1161 nostras
1375 1124 1658 1163 criminationes

198 1181 315 1220 falsas
328 1190 444 1233 atque
460 1183 664 1220 ementitas
677 1195 779 1229 esse,
794 1195 917 1233 eoque
931 1183 1035 1221 facto
1051 1182 1208 1220 demum
1221 1184 1330 1222 vobis
1345 1185 1579 1236 persuadere
1594 1198 1665 1225 cos

195 1250 334 1282 nautor
353 1251 399 1282 ut
416 1244 641 1282 absolvatis:
671 1244 729 1282 sin
750 1251 882 1282 autem
901 1244 990 1296 ipsi,
1010 1244 1276 1284 existimantes
1296 1246 1366 1284 hos
1386 1247 1502 1298 culpa
1519 1247 1657 1293 teneri,

194 1313 326 1344 tamen
345 1310 544 1344 exoratum
563 1319 631 1344 vos
652 1313 757 1352 eant,
779 1312 934 1345 constat
952 1319 1018 1345 eos
1037 1306 1186 1345 furibus
1202 1309 1338 1345 vestris
1358 1309 1483 1359 magis
1504 1309 1658 1347 studere

195 1380 313 1417 quam
323 1367 430 1405 vobis
439 1368 505 1418 qui
517 1367 608 1405 estis
620 1368 834 1419 compilati;
857 1374 1092 1419 quapropter
1105 1380 1181 1406 non
1195 1369 1333 1419 gratia,
1344 1369 1412 1407 sed
1427 1382 1541 1421 poena
1552 1369 1660 1420 digni

195 1435 297 1473 sunt,
311 1441 425 1478 quam
438 1427 599 1478 exsequi
614 1441 681 1466 vos
695 1428 733 1465 in
752 1429 812 1466 his
826 1441 941 1478 quam
957 1428 1121 1478 primum
1139 1429 1313 1478 poteritis
1326 1429 1454 1466 decet.
1499 1429 1660 1477 Verum,

194 1501 275 1527 non
289 1502 357 1527 vos
373 1489 502 1535 modo,
516 1489 588 1527 sed
602 1501 674 1527 nos
689 1501 846 1539 quoque
865 1489 1003 1526 horum
1018 1489 1083 1538 qui
1099 1502 1234 1526 sumus
1253 1495 1516 1535 accusatores,
1530 1496 1570 1528 et
1589 1503 1660 1529 nos

192 1550 256 1588 vel
275 1549 397 1601 magis
416 1550 544 1596 etiam,
558 1550 736 1595 orabunt,
752 1549 1018 1587 existimantes
1039 1562 1062 1586 a
1081 1550 1206 1596 nobis,
1221 1550 1334 1600 pauci
1350 1563 1512 1589 numero
1529 1551 1595 1602 qui
1609 1552 1659 1589 si-

196 1624 296 1657 mus,
308 1612 430 1649 multo
445 1611 596 1649 facilius
617 1611 822 1661 impetratu
838 1624 924 1648 esse
936 1618 980 1648 ut
994 1611 1279 1649 accusationem
1293 1612 1529 1658 omittamus,
1542 1624 1660 1662 quam

197 1688 219 1713 a
233 1682 358 1713 vestra
370 1674 618 1712 multitudine
632 1680 676 1711 ut
692 1673 914 1711 absolvatis.
972 1673 1140 1710 Facilius
1158 1674 1261 1710 enim
1275 1673 1337 1711 alii
1351 1673 1438 1724 jura
1451 1681 1491 1712 et
1504 1675 1661 1725 praemia

195 1743 323 1775 vestra
351 1736 589 1780 condonant,
610 1747 726 1785 quam
749 1747 814 1771 vos
843 1734 928 1785 ipsi.
987 1735 1070 1771 Nos
1097 1741 1223 1772 autem
1252 1735 1300 1771 ab
1327 1734 1386 1771 his
1414 1735 1551 1784 rogati,
1570 1748 1660 1773 cum

195 1797 432 1835 noluerimus
446 1797 537 1847 jura
551 1803 679 1833 vestra
697 1795 874 1846 prodere,
895 1807 1076 1845 rogamus
1097 1807 1164 1833 vos
1179 1807 1260 1832 rem
1281 1808 1445 1845 aequam,
1467 1802 1511 1833 ut
1526 1808 1573 1833 ne
1588 1796 1661 1847 ipsi

195 1859 352 1910 quidem
378 1857 564 1909 prodatis,
584 1857 846 1902 recordantes,
863 1869 982 1907 ,quarn
1010 1857 1091 1894 sitis
1117 1857 1155 1894 in
1184 1869 1254 1895 nos
1284 1857 1601 1905 animadversuri,
1621 1858 1661 1897 id

197 1920 304 1971 quod
330 1932 399 1970 par
427 1926 488 1956 est
513 1931 583 1956 vos
612 1919 738 1956 facere
765 1918 804 1954 in
830 1930 965 1955 omnes
992 1917 1115 1955 aerarii
1142 1914 1259 1955 vestri
1277 1917 1571 1968 depeculatores
1596 1932 1661 1957 ve-

197 1990 362 2033 straeque
384 1981 594 2031 majestatis
615 1980 786 2026 laesores,
806 1979 873 2017 ubi
893 1978 1222 2029 deprehenderitis
1242 1991 1312 2016 nos
1334 1979 1605 2030 praevaricatos
1624 1986 1664 2018 et

196 2045 335 2082 horum
353 2042 623 2093 largitionibus
650 2041 773 2079 victos
801 2047 869 2078 aut
896 2040 969 2078 alio
991 2053 1225 2090 quocunque
1244 2040 1361 2078 modo
1382 2040 1661 2079 reconciliatos.

198 2106 317 2156 Atqui
337 2104 369 2142 si
387 2103 426 2141 in
446 2103 756 2154 praevaricatores
777 2114 906 2140 severe
923 2100 1239 2147 animadvertitis,
1255 2114 1334 2139 non
1352 2114 1399 2139 ea
1418 2114 1497 2151 qua
1517 2114 1586 2152 par
1604 2108 1664 2140 est

197 2166 274 2204 fide
309 2172 426 2215 atque
464 2163 686 2202 constantia
723 2163 810 2200 lites
857 2169 1054 2213 occoeptas
1089 2168 1380 2212 prosequentes,
1419 2169 1567 2212 quanto
1604 2169 1663 2199 est

198 2227 347 2276 aequius
370 2239 438 2264 vos
471 2238 598 2276 neque
629 2225 809 2275 precibus
842 2236 967 2274 neque
1004 2222 1340 2261 commiseratione
1370 2223 1492 2261 victos
1525 2235 1661 2273 poenas

197 2287 306 2325 vobis
340 2287 492 2325 debitas
525 2299 548 2323 a
580 2285 827 2323 violatoribus
860 2284 1078 2335 patrimonii
1105 2283 1220 2321 vestri
1250 2290 1436 2333 repetere.
1506 2283 1664 2322 Conde-

199 2354 326 2385 mnate
356 2346 678 2398 itaque,judices,
697 2345 783 2392 hos,
802 2351 1051 2394 extremaque
1071 2344 1109 2381 in
1136 2357 1202 2382 eos
1236 2344 1431 2382 decernite
1459 2345 1662 2396 supplicia,

200 2422 339 2460 neque,
358 2408 462 2459 quod
490 2407 618 2446 adhuc
644 2407 772 2444 facere
799 2406 1067 2451 consuevistis,
1088 2405 1192 2442 idem
1219 2418 1324 2442 nunc
1349 2417 1506 2455 quoque
1533 2405 1660 2451 facite,

201 2477 243 2508 ut
272 2482 357 2508 reos
390 2469 592 2507 criminum
625 2467 935 2506 insimulatorum
969 2474 1146 2517 peractos
1178 2479 1266 2504 cum
1301 2465 1660 2511 condemnaveritis,

200 2539 281 2570 tum
307 2532 347 2569 in
378 2530 633 2569 aestimatione
664 2529 740 2566 litis
767 2529 849 2567 sine
882 2528 1028 2565 mulcta
1055 2528 1278 2572 dimittatis;
1316 2540 1393 2577 quo
1420 2527 1543 2577 magis
1572 2539 1661 2565 cum

201 2593 274 2631 reis
301 2592 518 2630 simultates
547 2589 777 2641 suscepturi,
803 2603 919 2639 quam
949 2601 1082 2639 poenas
1111 2589 1158 2626 ab
1180 2588 1224 2626 iis
1244 2587 1431 2638 sumpturi
1451 2587 1658 2631 videmini;

201 2654 310 2705 quasi
327 2654 368 2691 hi
387 2652 563 2691 homines
588 2651 780 2689 dedecore
808 2651 946 2700 magis,
965 2662 1082 2701 quam
1109 2649 1254 2687 mulcta
1280 2655 1531 2686 moveantur:
1561 2648 1676 2686 bene·

200 2716 303 2753 enim
322 2721 477 2760 norunt,
498 2713 534 2751 in
553 2711 744 2751 sententia
762 2711 918 2762 quidem
944 2710 1105 2748 ferenda
1123 2722 1191 2748 vos
1212 2708 1306 2746 nihil
1326 2708 1431 2746 aliud
1453 2721 1570 2758 quam
1589 2709 1673 2746 ob-³

194 2780 352 2826 jurgare
380 2788 445 2813 eos
472 2787 571 2825 quos
598 2772 889 2821 condemnatis3
918 2772 957 2809 in
984 2772 1240 2809 aestimatione
1265 2783 1390 2822 poenae
1409 2783 1514 2814 vero,
1535 2769 1662 2821 virgas

201 2838 313 2889 quasi
342 2850 409 2875 vos
438 2836 619 2887 expedire
645 2847 878 2885 securesque
906 2833 944 2870 in
969 2840 1123 2883 tergora
1147 2832 1391 2882 cervicesque
1420 2844 1570 2878 eorum,
1598 2831 1664 2882 qui

201 2898 402 2949 vectigalia
422 2904 550 2936 vestra
569 2903 736 2949 carpunt
753 2903 791 2934 et
806 2895 897 2945 jura
916 2894 1107 2932 minuunt.
1671 2902 1674 2904 ·
