1822 3219
241 180 312 215 126
805 182 1107 220 ANDOCIDIS

235 274 349 311 ctiam
375 275 451 322 hoc
481 276 592 314 licet:
623 284 738 327 pacta
766 285 957 315 conventa
987 277 1090 315 enim
1117 276 1333 314 civitatibus
1365 276 1574 313 libertatem
1596 274 1681 313 red·

237 334 348 380 dunt,
379 349 426 374 ex
452 337 530 375 suis
556 339 743 389 cujusque
773 339 920 389 legibus
952 346 990 376 et
1021 338 1206 375 institutis
1239 350 1321 375 rem
1345 337 1493 375 civilem
1520 336 1681 374 admini-

236 397 412 436 strandi..
452 400 507 436 At
525 399 612 438 ideo
630 408 758 438 tamen
772 400 902 450 utique
922 399 1129 444 bellemus,
1147 412 1222 450 quo
1239 399 1384 437 insulas
1400 410 1683 448 recuperemus,

236 455 423 495 Lemnum
449 465 488 497 et
517 460 679 510 Scyrum
696 468 750 498 ,et
783 460 983 498 Imbrum?
1037 462 1179 498 Annon
1207 462 1244 498 in
1273 460 1556 499 conditionibus
1575 459 1686 510 pacis

235 516 361 567 planis
381 525 421 557 et
443 522 637 570 expressis
656 520 782 558 verbis
803 527 960 558 cautum
980 527 1053 564 est,
1082 521 1152 559 has
1172 520 1464 559 Atheniensium
1483 519 1578 557 fore.
1633 519 1687 556 At

234 578 320 616 haec
341 579 506 630 denique
539 587 668 618 tamen
688 580 830 619 idonea
859 580 1028 619 bellandi
1048 594 1165 619 causa
1191 581 1273 626 erit,
1308 588 1351 618 ut
1371 579 1682 617 Cherrhonesum

236 646 465 690 nostrasque
495 641 546 679 ibi
576 641 749 680 colonias
774 649 814 679 et
839 642 1105 693 possessiones
1135 650 1174 680 et
1195 655 1272 680 aera
1294 641 1403 679 nobis
1425 639 1554 679 debita
1582 652 1688 677 recu-

235 701 444 751 peremus?
500 702 619 752 Atqui
649 715 712 740 rex
746 702 889 740 Persiae
925 703 1162 746 intercedet;
1198 701 1437 740 intercedent
1469 700 1558 737 item
1593 698 1687 737 socii

236 763 371 807 nostri,
390 763 471 801 sine
490 775 650 813 quorum
672 763 814 801 auxilio
840 763 915 801 ista
939 763 1109 802 obtinere
1135 764 1353 813 nequimus.
1411 762 1686 799 Verumtamen

236 822 458 860 bellandum
490 824 623 874 utique
654 824 850 875 tantisper,
882 823 1032 861 medius
1064 824 1192 870 fidius,
1214 824 1300 868 erit,
1340 823 1466 860 donec
1505 820 1685 858 Lacedae-

237 883 384 921 monios
403 896 610 934 eorumque
624 884 748 922 socios
769 883 1088 921 debellaverimus
1104 882 1119 919 ‘3
1174 883 1293 933 Atqui
1307 895 1384 920 non
1398 882 1578 919 videntur
1595 880 1686 917 mihi

235 955 293 980 eae
315 956 403 981 esse
423 944 545 995 copiae
563 952 719 990 nostrae,
745 957 872 994 neque
891 957 1015 982 rerum
1034 950 1249 982 nostrarum
1269 956 1315 981 ea
1334 943 1444 988 ratio,
1461 948 1505 979 ut
1519 941 1556 978 id
1575 941 1686 978 nobis

234 1002 349 1042 facile
368 1004 473 1041 factu
500 1005 561 1042 sit.
617 1006 670 1043 At
688 1006 750 1043 fac
768 1012 898 1043 tamen
918 1005 1073 1042 tandem
1093 1004 1289 1055 negotium
1308 1005 1382 1042 hoc
1402 1015 1581 1054 prospere
1599 1014 1687 1039 suc-

236 1062 376 1100 cedere
402 1071 442 1101 et
471 1076 522 1101 ex
554 1064 670 1102 animi
689 1065 808 1102 nostri
830 1065 1020 1102 sententia
1038 1065 1203 1108 confici3
1233 1076 1319 1114 quae
1346 1070 1427 1101 tum
1446 1063 1557 1112 nobis
1577 1068 1689 1099 erunt

237 1130 276 1161 et
323 1132 470 1173 quanta
513 1126 616 1163 mala
662 1139 685 1164 a
727 1126 899 1164 barbaris
944 1126 1164 1164 toleranda!
1235 1125 1446 1176 Fingamus
1473 1124 1571 1174 jam,
1615 1123 1691 1161 hoc

237 1185 342 1234 quod
371 1185 448 1222 dixi
474 1186 575 1224 bello
599 1199 685 1224 esse
715 1186 970 1237 propositum,
995 1186 1284 1237 depressionem
1313 1192 1352 1224 et
1375 1184 1689 1234 exstirpationem

238 1243 614 1284 Lacedaemoniorum
642 1247 717 1285 hoc
735 1247 840 1285 bello
868 1247 1031 1297 spectari
1065 1254 1103 1285 et
1133 1248 1264 1298 quaeri,
1294 1253 1438 1298 praesto
1467 1246 1578 1284 nobis
1604 1259 1690 1285 esse

238 1305 485 1355 pecuniarum
506 1306 609 1356 quod
631 1308 724 1345 satis
746 1308 808 1354 sit,
825 1308 987 1358 virisque
1008 1319 1077 1345 nos
1101 1307 1236 1345 florere
1257 1314 1296 1345 et
1313 1307 1531 1345 abundare:
1560 1313 1601 1344 at
1618 1318 1691 1356 ego

237 1372 366 1403 tamen
380 1366 440 1404 vel
458 1366 510 1405 sic
531 1380 680 1417 quoque
692 1368 913 1406 bellandum
930 1381 1016 1406 esse
1033 1380 1185 1418 negem.
1242 1367 1358 1411 Quod
1379 1368 1410 1405 si
1425 1373 1554 1405 autem
1567 1380 1691 1417 neque

239 1438 358 1464 causa
376 1427 548 1466 bellandi
560 1434 619 1466 est
630 1428 770 1466 idonea
780 1442 904 1479 neque
921 1429 987 1466 viri
1006 1434 1098 1466 sunt
1109 1440 1234 1479 neque
1247 1441 1352 1466 arma
1366 1441 1489 1478 neque
1503 1427 1693 1478 pecuniae,

238 1487 301 1536 qui
316 1487 398 1537 jam
419 1500 496 1525 non
514 1489 585 1526 erit
600 1489 710 1526 nobis
726 1502 802 1540 pax
821 1490 924 1527 omni
940 1496 1056 1539 pacto
1074 1488 1271 1527 ineunda?

292 1549 332 1583 4.
364 1548 490 1587 Etiam
507 1548 594 1594 hoc,
615 1549 883 1596 Athenienses,
911 1550 1087 1588 meditari
1102 1563 1170 1588 vos
1187 1550 1317 1592 velim,
1337 1550 1399 1600 agi
1418 1563 1522 1588 nunc
1541 1563 1565 1588 a
1583 1550 1692 1589 vobis

237 1607 312 1645 hoc
342 1615 382 1645 et
403 1609 539 1659 quaeri,
560 1618 603 1647 ut
621 1603 763 1660 pacem¹
787 1611 1078 1661 libertatemque
1105 1612 1254 1649 cunctis
1276 1611 1423 1650 Graecis
1448 1625 1693 1650 communem

237 1668 405 1718 pariatis,
437 1683 638 1720 rerumque
663 1678 779 1720 atque
805 1671 950 1722 jurium
977 1672 1285 1710 communionem
1313 1672 1482 1710 omnium
1515 1673 1693 1711 omnibus

236 1729 464 1780 impertiatis
480 1744 489 1768 ε
520 1732 627 1781 atqui
645 1731 719 1769 hoc
735 1739 800 1769 aut
819 1745 888 1782 per
906 1745 1041 1782 pacem
1054 1733 1169 1777 hanc,
1184 1741 1251 1770 aut
1270 1732 1343 1770 alio
1358 1733 1463 1771 nullo
1479 1740 1606 1784 pacto,
1625 1735 1694 1771 ob-

238 1789 420 1828 tinebitis.
478 1791 708 1841 Recogitate
738 1791 867 1838 modo,
886 1792 1058 1830 civitates
1087 1793 1274 1843 primariae
1303 1805 1379 1842 quo
1407 1801 1519 1843 pacto
1548 1793 1695 1830 bellum

238 1863 470 1901 componere
490 1859 634 1902 paratae
654 1853 745 1889 sint.
804 1852 933 1889 Primo
949 1853 1036 1890 loco
1057 1853 1371 1891 Lacedaemonios
1389 1860 1582 1904 spectate:
1611 1853 1696 1891 bel·
1730 1856 1732 1861 “

238 1911 318 1948 lum
331 1911 370 1948 hi
392 1912 577 1950 adversus
592 1925 664 1950 nos
684 1912 884 1962 sociosque
904 1921 1057 1951 nostros
1071 1914 1313 1951 exordientes
1330 1914 1583 1965 principatum
1596 1921 1697 1953 terra

238 1972 410 2023 marique
435 1968 638 2016 tenebant;
669 1986 798 2010 verum
827 1973 931 2011 hunc
960 1975 1153 2024 geminum
1179 1975 1435 2025 principatum
1454 1975 1566 2012 iidem
1587 1988 1692 2013 nunc

237 2045 307 2082 per
327 2033 429 2070 hanc
449 2046 580 2083 pacem
603 2047 734 2072 rursus
755 2034 947 2080 amittunt,
960 2047 1038 2072 non
1057 2035 1181 2073 coacti
1202 2036 1317 2073 armis
1332 2036 1482 2082 vestris,
1503 2036 1572 2074 sed
1592 2036 1701 2074 liber-

242 2094 313 2132 tati
337 2095 528 2132 universae
550 2094 715 2132 Graeciae
740 2108 828 2132 eum
852 2095 1130 2133 condonantes.
1188 2096 1286 2133 Belli
1305 2096 1407 2134 enim
1423 2098 1589 2134 victores
1609 2103 1701 2134 sunt

239 2155 322 2193 sine
344 2156 619 2202 controversia,
636 2156 778 2206 quippe
797 2156 861 2206 qui
877 2157 996 2194 tribus
1010 2157 1149 2207 praeliis
1163 2157 1344 2194 vicerint:
1372 2158 1493 2207 primo
1506 2157 1572 2194 illo
1591 2157 1696 2207 apud

241 2216 485 2263 Corinthum,
504 2229 581 2266 quo
605 2216 732 2254 socios
752 2224 903 2254 nostros
923 2230 1056 2255 omnes
1078 2217 1117 2253 in
1137 2217 1249 2254 armis
1277 2224 1502 2267 praesentes,
1523 2217 1607 2255 sola
1625 2217 1697 2254 vir-

239 2282 322 2313 tute
343 2289 413 2313 sna
431 2276 699 2326 praepollentes
724 2276 919 2321 omnibus,
940 2277 994 2314 ita
1011 2276 1197 2321 vicerunt,
1218 2283 1261 2313 ut
1275 2277 1386 2314 victis
1406 2278 1696 2315 excusationem

239 2336 385 2373 nullam
422 2336 707 2386 relinquerent3
749 2350 882 2375 rursus
921 2337 1094 2382 Boeotos,
1125 2338 1224 2375 duce
1261 2338 1458 2388 Agesilao,
1487 2339 1571 2390 pari
1606 2352 1694 2377 cum

239 2396 361 2447 gloria
379 2396 526 2434 virtutis
546 2397 767 2435 excellentis
789 2404 905 2449 atque
926 2398 1030 2435 haud
1049 2404 1308 2436 controversae
1329 2399 1559 2445 vincebant;
1588 2400 1697 2437 tertio

238 2457 385 2507 praelio,
405 2457 514 2507 cujus
530 2457 656 2495 exitus
677 2458 707 2495 is
726 2458 814 2503 suit,
835 2466 876 2495 ut
893 2459 1179 2497 Lacedaemonii
1196 2459 1361 2497 Lechaeo
1382 2461 1609 2510 potirentur,
1623 2460 1694 2497 Ar-

241 2518 351 2568 givos
368 2517 524 2567 quidem
539 2525 700 2556 cunctos
719 2526 955 2569 cunctosque
971 2520 1206 2567 Corinthios,
1219 2527 1435 2558 nostrarum
1449 2527 1575 2558 autem
1589 2521 1696 2570 copi-

242 2592 348 2616 arum
365 2578 697 2629 Boeoticarumque
717 2592 800 2617 eam
818 2581 1060 2619 solummodo
1078 2591 1225 2632 partem
1239 2581 1444 2619 vincebant
1456 2595 1543 2631 quae
1554 2589 1635 2619 tum
1656 2582 1695 2619 in

240 2640 376 2678 castris
397 2640 543 2677 aderat.
602 2640 673 2677 His
705 2642 821 2678 tantis
849 2642 961 2679 editis
989 2642 1237 2687 facinoribus,
1263 2642 1300 2678 in
1322 2642 1436 2679 armis
1456 2643 1695 2692 prevalentes

240 2699 524 2737 Lacedaemonii
554 2700 720 2750 bellique
742 2701 906 2738 victores
936 2714 1072 2751 pacem
1105 2709 1233 2739 tamen
1251 2702 1448 2739 vobiscum
1475 2703 1568 2740 inire
1598 2704 1695 2741 nihi-

240 2762 407 2798 lominus
429 2763 550 2811 parati
578 2770 667 2799 sunt
698 2762 757 2798 his
788 2762 950 2811 legibus,
972 2771 1015 2800 ut
1040 2763 1222 2801 ditionem
1242 2776 1349 2800 suam
1374 2763 1477 2801 illam
1498 2765 1697 2814 pristinam

244 2823 387 2860 salvam
410 2831 606 2874 tutamque
633 2825 803 2862 habeant
829 2831 997 2868 teneant,
1020 2833 1062 2860 ut
1089 2824 1245 2873 reliquae
1267 2824 1440 2862 civitates
1464 2825 1619 2872 ‚Graecae
1639 2826 1697 2868 sui

235 2885 333 2933 juris
354 2897 507 2934 sumque
532 2887 678 2936 spontis
694 2886 782 2931 sint,
801 2892 843 2923 ut
863 2898 964 2923 mare
986 2885 1151 2934 denique
1169 2885 1239 2923 sibi
1256 2885 1460 2924 victoribus
1481 2900 1567 2925 cum
1588 2887 1698 2925 victis
