<?xml version="1.0" encoding="UTF-8"?>
<!DOCTYPE html PUBLIC "-//W3C//DTD XHTML 1.0 Transitional//EN"
    "http://www.w3.org/TR/xhtml1/DTD/xhtml1-transitional.dtd">
<html xmlns="http://www.w3.org/1999/xhtml" xml:lang="en" lang="en">
 <head>
  <title>
</title>
<meta http-equiv="Content-Type" content="text/html;charset=utf-8" />
  <meta name='ocr-system' content='tesseract 3.04.00' />
  <meta name='ocr-capabilities' content='ocr_page ocr_carea ocr_par ocr_line ocrx_word'/>
</head>
<body>
  <div class='ocr_page' id='page_1' title='image "./oratoresatticie13dobs_0199.png"; bbox 0 0 1822 3219; ppageno 0'>
   <div class='ocr_carea' id='block_1_1' title="bbox 522 102 1575 141">
    <p class='ocr_par' dir='ltr' id='par_1_1' title="bbox 522 102 1575 141">
     <span class='ocr_line' id='line_1_1' title="bbox 522 102 1575 141; baseline -0.002 0"><span class='ocrx_word' id='word_1_1' title='bbox 522 103 747 141; x_wconf 86' lang='lat' dir='ltr'><strong>CONTRA</strong></span> <span class='ocrx_word' id='word_1_2' title='bbox 777 102 1129 140; x_wconf 87' lang='lat' dir='ltr'>ANDOCIDEM.</span> <span class='ocrx_word' id='word_1_3' title='bbox 1502 103 1575 140; x_wconf 90' lang='lat'>187</span> 
     </span>
    </p>
   </div>
   <div class='ocr_carea' id='block_1_2' title="bbox 99 203 1584 2899">
    <p class='ocr_par' dir='ltr' id='par_1_2' title="bbox 117 203 1581 930">
     <span class='ocr_line' id='line_1_2' title="bbox 119 203 1577 256; baseline -0.003 -12"><span class='ocrx_word' id='word_1_4' title='bbox 119 210 293 256; x_wconf 84' lang='lat' dir='ltr'>egentes,</span> <span class='ocrx_word' id='word_1_5' title='bbox 307 217 461 256; x_wconf 81' lang='lat' dir='ltr'>operam</span> <span class='ocrx_word' id='word_1_6' title='bbox 478 205 714 243; x_wconf 82' lang='lat' dir='ltr'>dedissemus</span> <span class='ocrx_word' id='word_1_7' title='bbox 730 210 773 242; x_wconf 86' lang='lat' dir='ltr'>ut</span> <span class='ocrx_word' id='word_1_8' title='bbox 786 203 945 242; x_wconf 86' lang='lat' dir='ltr'>crimina</span> <span class='ocrx_word' id='word_1_9' title='bbox 960 204 994 253; x_wconf 87' lang='lat' dir='ltr'>ej</span> <span class='ocrx_word' id='word_1_10' title='bbox 1002 215 1043 240; x_wconf 92' lang='lat' dir='ltr'>us</span> <span class='ocrx_word' id='word_1_11' title='bbox 1060 210 1383 253; x_wconf 87' lang='lat' dir='ltr'>expungerentur.</span> <span class='ocrx_word' id='word_1_12' title='bbox 1415 204 1577 241; x_wconf 86' lang='lat' dir='ltr'>Verum-</span> 
     </span>
     <span class='ocr_line' id='line_1_3' title="bbox 119 263 1579 318; baseline -0.002 -14"><span class='ocrx_word' id='word_1_13' title='bbox 119 274 246 305; x_wconf 86' lang='lat' dir='ltr'>tamen</span> <span class='ocrx_word' id='word_1_14' title='bbox 269 266 553 304; x_wconf 85' lang='lat' dir='ltr'>Lacedaemonii</span> <span class='ocrx_word' id='word_1_15' title='bbox 575 267 750 318; x_wconf 88' lang='lat' dir='ltr'>profecto</span> <span class='ocrx_word' id='word_1_16' title='bbox 777 265 814 303; x_wconf 89' lang='lat' dir='ltr'>in</span> <span class='ocrx_word' id='word_1_17' title='bbox 840 264 964 316; x_wconf 84' lang='lat' dir='ltr'>pactis</span> <span class='ocrx_word' id='word_1_18' title='bbox 995 263 1197 302; x_wconf 86' lang='lat' dir='ltr'>nobiseum</span> <span class='ocrx_word' id='word_1_19' title='bbox 1224 265 1429 302; x_wconf 87' lang='lat' dir='ltr'>contractis</span> <span class='ocrx_word' id='word_1_20' title='bbox 1450 264 1579 302; x_wconf 89' lang='lat' dir='ltr'>Ando-</span> 
     </span>
     <span class='ocr_line' id='line_1_4' title="bbox 120 325 1579 379; baseline -0.003 -13"><span class='ocrx_word' id='word_1_21' title='bbox 120 328 196 366; x_wconf 90' lang='lat' dir='ltr'>cidi</span> <span class='ocrx_word' id='word_1_22' title='bbox 216 327 521 379; x_wconf 73' lang='lat' dir='ltr'>prospexerunt?</span> <span class='ocrx_word' id='word_1_23' title='bbox 549 340 628 378; x_wconf 91' lang='lat' dir='ltr'>qua</span> <span class='ocrx_word' id='word_1_24' title='bbox 645 327 715 365; x_wconf 77' lang='lat' dir='ltr'>re?</span> <span class='ocrx_word' id='word_1_25' title='bbox 745 340 791 364; x_wconf 90' lang='lat' dir='ltr'>ea</span> <span class='ocrx_word' id='word_1_26' title='bbox 811 339 948 377; x_wconf 82' lang='lat' dir='ltr'>nempe</span> <span class='ocrx_word' id='word_1_27' title='bbox 969 339 1023 370; x_wconf 88' lang='lat' dir='ltr'>re,</span> <span class='ocrx_word' id='word_1_28' title='bbox 1046 325 1151 375; x_wconf 86' lang='lat' dir='ltr'>quod</span> <span class='ocrx_word' id='word_1_29' title='bbox 1174 326 1220 362; x_wconf 84' lang='lat' dir='ltr'>ab</span> <span class='ocrx_word' id='word_1_30' title='bbox 1241 338 1285 362; x_wconf 91' lang='lat' dir='ltr'>eo</span> <span class='ocrx_word' id='word_1_31' title='bbox 1305 326 1491 363; x_wconf 81' lang='lat' dir='ltr'>beneficio</span> <span class='ocrx_word' id='word_1_32' title='bbox 1511 338 1579 362; x_wconf 87' lang='lat' dir='ltr'>ne-</span> 
     </span>
     <span class='ocr_line' id='line_1_5' title="bbox 120 386 1578 440; baseline -0.002 -13"><span class='ocrx_word' id='word_1_33' title='bbox 120 390 202 428; x_wconf 87' lang='lat' dir='ltr'>scio</span> <span class='ocrx_word' id='word_1_34' title='bbox 219 402 295 440; x_wconf 90' lang='lat' dir='ltr'>quo</span> <span class='ocrx_word' id='word_1_35' title='bbox 314 395 442 427; x_wconf 87' lang='lat' dir='ltr'>essent</span> <span class='ocrx_word' id='word_1_36' title='bbox 459 388 611 426; x_wconf 81' lang='lat' dir='ltr'>ornati?</span> <span class='ocrx_word' id='word_1_37' title='bbox 668 389 939 438; x_wconf 80' lang='lat' dir='ltr'>Nequaquam.</span> <span class='ocrx_word' id='word_1_38' title='bbox 995 388 1046 425; x_wconf 88' lang='lat' dir='ltr'>At</span> <span class='ocrx_word' id='word_1_39' title='bbox 1063 399 1129 424; x_wconf 93' lang='lat' dir='ltr'>vos</span> <span class='ocrx_word' id='word_1_40' title='bbox 1146 393 1271 424; x_wconf 86' lang='lat' dir='ltr'>tamen</span> <span class='ocrx_word' id='word_1_41' title='bbox 1290 386 1363 423; x_wconf 90' lang='lat' dir='ltr'>illis</span> <span class='ocrx_word' id='word_1_42' title='bbox 1379 387 1416 422; x_wconf 88' lang='lat' dir='ltr'>in</span> <span class='ocrx_word' id='word_1_43' title='bbox 1439 387 1578 437; x_wconf 85' lang='lat' dir='ltr'>pactis,</span> 
     </span>
     <span class='ocr_line' id='line_1_6' title="bbox 122 447 1579 501; baseline -0.002 -13"><span class='ocrx_word' id='word_1_44' title='bbox 122 464 208 501; x_wconf 86' lang='lat' dir='ltr'>quae</span> <span class='ocrx_word' id='word_1_45' title='bbox 235 463 302 488; x_wconf 92' lang='lat' dir='ltr'>vos</span> <span class='ocrx_word' id='word_1_46' title='bbox 335 457 469 487; x_wconf 85' lang='lat' dir='ltr'>mutua</span> <span class='ocrx_word' id='word_1_47' title='bbox 499 450 600 486; x_wconf 91' lang='lat' dir='ltr'>cives</span> <span class='ocrx_word' id='word_1_48' title='bbox 623 462 711 486; x_wconf 85' lang='lat' dir='ltr'>cum</span> <span class='ocrx_word' id='word_1_49' title='bbox 732 449 878 487; x_wconf 90' lang='lat' dir='ltr'>civibus</span> <span class='ocrx_word' id='word_1_50' title='bbox 901 448 1073 500; x_wconf 87' lang='lat' dir='ltr'>stipulati</span> <span class='ocrx_word' id='word_1_51' title='bbox 1094 448 1201 493; x_wconf 90' lang='lat' dir='ltr'>estis,</span> <span class='ocrx_word' id='word_1_52' title='bbox 1231 447 1444 484; x_wconf 87' lang='lat' dir='ltr'>Andocidis</span> <span class='ocrx_word' id='word_1_53' title='bbox 1476 460 1579 485; x_wconf 89' lang='lat' dir='ltr'>com-</span> 
     </span>
     <span class='ocr_line' id='line_1_7' title="bbox 123 507 1579 560; baseline -0.003 -10"><span class='ocrx_word' id='word_1_54' title='bbox 123 512 244 550; x_wconf 88' lang='lat' dir='ltr'>modis</span> <span class='ocrx_word' id='word_1_55' title='bbox 268 509 543 549; x_wconf 78' lang='lat' dir='ltr'>consuluistis?</span> <span class='ocrx_word' id='word_1_56' title='bbox 600 510 851 560; x_wconf 82' lang='lat' dir='ltr'>Ecquodnarn</span> <span class='ocrx_word' id='word_1_57' title='bbox 874 511 922 548; x_wconf 93' lang='lat' dir='ltr'>ob</span> <span class='ocrx_word' id='word_1_58' title='bbox 942 509 1146 548; x_wconf 80' lang='lat' dir='ltr'>meritum?</span> <span class='ocrx_word' id='word_1_59' title='bbox 1204 509 1321 553; x_wconf 91' lang='lat' dir='ltr'>Num,</span> <span class='ocrx_word' id='word_1_60' title='bbox 1350 507 1454 558; x_wconf 90' lang='lat' dir='ltr'>quod</span> <span class='ocrx_word' id='word_1_61' title='bbox 1476 521 1579 558; x_wconf 78' lang='lat' dir='ltr'>saepe</span> 
     </span>
     <span class='ocr_line' id='line_1_8' title="bbox 121 570 1580 626; baseline -0.003 -13"><span class='ocrx_word' id='word_1_62' title='bbox 121 581 238 626; x_wconf 88' lang='lat' dir='ltr'>caput</span> <span class='ocrx_word' id='word_1_63' title='bbox 256 587 324 625; x_wconf 91' lang='lat' dir='ltr'>pro</span> <span class='ocrx_word' id='word_1_64' title='bbox 344 573 541 625; x_wconf 75' lang='lat' dir='ltr'>republica</span> <span class='ocrx_word' id='word_1_65' title='bbox 561 573 738 624; x_wconf 87' lang='lat' dir='ltr'>periculis</span> <span class='ocrx_word' id='word_1_66' title='bbox 760 572 929 624; x_wconf 76' lang='lat' dir='ltr'>objecit?</span> <span class='ocrx_word' id='word_1_67' title='bbox 985 573 1075 610; x_wconf 86' lang='lat' dir='ltr'>Non</span> <span class='ocrx_word' id='word_1_68' title='bbox 1104 579 1177 616; x_wconf 87' lang='lat' dir='ltr'>est,</span> <span class='ocrx_word' id='word_1_69' title='bbox 1189 570 1471 615; x_wconf 87' lang='lat' dir='ltr'>Athenienses,</span> <span class='ocrx_word' id='word_1_70' title='bbox 1494 570 1580 608; x_wconf 84' lang='lat' dir='ltr'>haec</span> 
     </span>
     <span class='ocr_line' id='line_1_9' title="bbox 122 631 1581 684; baseline -0.002 -12"><span class='ocrx_word' id='word_1_71' title='bbox 122 648 209 674; x_wconf 87' lang='lat' dir='ltr'>vera</span> <span class='ocrx_word' id='word_1_72' title='bbox 234 640 273 672; x_wconf 87' lang='lat' dir='ltr'>et</span> <span class='ocrx_word' id='word_1_73' title='bbox 302 634 412 672; x_wconf 86' lang='lat' dir='ltr'>firma</span> <span class='ocrx_word' id='word_1_74' title='bbox 443 634 672 677; x_wconf 85' lang='lat' dir='ltr'>excusatio;</span> <span class='ocrx_word' id='word_1_75' title='bbox 703 647 825 684; x_wconf 86' lang='lat' dir='ltr'>neque</span> <span class='ocrx_word' id='word_1_76' title='bbox 859 632 1180 671; x_wconf 87' lang='lat' dir='ltr'>committendum</span> <span class='ocrx_word' id='word_1_77' title='bbox 1207 632 1317 670; x_wconf 90' lang='lat' dir='ltr'>vobis</span> <span class='ocrx_word' id='word_1_78' title='bbox 1339 638 1397 670; x_wconf 90' lang='lat' dir='ltr'>est</span> <span class='ocrx_word' id='word_1_79' title='bbox 1416 638 1460 669; x_wconf 89' lang='lat' dir='ltr'>ut</span> <span class='ocrx_word' id='word_1_80' title='bbox 1479 631 1581 682; x_wconf 91' lang='lat' dir='ltr'>ejus-</span> 
     </span>
     <span class='ocr_line' id='line_1_10' title="bbox 120 693 1580 746; baseline -0.003 -13"><span class='ocrx_word' id='word_1_81' title='bbox 120 695 223 734; x_wconf 87' lang='lat' dir='ltr'>modi</span> <span class='ocrx_word' id='word_1_82' title='bbox 249 694 397 733; x_wconf 87' lang='lat' dir='ltr'>offuciis</span> <span class='ocrx_word' id='word_1_83' title='bbox 418 695 674 746; x_wconf 81' lang='lat' dir='ltr'>decipiamini.</span> <span class='ocrx_word' id='word_1_84' title='bbox 732 694 869 745; x_wconf 85' lang='lat' dir='ltr'>Neque</span> <span class='ocrx_word' id='word_1_85' title='bbox 900 700 1101 745; x_wconf 89' lang='lat' dir='ltr'>pactorum</span> <span class='ocrx_word' id='word_1_86' title='bbox 1122 693 1303 732; x_wconf 80' lang='lat' dir='ltr'>rescissio</span> <span class='ocrx_word' id='word_1_87' title='bbox 1329 693 1368 729; x_wconf 91' lang='lat' dir='ltr'>in</span> <span class='ocrx_word' id='word_1_88' title='bbox 1394 693 1468 731; x_wconf 87' lang='lat' dir='ltr'>hoc</span> <span class='ocrx_word' id='word_1_89' title='bbox 1497 706 1580 730; x_wconf 91' lang='lat' dir='ltr'>cer-</span> 
     </span>
     <span class='ocr_line' id='line_1_11' title="bbox 118 754 1581 806; baseline -0.002 -12"><span class='ocrx_word' id='word_1_90' title='bbox 118 757 233 800; x_wconf 90' lang='lat' dir='ltr'>nitur,</span> <span class='ocrx_word' id='word_1_91' title='bbox 264 763 305 794; x_wconf 89' lang='lat' dir='ltr'>ut</span> <span class='ocrx_word' id='word_1_92' title='bbox 335 756 560 794; x_wconf 83' lang='lat' dir='ltr'>Andocides</span> <span class='ocrx_word' id='word_1_93' title='bbox 596 756 822 794; x_wconf 85' lang='lat' dir='ltr'>delictorum</span> <span class='ocrx_word' id='word_1_94' title='bbox 857 768 1014 793; x_wconf 91' lang='lat' dir='ltr'>suorum</span> <span class='ocrx_word' id='word_1_95' title='bbox 1047 768 1070 793; x_wconf 90' lang='lat' dir='ltr'>a</span> <span class='ocrx_word' id='word_1_96' title='bbox 1100 755 1249 806; x_wconf 88' lang='lat' dir='ltr'>privato</span> <span class='ocrx_word' id='word_1_97' title='bbox 1286 754 1581 793; x_wconf 86' lang='lat' dir='ltr'>commissorum</span> 
     </span>
     <span class='ocr_line' id='line_1_12' title="bbox 117 814 1581 869; baseline -0.002 -14"><span class='ocrx_word' id='word_1_98' title='bbox 117 830 252 869; x_wconf 86' lang='lat' dir='ltr'>poenas</span> <span class='ocrx_word' id='word_1_99' title='bbox 283 818 500 868; x_wconf 87' lang='lat' dir='ltr'>persolvere</span> <span class='ocrx_word' id='word_1_100' title='bbox 527 824 702 869; x_wconf 81' lang='lat' dir='ltr'>cogatur,</span> <span class='ocrx_word' id='word_1_101' title='bbox 724 818 794 855; x_wconf 87' lang='lat' dir='ltr'>sed</span> <span class='ocrx_word' id='word_1_102' title='bbox 813 818 851 854; x_wconf 91' lang='lat' dir='ltr'>in</span> <span class='ocrx_word' id='word_1_103' title='bbox 871 817 957 862; x_wconf 90' lang='lat' dir='ltr'>isto,</span> <span class='ocrx_word' id='word_1_104' title='bbox 977 817 1007 854; x_wconf 91' lang='lat' dir='ltr'>si</span> <span class='ocrx_word' id='word_1_105' title='bbox 1031 816 1117 865; x_wconf 92' lang='lat' dir='ltr'>quis</span> <span class='ocrx_word' id='word_1_106' title='bbox 1149 816 1199 853; x_wconf 93' lang='lat' dir='ltr'>ob</span> <span class='ocrx_word' id='word_1_107' title='bbox 1226 815 1401 866; x_wconf 88' lang='lat' dir='ltr'>publicas</span> <span class='ocrx_word' id='word_1_108' title='bbox 1426 814 1581 853; x_wconf 86' lang='lat' dir='ltr'>calami-</span> 
     </span>
     <span class='ocr_line' id='line_1_13' title="bbox 117 878 898 930; baseline -0.001 -13"><span class='ocrx_word' id='word_1_109' title='bbox 117 885 219 917; x_wconf 84' lang='lat' dir='ltr'>tates</span> <span class='ocrx_word' id='word_1_110' title='bbox 240 879 417 930; x_wconf 85' lang='lat' dir='ltr'>privatim</span> <span class='ocrx_word' id='word_1_111' title='bbox 437 892 656 929; x_wconf 84' lang='lat' dir='ltr'>quenquam</span> <span class='ocrx_word' id='word_1_112' title='bbox 678 878 898 916; x_wconf 89' lang='lat' dir='ltr'>ulciscatur.</span> 
     </span>
    </p>

    <p class='ocr_par' dir='ltr' id='par_1_3' title="bbox 115 936 1584 1533">
     <span class='ocr_line' id='line_1_14' title="bbox 173 936 1583 989; baseline -0.003 -11"><span class='ocrx_word' id='word_1_113' title='bbox 173 942 210 978; x_wconf 91' lang='lat'>8.</span> <span class='ocrx_word' id='word_1_114' title='bbox 239 940 319 978; x_wconf 82' lang='lat' dir='ltr'>Sed</span> <span class='ocrx_word' id='word_1_115' title='bbox 339 952 488 984; x_wconf 88' lang='lat' dir='ltr'>vereor,</span> <span class='ocrx_word' id='word_1_116' title='bbox 506 953 553 977; x_wconf 87' lang='lat' dir='ltr'>ne</span> <span class='ocrx_word' id='word_1_117' title='bbox 574 938 804 976; x_wconf 88' lang='lat' dir='ltr'>Andocides</span> <span class='ocrx_word' id='word_1_118' title='bbox 824 938 1094 976; x_wconf 82' lang='lat' dir='ltr'>accusationes</span> <span class='ocrx_word' id='word_1_119' title='bbox 1115 951 1138 975; x_wconf 90' lang='lat' dir='ltr'>a</span> <span class='ocrx_word' id='word_1_120' title='bbox 1153 936 1336 989; x_wconf 89' lang='lat' dir='ltr'>Cephisio</span> <span class='ocrx_word' id='word_1_121' title='bbox 1356 944 1583 975; x_wconf 83' lang='lat' dir='ltr'>accusatore</span> 
     </span>
     <span class='ocr_line' id='line_1_15' title="bbox 119 1000 1582 1052; baseline -0.001 -12"><span class='ocrx_word' id='word_1_122' title='bbox 119 1003 158 1040; x_wconf 90' lang='lat' dir='ltr'>in</span> <span class='ocrx_word' id='word_1_123' title='bbox 189 1015 230 1040; x_wconf 89' lang='lat' dir='ltr'>se</span> <span class='ocrx_word' id='word_1_124' title='bbox 262 1002 461 1052; x_wconf 85' lang='lat' dir='ltr'>conjectas</span> <span class='ocrx_word' id='word_1_125' title='bbox 493 1002 531 1038; x_wconf 91' lang='lat' dir='ltr'>in</span> <span class='ocrx_word' id='word_1_126' title='bbox 563 1002 690 1051; x_wconf 89' lang='lat' dir='ltr'>ipsum</span> <span class='ocrx_word' id='word_1_127' title='bbox 723 1007 959 1051; x_wconf 86' lang='lat' dir='ltr'>retorqueat,</span> <span class='ocrx_word' id='word_1_128' title='bbox 991 1006 1028 1038; x_wconf 90' lang='lat' dir='ltr'>et</span> <span class='ocrx_word' id='word_1_129' title='bbox 1061 1000 1205 1038; x_wconf 89' lang='lat' dir='ltr'>habeat</span> <span class='ocrx_word' id='word_1_130' title='bbox 1238 1000 1371 1050; x_wconf 86' lang='lat' dir='ltr'>utique</span> <span class='ocrx_word' id='word_1_131' title='bbox 1405 1000 1443 1037; x_wconf 90' lang='lat' dir='ltr'>in</span> <span class='ocrx_word' id='word_1_132' title='bbox 1477 1000 1582 1038; x_wconf 88' lang='lat' dir='ltr'>hunc</span> 
     </span>
     <span class='ocr_line' id='line_1_16' title="bbox 121 1061 1581 1114; baseline -0.001 -14"><span class='ocrx_word' id='word_1_133' title='bbox 121 1063 278 1114; x_wconf 91' lang='lat' dir='ltr'>quidem</span> <span class='ocrx_word' id='word_1_134' title='bbox 311 1063 415 1113; x_wconf 89' lang='lat' dir='ltr'>quod</span> <span class='ocrx_word' id='word_1_135' title='bbox 447 1063 576 1101; x_wconf 88' lang='lat' dir='ltr'>dicat:</span> <span class='ocrx_word' id='word_1_136' title='bbox 606 1068 758 1113; x_wconf 87' lang='lat' dir='ltr'>oportet</span> <span class='ocrx_word' id='word_1_137' title='bbox 787 1063 889 1100; x_wconf 89' lang='lat' dir='ltr'>enim</span> <span class='ocrx_word' id='word_1_138' title='bbox 921 1075 1053 1099; x_wconf 90' lang='lat' dir='ltr'>verum</span> <span class='ocrx_word' id='word_1_139' title='bbox 1082 1061 1204 1100; x_wconf 87' lang='lat' dir='ltr'>fateri.</span> <span class='ocrx_word' id='word_1_140' title='bbox 1262 1062 1318 1098; x_wconf 84' lang='lat' dir='ltr'>At</span> <span class='ocrx_word' id='word_1_141' title='bbox 1337 1074 1406 1099; x_wconf 91' lang='lat' dir='ltr'>vos</span> <span class='ocrx_word' id='word_1_142' title='bbox 1437 1067 1581 1106; x_wconf 84' lang='lat' dir='ltr'>tamen,</span> 
     </span>
     <span class='ocr_line' id='line_1_17' title="bbox 115 1122 1584 1176; baseline -0.003 -14"><span class='ocrx_word' id='word_1_143' title='bbox 115 1124 283 1175; x_wconf 87' lang='lat' dir='ltr'>judices,</span> <span class='ocrx_word' id='word_1_144' title='bbox 301 1125 477 1176; x_wconf 86' lang='lat' dir='ltr'>profecto</span> <span class='ocrx_word' id='word_1_145' title='bbox 497 1137 574 1162; x_wconf 90' lang='lat' dir='ltr'>non</span> <span class='ocrx_word' id='word_1_146' title='bbox 601 1123 773 1175; x_wconf 85' lang='lat' dir='ltr'>poteritis</span> <span class='ocrx_word' id='word_1_147' title='bbox 804 1123 940 1161; x_wconf 87' lang='lat' dir='ltr'>eadem</span> <span class='ocrx_word' id='word_1_148' title='bbox 976 1122 1167 1161; x_wconf 89' lang='lat' dir='ltr'>sententia</span> <span class='ocrx_word' id='word_1_149' title='bbox 1199 1129 1239 1160; x_wconf 87' lang='lat' dir='ltr'>et</span> <span class='ocrx_word' id='word_1_150' title='bbox 1272 1122 1511 1159; x_wconf 86' lang='lat' dir='ltr'>defensorem</span> <span class='ocrx_word' id='word_1_151' title='bbox 1545 1130 1584 1159; x_wconf 89' lang='lat' dir='ltr'>et</span> 
     </span>
     <span class='ocr_line' id='line_1_18' title="bbox 119 1182 1584 1235; baseline -0.003 -11"><span class='ocrx_word' id='word_1_152' title='bbox 119 1193 382 1224; x_wconf 88' lang='lat' dir='ltr'>accusatorem</span> <span class='ocrx_word' id='word_1_153' title='bbox 402 1185 683 1223; x_wconf 88' lang='lat' dir='ltr'>condemnare:</span> <span class='ocrx_word' id='word_1_154' title='bbox 714 1185 785 1222; x_wconf 91' lang='lat' dir='ltr'>sed</span> <span class='ocrx_word' id='word_1_155' title='bbox 812 1185 893 1235; x_wconf 88' lang='lat' dir='ltr'>jam</span> <span class='ocrx_word' id='word_1_156' title='bbox 924 1183 1079 1234; x_wconf 90' lang='lat' dir='ltr'>quidem</span> <span class='ocrx_word' id='word_1_157' title='bbox 1105 1183 1181 1221; x_wconf 90' lang='lat' dir='ltr'>hoc</span> <span class='ocrx_word' id='word_1_158' title='bbox 1202 1182 1250 1220; x_wconf 92' lang='lat' dir='ltr'>de</span> <span class='ocrx_word' id='word_1_159' title='bbox 1270 1182 1474 1220; x_wconf 88' lang='lat' dir='ltr'>Andocide</span> <span class='ocrx_word' id='word_1_160' title='bbox 1493 1195 1584 1220; x_wconf 85' lang='lat' dir='ltr'>vera</span> 
     </span>
     <span class='ocr_line' id='line_1_19' title="bbox 117 1244 1582 1297; baseline -0.002 -13"><span class='ocrx_word' id='word_1_161' title='bbox 117 1259 186 1284; x_wconf 91' lang='lat' dir='ltr'>vos</span> <span class='ocrx_word' id='word_1_162' title='bbox 215 1254 255 1285; x_wconf 86' lang='lat' dir='ltr'>et</span> <span class='ocrx_word' id='word_1_163' title='bbox 281 1259 393 1297; x_wconf 86' lang='lat' dir='ltr'>aequa</span> <span class='ocrx_word' id='word_1_164' title='bbox 410 1246 594 1284; x_wconf 90' lang='lat' dir='ltr'>convenit</span> <span class='ocrx_word' id='word_1_165' title='bbox 610 1245 848 1288; x_wconf 81' lang='lat' dir='ltr'>decernere;</span> <span class='ocrx_word' id='word_1_166' title='bbox 888 1244 1073 1296; x_wconf 84' lang='lat' dir='ltr'>Cephisio</span> <span class='ocrx_word' id='word_1_167' title='bbox 1092 1251 1235 1291; x_wconf 71' lang='lat' dir='ltr'>autem,</span> <span class='ocrx_word' id='word_1_168' title='bbox 1255 1251 1322 1282; x_wconf 90' lang='lat' dir='ltr'>aut</span> <span class='ocrx_word' id='word_1_169' title='bbox 1341 1244 1373 1282; x_wconf 91' lang='lat' dir='ltr'>si</span> <span class='ocrx_word' id='word_1_170' title='bbox 1393 1256 1492 1294; x_wconf 92' lang='lat' dir='ltr'>quos</span> <span class='ocrx_word' id='word_1_171' title='bbox 1513 1257 1582 1281; x_wconf 90' lang='lat' dir='ltr'>no-</span> 
     </span>
     <span class='ocr_line' id='line_1_20' title="bbox 116 1305 1582 1359; baseline -0.003 -13"><span class='ocrx_word' id='word_1_172' title='bbox 116 1314 237 1346; x_wconf 87' lang='lat' dir='ltr'>strum</span> <span class='ocrx_word' id='word_1_173' title='bbox 254 1307 350 1345; x_wconf 88' lang='lat' dir='ltr'>alios</span> <span class='ocrx_word' id='word_1_174' title='bbox 369 1313 555 1359; x_wconf 87' lang='lat' dir='ltr'>praeterea</span> <span class='ocrx_word' id='word_1_175' title='bbox 569 1307 793 1346; x_wconf 88' lang='lat' dir='ltr'>Andocides</span> <span class='ocrx_word' id='word_1_176' title='bbox 811 1319 915 1344; x_wconf 88' lang='lat' dir='ltr'>nunc</span> <span class='ocrx_word' id='word_1_177' title='bbox 934 1306 1184 1358; x_wconf 86' lang='lat' dir='ltr'>perstringat,</span> <span class='ocrx_word' id='word_1_178' title='bbox 1200 1318 1313 1343; x_wconf 90' lang='lat' dir='ltr'>suum</span> <span class='ocrx_word' id='word_1_179' title='bbox 1328 1305 1466 1356; x_wconf 89' lang='lat' dir='ltr'>cuique</span> <span class='ocrx_word' id='word_1_180' title='bbox 1485 1312 1582 1343; x_wconf 85' lang='lat' dir='ltr'>tem-</span> 
     </span>
     <span class='ocr_line' id='line_1_21' title="bbox 115 1367 1582 1422; baseline -0.003 -14"><span class='ocrx_word' id='word_1_181' title='bbox 115 1383 189 1422; x_wconf 91' lang='lat' dir='ltr'>pus</span> <span class='ocrx_word' id='word_1_182' title='bbox 223 1370 461 1408; x_wconf 86' lang='lat' dir='ltr'>defensionis</span> <span class='ocrx_word' id='word_1_183' title='bbox 489 1369 738 1421; x_wconf 91' lang='lat' dir='ltr'>postmodum</span> <span class='ocrx_word' id='word_1_184' title='bbox 768 1369 908 1407; x_wconf 87' lang='lat' dir='ltr'>veniet.</span> <span class='ocrx_word' id='word_1_185' title='bbox 965 1367 1095 1407; x_wconf 86' lang='lat' dir='ltr'>Nolite</span> <span class='ocrx_word' id='word_1_186' title='bbox 1129 1381 1237 1419; x_wconf 84' lang='lat' dir='ltr'>ergo,</span> <span class='ocrx_word' id='word_1_187' title='bbox 1269 1368 1301 1405; x_wconf 89' lang='lat' dir='ltr'>si</span> <span class='ocrx_word' id='word_1_188' title='bbox 1326 1367 1467 1419; x_wconf 90' lang='lat' dir='ltr'>quibus</span> <span class='ocrx_word' id='word_1_189' title='bbox 1499 1368 1582 1405; x_wconf 88' lang='lat' dir='ltr'>aliis</span> 
     </span>
     <span class='ocr_line' id='line_1_22' title="bbox 117 1429 1581 1482; baseline -0.001 -12"><span class='ocrx_word' id='word_1_190' title='bbox 117 1432 381 1471; x_wconf 85' lang='lat' dir='ltr'>succenseatis</span> <span class='ocrx_word' id='word_1_191' title='bbox 399 1432 436 1468; x_wconf 88' lang='lat' dir='ltr'>in</span> <span class='ocrx_word' id='word_1_192' title='bbox 457 1443 601 1482; x_wconf 90' lang='lat' dir='ltr'>eosque</span> <span class='ocrx_word' id='word_1_193' title='bbox 622 1431 993 1470; x_wconf 88' lang='lat' dir='ltr'>animadversionem</span> <span class='ocrx_word' id='word_1_194' title='bbox 1015 1430 1247 1481; x_wconf 86' lang='lat' dir='ltr'>expediatis,</span> <span class='ocrx_word' id='word_1_195' title='bbox 1267 1429 1354 1468; x_wconf 90' lang='lat' dir='ltr'>ideo</span> <span class='ocrx_word' id='word_1_196' title='bbox 1381 1430 1486 1468; x_wconf 91' lang='lat' dir='ltr'>hunc</span> <span class='ocrx_word' id='word_1_197' title='bbox 1515 1431 1581 1468; x_wconf 90' lang='lat' dir='ltr'>ab·</span> 
     </span>
     <span class='ocr_line' id='line_1_23' title="bbox 118 1492 670 1533; baseline -0.004 -1"><span class='ocrx_word' id='word_1_198' title='bbox 118 1494 267 1533; x_wconf 83' lang='lat' dir='ltr'>solvere</span> <span class='ocrx_word' id='word_1_199' title='bbox 284 1492 417 1531; x_wconf 76' lang='lat' dir='ltr'>delicti</span> <span class='ocrx_word' id='word_1_200' title='bbox 436 1493 670 1531; x_wconf 88' lang='lat' dir='ltr'>convictum.</span> 
     </span>
    </p>

    <p class='ocr_par' dir='ltr' id='par_1_4' title="bbox 116 1552 1583 1851">
     <span class='ocr_line' id='line_1_24' title="bbox 170 1552 1580 1604; baseline -0.003 -11"><span class='ocrx_word' id='word_1_201' title='bbox 170 1556 209 1593; x_wconf 87' lang='lat'>9.</span> <span class='ocrx_word' id='word_1_202' title='bbox 238 1554 515 1592; x_wconf 88' lang='lat' dir='ltr'>Verumtamen</span> <span class='ocrx_word' id='word_1_203' title='bbox 541 1554 706 1592; x_wconf 88' lang='lat' dir='ltr'>indicem</span> <span class='ocrx_word' id='word_1_204' title='bbox 734 1566 775 1591; x_wconf 91' lang='lat' dir='ltr'>se</span> <span class='ocrx_word' id='word_1_205' title='bbox 801 1554 921 1591; x_wconf 83' lang='lat' dir='ltr'>fuisse</span> <span class='ocrx_word' id='word_1_206' title='bbox 948 1553 1126 1604; x_wconf 85' lang='lat' dir='ltr'>jactabit,</span> <span class='ocrx_word' id='word_1_207' title='bbox 1145 1559 1272 1602; x_wconf 87' lang='lat' dir='ltr'>atque,</span> <span class='ocrx_word' id='word_1_208' title='bbox 1294 1552 1325 1590; x_wconf 92' lang='lat' dir='ltr'>si</span> <span class='ocrx_word' id='word_1_209' title='bbox 1353 1552 1481 1603; x_wconf 92' lang='lat' dir='ltr'>ipsum</span> <span class='ocrx_word' id='word_1_210' title='bbox 1507 1566 1580 1603; x_wconf 87' lang='lat' dir='ltr'>pu—</span> 
     </span>
     <span class='ocr_line' id='line_1_25' title="bbox 116 1613 1583 1666; baseline -0.001 -12"><span class='ocrx_word' id='word_1_211' title='bbox 116 1616 244 1663; x_wconf 88' lang='lat' dir='ltr'>niatis,</span> <span class='ocrx_word' id='word_1_212' title='bbox 267 1615 480 1654; x_wconf 90' lang='lat' dir='ltr'>verendum</span> <span class='ocrx_word' id='word_1_213' title='bbox 509 1629 612 1661; x_wconf 91' lang='lat' dir='ltr'>esse,</span> <span class='ocrx_word' id='word_1_214' title='bbox 651 1628 714 1662; x_wconf 89' lang='lat' dir='ltr'>ne,</span> <span class='ocrx_word' id='word_1_215' title='bbox 745 1615 811 1666; x_wconf 89' lang='lat' dir='ltr'>qui</span> <span class='ocrx_word' id='word_1_216' title='bbox 841 1616 1093 1665; x_wconf 88' lang='lat' dir='ltr'>imposterum</span> <span class='ocrx_word' id='word_1_217' title='bbox 1130 1613 1301 1652; x_wconf 88' lang='lat' dir='ltr'>indicare</span> <span class='ocrx_word' id='word_1_218' title='bbox 1337 1613 1583 1652; x_wconf 86' lang='lat' dir='ltr'>clandestina</span> 
     </span>
     <span class='ocr_line' id='line_1_26' title="bbox 116 1675 1581 1727; baseline -0.003 -11"><span class='ocrx_word' id='word_1_219' title='bbox 116 1679 277 1717; x_wconf 89' lang='lat' dir='ltr'>crimina</span> <span class='ocrx_word' id='word_1_220' title='bbox 295 1678 400 1722; x_wconf 86' lang='lat' dir='ltr'>velit,</span> <span class='ocrx_word' id='word_1_221' title='bbox 417 1690 531 1716; x_wconf 91' lang='lat' dir='ltr'>nemo</span> <span class='ocrx_word' id='word_1_222' title='bbox 551 1677 600 1715; x_wconf 87' lang='lat' dir='ltr'>sit</span> <span class='ocrx_word' id='word_1_223' title='bbox 618 1677 784 1715; x_wconf 88' lang='lat' dir='ltr'>futurus.</span> <span class='ocrx_word' id='word_1_224' title='bbox 842 1676 959 1727; x_wconf 91' lang='lat' dir='ltr'>Atqui</span> <span class='ocrx_word' id='word_1_225' title='bbox 978 1675 1068 1714; x_wconf 89' lang='lat' dir='ltr'>tulit</span> <span class='ocrx_word' id='word_1_226' title='bbox 1087 1675 1314 1713; x_wconf 89' lang='lat' dir='ltr'>Andocides</span> <span class='ocrx_word' id='word_1_227' title='bbox 1329 1675 1429 1713; x_wconf 89' lang='lat' dir='ltr'>hanc</span> <span class='ocrx_word' id='word_1_228' title='bbox 1449 1675 1581 1713; x_wconf 87' lang='lat' dir='ltr'>indicii</span> 
     </span>
     <span class='ocr_line' id='line_1_27' title="bbox 117 1736 1580 1789; baseline -0.001 -13"><span class='ocrx_word' id='word_1_229' title='bbox 117 1740 176 1777; x_wconf 89' lang='lat' dir='ltr'>sui</span> <span class='ocrx_word' id='word_1_230' title='bbox 206 1739 422 1776; x_wconf 88' lang='lat' dir='ltr'>mercedem</span> <span class='ocrx_word' id='word_1_231' title='bbox 442 1745 482 1776; x_wconf 90' lang='lat' dir='ltr'>et</span> <span class='ocrx_word' id='word_1_232' title='bbox 498 1739 628 1784; x_wconf 88' lang='lat' dir='ltr'>habet,</span> <span class='ocrx_word' id='word_1_233' title='bbox 649 1738 822 1789; x_wconf 87' lang='lat' dir='ltr'>spiritum</span> <span class='ocrx_word' id='word_1_234' title='bbox 841 1750 957 1788; x_wconf 89' lang='lat' dir='ltr'>quem</span> <span class='ocrx_word' id='word_1_235' title='bbox 985 1737 1127 1775; x_wconf 89' lang='lat' dir='ltr'>indicio</span> <span class='ocrx_word' id='word_1_236' title='bbox 1160 1750 1230 1775; x_wconf 92' lang='lat' dir='ltr'>suo</span> <span class='ocrx_word' id='word_1_237' title='bbox 1261 1736 1410 1774; x_wconf 85' lang='lat' dir='ltr'>salvum</span> <span class='ocrx_word' id='word_1_238' title='bbox 1431 1750 1454 1776; x_wconf 85' lang='lat' dir='ltr'>a</span> <span class='ocrx_word' id='word_1_239' title='bbox 1472 1737 1580 1776; x_wconf 88' lang='lat' dir='ltr'>vobis</span> 
     </span>
     <span class='ocr_line' id='line_1_28' title="bbox 117 1798 1581 1851; baseline -0.001 -13"><span class='ocrx_word' id='word_1_240' title='bbox 117 1800 270 1845; x_wconf 83' lang='lat' dir='ltr'>meruit,</span> <span class='ocrx_word' id='word_1_241' title='bbox 290 1799 376 1837; x_wconf 84' lang='lat' dir='ltr'>aliis</span> <span class='ocrx_word' id='word_1_242' title='bbox 395 1812 462 1851; x_wconf 91' lang='lat' dir='ltr'>per</span> <span class='ocrx_word' id='word_1_243' title='bbox 480 1799 584 1837; x_wconf 89' lang='lat' dir='ltr'>idem</span> <span class='ocrx_word' id='word_1_244' title='bbox 602 1799 783 1838; x_wconf 84' lang='lat' dir='ltr'>indicium</span> <span class='ocrx_word' id='word_1_245' title='bbox 802 1807 973 1837; x_wconf 86' lang='lat' dir='ltr'>extrema</span> <span class='ocrx_word' id='word_1_246' title='bbox 1001 1798 1125 1850; x_wconf 89' lang='lat' dir='ltr'>passis</span> <span class='ocrx_word' id='word_1_247' title='bbox 1144 1798 1345 1850; x_wconf 87' lang='lat' dir='ltr'>supplicia.</span> <span class='ocrx_word' id='word_1_248' title='bbox 1403 1798 1581 1837; x_wconf 87' lang='lat' dir='ltr'>Salutem</span> 
     </span>
    </p>

    <p class='ocr_par' dir='ltr' id='par_1_5' title="bbox 99 1860 1580 2899">
     <span class='ocr_line' id='line_1_29' title="bbox 99 1860 1578 1912; baseline -0.001 -13"><span class='ocrx_word' id='word_1_249' title='bbox 99 1875 206 1912; x_wconf 54' lang='lat' dir='ltr'>*ergo</span> <span class='ocrx_word' id='word_1_250' title='bbox 225 1861 333 1899; x_wconf 90' lang='lat' dir='ltr'>vobis</span> <span class='ocrx_word' id='word_1_251' title='bbox 353 1860 482 1905; x_wconf 86' lang='lat' dir='ltr'>debet,</span> <span class='ocrx_word' id='word_1_252' title='bbox 497 1861 599 1899; x_wconf 82' lang='lat' dir='ltr'>mala</span> <span class='ocrx_word' id='word_1_253' title='bbox 613 1868 740 1899; x_wconf 90' lang='lat' dir='ltr'>autem</span> <span class='ocrx_word' id='word_1_254' title='bbox 761 1861 899 1911; x_wconf 91' lang='lat' dir='ltr'>quibus</span> <span class='ocrx_word' id='word_1_255' title='bbox 919 1874 1023 1898; x_wconf 91' lang='lat' dir='ltr'>nunc</span> <span class='ocrx_word' id='word_1_256' title='bbox 1042 1867 1175 1912; x_wconf 90' lang='lat' dir='ltr'>septus</span> <span class='ocrx_word' id='word_1_257' title='bbox 1196 1866 1364 1906; x_wconf 85' lang='lat' dir='ltr'>tenetur,</span> <span class='ocrx_word' id='word_1_258' title='bbox 1384 1868 1425 1898; x_wconf 85' lang='lat' dir='ltr'>et</span> <span class='ocrx_word' id='word_1_259' title='bbox 1444 1860 1578 1899; x_wconf 87' lang='lat' dir='ltr'>discri-</span> 
     </span>
     <span class='ocr_line' id='line_1_30' title="bbox 116 1921 1579 1974; baseline 0 -13"><span class='ocrx_word' id='word_1_260' title='bbox 116 1923 219 1962; x_wconf 91' lang='lat' dir='ltr'>mina</span> <span class='ocrx_word' id='word_1_261' title='bbox 237 1923 275 1960; x_wconf 91' lang='lat' dir='ltr'>in</span> <span class='ocrx_word' id='word_1_262' title='bbox 297 1921 438 1972; x_wconf 89' lang='lat' dir='ltr'>quibus</span> <span class='ocrx_word' id='word_1_263' title='bbox 457 1929 611 1968; x_wconf 87' lang='lat' dir='ltr'>aestuat,</span> <span class='ocrx_word' id='word_1_264' title='bbox 631 1922 713 1974; x_wconf 90' lang='lat' dir='ltr'>ipse</span> <span class='ocrx_word' id='word_1_265' title='bbox 739 1923 810 1960; x_wconf 90' lang='lat' dir='ltr'>sibi</span> <span class='ocrx_word' id='word_1_266' title='bbox 838 1935 884 1960; x_wconf 90' lang='lat' dir='ltr'>eo</span> <span class='ocrx_word' id='word_1_267' title='bbox 917 1921 1206 1973; x_wconf 88' lang='lat' dir='ltr'>circumposuit,</span> <span class='ocrx_word' id='word_1_268' title='bbox 1226 1922 1332 1972; x_wconf 93' lang='lat' dir='ltr'>quod</span> <span class='ocrx_word' id='word_1_269' title='bbox 1352 1921 1450 1959; x_wconf 88' lang='lat' dir='ltr'>scita</span> <span class='ocrx_word' id='word_1_270' title='bbox 1471 1923 1519 1960; x_wconf 89' lang='lat' dir='ltr'>de</span> <span class='ocrx_word' id='word_1_271' title='bbox 1539 1936 1579 1961; x_wconf 89' lang='lat' dir='ltr'>se</span> 
     </span>
     <span class='ocr_line' id='line_1_31' title="bbox 115 1982 1579 2036; baseline -0.001 -14"><span class='ocrx_word' id='word_1_272' title='bbox 115 1983 272 2036; x_wconf 89' lang='lat' dir='ltr'>publica</span> <span class='ocrx_word' id='word_1_273' title='bbox 306 1983 534 2021; x_wconf 88' lang='lat' dir='ltr'>auctoritate</span> <span class='ocrx_word' id='word_1_274' title='bbox 566 1982 644 2022; x_wconf 87' lang='lat' dir='ltr'>fixa</span> <span class='ocrx_word' id='word_1_275' title='bbox 675 1982 994 2033; x_wconf 88' lang='lat' dir='ltr'>conditionesque</span> <span class='ocrx_word' id='word_1_276' title='bbox 1025 1984 1097 2021; x_wconf 92' lang='lat' dir='ltr'>sub</span> <span class='ocrx_word' id='word_1_277' title='bbox 1127 1983 1267 2033; x_wconf 90' lang='lat' dir='ltr'>quibus</span> <span class='ocrx_word' id='word_1_278' title='bbox 1297 1982 1579 2021; x_wconf 86' lang='lat' dir='ltr'>immunitatem</span> 
     </span>
     <span class='ocr_line' id='line_1_32' title="bbox 117 2044 1579 2097; baseline -0.001 -14"><span class='ocrx_word' id='word_1_279' title='bbox 117 2045 278 2097; x_wconf 87' lang='lat' dir='ltr'>adeptus</span> <span class='ocrx_word' id='word_1_280' title='bbox 310 2045 437 2083; x_wconf 86' lang='lat' dir='ltr'>fuerat</span> <span class='ocrx_word' id='word_1_281' title='bbox 464 2045 654 2095; x_wconf 85' lang='lat' dir='ltr'>migravit.</span> <span class='ocrx_word' id='word_1_282' title='bbox 712 2045 802 2083; x_wconf 90' lang='lat' dir='ltr'>Non</span> <span class='ocrx_word' id='word_1_283' title='bbox 837 2044 1010 2082; x_wconf 86' lang='lat' dir='ltr'>armandi</span> <span class='ocrx_word' id='word_1_284' title='bbox 1041 2057 1064 2082; x_wconf 92' lang='lat' dir='ltr'>a</span> <span class='ocrx_word' id='word_1_285' title='bbox 1094 2044 1203 2082; x_wconf 90' lang='lat' dir='ltr'>vobis</span> <span class='ocrx_word' id='word_1_286' title='bbox 1235 2050 1327 2082; x_wconf 86' lang='lat' dir='ltr'>sunt</span> <span class='ocrx_word' id='word_1_287' title='bbox 1356 2044 1503 2082; x_wconf 88' lang='lat' dir='ltr'>indices</span> <span class='ocrx_word' id='word_1_288' title='bbox 1533 2045 1579 2082; x_wconf 89' lang='lat' dir='ltr'>li-</span> 
     </span>
     <span class='ocr_line' id='line_1_33' title="bbox 115 2105 1580 2158; baseline -0.001 -13"><span class='ocrx_word' id='word_1_289' title='bbox 115 2107 255 2154; x_wconf 78' lang='lat' dir='ltr'>centia,</span> <span class='ocrx_word' id='word_1_290' title='bbox 282 2113 372 2158; x_wconf 90' lang='lat' dir='ltr'>post</span> <span class='ocrx_word' id='word_1_291' title='bbox 389 2106 574 2144; x_wconf 86' lang='lat' dir='ltr'>indicium</span> <span class='ocrx_word' id='word_1_292' title='bbox 592 2107 702 2145; x_wconf 85' lang='lat' dir='ltr'>novis</span> <span class='ocrx_word' id='word_1_293' title='bbox 723 2106 875 2144; x_wconf 89' lang='lat' dir='ltr'>delictis</span> <span class='ocrx_word' id='word_1_294' title='bbox 895 2112 1050 2144; x_wconf 89' lang='lat' dir='ltr'>vetusta</span> <span class='ocrx_word' id='word_1_295' title='bbox 1069 2105 1355 2156; x_wconf 83' lang='lat' dir='ltr'>exaggerandi:</span> <span class='ocrx_word' id='word_1_296' title='bbox 1385 2105 1580 2143; x_wconf 83' lang='lat' dir='ltr'>sufficiunt</span> 
     </span>
     <span class='ocr_line' id='line_1_34' title="bbox 116 2167 1577 2220; baseline -0.002 -13"><span class='ocrx_word' id='word_1_297' title='bbox 116 2177 280 2216; x_wconf 85' lang='lat' dir='ltr'>vetusta,</span> <span class='ocrx_word' id='word_1_298' title='bbox 298 2169 337 2207; x_wconf 90' lang='lat' dir='ltr'>in</span> <span class='ocrx_word' id='word_1_299' title='bbox 357 2169 498 2220; x_wconf 92' lang='lat' dir='ltr'>quibus</span> <span class='ocrx_word' id='word_1_300' title='bbox 519 2181 584 2206; x_wconf 90' lang='lat' dir='ltr'>eos</span> <span class='ocrx_word' id='word_1_301' title='bbox 604 2181 673 2220; x_wconf 90' lang='lat' dir='ltr'>par</span> <span class='ocrx_word' id='word_1_302' title='bbox 692 2176 754 2206; x_wconf 89' lang='lat' dir='ltr'>est</span> <span class='ocrx_word' id='word_1_303' title='bbox 781 2167 981 2206; x_wconf 88' lang='lat' dir='ltr'>insistere:</span> <span class='ocrx_word' id='word_1_304' title='bbox 1011 2180 1112 2205; x_wconf 85' lang='lat' dir='ltr'>nova</span> <span class='ocrx_word' id='word_1_305' title='bbox 1144 2167 1176 2205; x_wconf 91' lang='lat' dir='ltr'>si</span> <span class='ocrx_word' id='word_1_306' title='bbox 1208 2180 1296 2218; x_wconf 82' lang='lat' dir='ltr'>quae</span> <span class='ocrx_word' id='word_1_307' title='bbox 1329 2168 1577 2213; x_wconf 87' lang='lat' dir='ltr'>accesserint,</span> 
     </span>
     <span class='ocr_line' id='line_1_35' title="bbox 115 2228 1580 2281; baseline -0.001 -13"><span class='ocrx_word' id='word_1_308' title='bbox 115 2244 162 2269; x_wconf 88' lang='lat' dir='ltr'>ea</span> <span class='ocrx_word' id='word_1_309' title='bbox 179 2231 304 2281; x_wconf 88' lang='lat' dir='ltr'>puniri</span> <span class='ocrx_word' id='word_1_310' title='bbox 324 2230 518 2269; x_wconf 88' lang='lat' dir='ltr'>convenit.</span> <span class='ocrx_word' id='word_1_311' title='bbox 577 2230 628 2267; x_wconf 91' lang='lat' dir='ltr'>Et</span> <span class='ocrx_word' id='word_1_312' title='bbox 648 2230 782 2281; x_wconf 88' lang='lat' dir='ltr'>reliqui</span> <span class='ocrx_word' id='word_1_313' title='bbox 801 2229 955 2281; x_wconf 89' lang='lat' dir='ltr'>quidem</span> <span class='ocrx_word' id='word_1_314' title='bbox 977 2229 1138 2276; x_wconf 82' lang='lat' dir='ltr'>indices,</span> <span class='ocrx_word' id='word_1_315' title='bbox 1165 2229 1199 2267; x_wconf 89' lang='lat' dir='ltr'>si</span> <span class='ocrx_word' id='word_1_316' title='bbox 1226 2228 1293 2279; x_wconf 89' lang='lat' dir='ltr'>qui</span> <span class='ocrx_word' id='word_1_317' title='bbox 1319 2229 1485 2279; x_wconf 88' lang='lat' dir='ltr'>turpium</span> <span class='ocrx_word' id='word_1_318' title='bbox 1505 2229 1580 2267; x_wconf 88' lang='lat' dir='ltr'>cri-</span> 
     </span>
     <span class='ocr_line' id='line_1_36' title="bbox 115 2291 1578 2345; baseline -0.002 -14"><span class='ocrx_word' id='word_1_319' title='bbox 115 2294 261 2332; x_wconf 91' lang='lat' dir='ltr'>minum</span> <span class='ocrx_word' id='word_1_320' title='bbox 299 2306 391 2344; x_wconf 85' lang='lat' dir='ltr'>ergo</span> <span class='ocrx_word' id='word_1_321' title='bbox 421 2293 691 2345; x_wconf 88' lang='lat' dir='ltr'>comprehensi</span> <span class='ocrx_word' id='word_1_322' title='bbox 727 2293 802 2344; x_wconf 89' lang='lat' dir='ltr'>ipsi</span> <span class='ocrx_word' id='word_1_323' title='bbox 837 2305 922 2331; x_wconf 90' lang='lat' dir='ltr'>sese</span> <span class='ocrx_word' id='word_1_324' title='bbox 954 2291 1174 2336; x_wconf 86' lang='lat' dir='ltr'>indicarint,</span> <span class='ocrx_word' id='word_1_325' title='bbox 1211 2291 1384 2329; x_wconf 88' lang='lat' dir='ltr'>nondum</span> <span class='ocrx_word' id='word_1_326' title='bbox 1412 2291 1578 2330; x_wconf 88' lang='lat' dir='ltr'>convicti</span> 
     </span>
     <span class='ocr_line' id='line_1_37' title="bbox 116 2353 1579 2406; baseline -0.002 -13"><span class='ocrx_word' id='word_1_327' title='bbox 116 2368 243 2406; x_wconf 90' lang='lat' dir='ltr'>neque</span> <span class='ocrx_word' id='word_1_328' title='bbox 261 2355 298 2392; x_wconf 90' lang='lat' dir='ltr'>vi</span> <span class='ocrx_word' id='word_1_329' title='bbox 316 2360 628 2405; x_wconf 85' lang='lat' dir='ltr'>argumentorum</span> <span class='ocrx_word' id='word_1_330' title='bbox 647 2355 808 2392; x_wconf 90' lang='lat' dir='ltr'>minisve</span> <span class='ocrx_word' id='word_1_331' title='bbox 829 2361 897 2392; x_wconf 89' lang='lat' dir='ltr'>aut</span> <span class='ocrx_word' id='word_1_332' title='bbox 916 2358 1102 2404; x_wconf 86' lang='lat' dir='ltr'>apparatu</span> <span class='ocrx_word' id='word_1_333' title='bbox 1121 2359 1399 2391; x_wconf 87' lang='lat' dir='ltr'>tormentorum</span> <span class='ocrx_word' id='word_1_334' title='bbox 1420 2353 1469 2391; x_wconf 89' lang='lat' dir='ltr'>ad</span> <span class='ocrx_word' id='word_1_335' title='bbox 1489 2366 1579 2390; x_wconf 86' lang='lat' dir='ltr'>con-</span> 
     </span>
     <span class='ocr_line' id='line_1_38' title="bbox 115 2415 1576 2467; baseline -0.002 -12"><span class='ocrx_word' id='word_1_336' title='bbox 115 2417 320 2456; x_wconf 75' lang='lat' dir='ltr'>fessionem</span> <span class='ocrx_word' id='word_1_337' title='bbox 338 2417 418 2455; x_wconf 89' lang='lat' dir='ltr'>veri</span> <span class='ocrx_word' id='word_1_338' title='bbox 445 2417 586 2463; x_wconf 84' lang='lat' dir='ltr'>adacti,</span> <span class='ocrx_word' id='word_1_339' title='bbox 618 2423 817 2467; x_wconf 89' lang='lat' dir='ltr'>utcunque</span> <span class='ocrx_word' id='word_1_340' title='bbox 847 2417 924 2453; x_wconf 90' lang='lat' dir='ltr'>sint</span> <span class='ocrx_word' id='word_1_341' title='bbox 953 2416 1047 2454; x_wconf 90' lang='lat' dir='ltr'>alias</span> <span class='ocrx_word' id='word_1_342' title='bbox 1072 2416 1174 2454; x_wconf 89' lang='lat' dir='ltr'>bruti</span> <span class='ocrx_word' id='word_1_343' title='bbox 1208 2422 1247 2453; x_wconf 89' lang='lat' dir='ltr'>et</span> <span class='ocrx_word' id='word_1_344' title='bbox 1278 2416 1478 2460; x_wconf 89' lang='lat' dir='ltr'>immanes,</span> <span class='ocrx_word' id='word_1_345' title='bbox 1502 2415 1576 2452; x_wconf 91' lang='lat' dir='ltr'>hoc</span> 
     </span>
     <span class='ocr_line' id='line_1_39' title="bbox 117 2476 1575 2529; baseline -0.002 -13"><span class='ocrx_word' id='word_1_346' title='bbox 117 2492 236 2517; x_wconf 86' lang='lat' dir='ltr'>unum</span> <span class='ocrx_word' id='word_1_347' title='bbox 255 2485 385 2517; x_wconf 89' lang='lat' dir='ltr'>tamen</span> <span class='ocrx_word' id='word_1_348' title='bbox 406 2479 574 2529; x_wconf 85' lang='lat' dir='ltr'>sapiunt,</span> <span class='ocrx_word' id='word_1_349' title='bbox 596 2478 626 2515; x_wconf 88' lang='lat' dir='ltr'>si</span> <span class='ocrx_word' id='word_1_350' title='bbox 645 2491 743 2528; x_wconf 91' lang='lat' dir='ltr'>quos</span> <span class='ocrx_word' id='word_1_351' title='bbox 769 2478 953 2523; x_wconf 79' lang='lat' dir='ltr'>laeserint,</span> <span class='ocrx_word' id='word_1_352' title='bbox 973 2490 1020 2519; x_wconf 82' lang='lat' dir='ltr'>ex</span> <span class='ocrx_word' id='word_1_353' title='bbox 1040 2490 1173 2515; x_wconf 90' lang='lat' dir='ltr'>eorum</span> <span class='ocrx_word' id='word_1_354' title='bbox 1201 2484 1412 2528; x_wconf 88' lang='lat' dir='ltr'>conspectu</span> <span class='ocrx_word' id='word_1_355' title='bbox 1442 2476 1575 2527; x_wconf 86' lang='lat' dir='ltr'>procul</span> 
     </span>
     <span class='ocr_line' id='line_1_40' title="bbox 118 2538 1576 2590; baseline -0.001 -14"><span class='ocrx_word' id='word_1_356' title='bbox 118 2539 374 2578; x_wconf 80' lang='lat' dir='ltr'>secedendum</span> <span class='ocrx_word' id='word_1_357' title='bbox 394 2552 481 2577; x_wconf 87' lang='lat' dir='ltr'>esse</span> <span class='ocrx_word' id='word_1_358' title='bbox 500 2552 627 2589; x_wconf 88' lang='lat' dir='ltr'>neque</span> <span class='ocrx_word' id='word_1_359' title='bbox 646 2538 812 2590; x_wconf 89' lang='lat' dir='ltr'>amplius</span> <span class='ocrx_word' id='word_1_360' title='bbox 831 2538 1196 2576; x_wconf 87' lang='lat' dir='ltr'>incommodandum</span> <span class='ocrx_word' id='word_1_361' title='bbox 1212 2552 1221 2576; x_wconf 90' lang='lat'>:</span> <span class='ocrx_word' id='word_1_362' title='bbox 1252 2545 1355 2576; x_wconf 87' lang='lat' dir='ltr'>recte</span> <span class='ocrx_word' id='word_1_363' title='bbox 1371 2538 1470 2574; x_wconf 91' lang='lat' dir='ltr'>enim</span> <span class='ocrx_word' id='word_1_364' title='bbox 1488 2550 1576 2575; x_wconf 86' lang='lat' dir='ltr'>vero</span> 
     </span>
     <span class='ocr_line' id='line_1_41' title="bbox 119 2599 1576 2652; baseline 0 -17"><span class='ocrx_word' id='word_1_365' title='bbox 119 2599 283 2649; x_wconf 85' lang='lat' dir='ltr'>sapiunt,</span> <span class='ocrx_word' id='word_1_366' title='bbox 302 2601 577 2646; x_wconf 84' lang='lat' dir='ltr'>existimantes,</span> <span class='ocrx_word' id='word_1_367' title='bbox 597 2601 817 2652; x_wconf 89' lang='lat' dir='ltr'>ubicunque</span> <span class='ocrx_word' id='word_1_368' title='bbox 846 2601 1019 2638; x_wconf 88' lang='lat' dir='ltr'>locorum</span> <span class='ocrx_word' id='word_1_369' title='bbox 1037 2600 1172 2651; x_wconf 87' lang='lat' dir='ltr'>procul</span> <span class='ocrx_word' id='word_1_370' title='bbox 1192 2599 1353 2637; x_wconf 89' lang='lat' dir='ltr'>Athenis</span> <span class='ocrx_word' id='word_1_371' title='bbox 1374 2606 1503 2648; x_wconf 85' lang='lat' dir='ltr'>agant,</span> <span class='ocrx_word' id='word_1_372' title='bbox 1523 2599 1576 2636; x_wconf 91' lang='lat' dir='ltr'>ibi</span> 
     </span>
     <span class='ocr_line' id='line_1_42' title="bbox 118 2658 1573 2713; baseline 0.001 -17"><span class='ocrx_word' id='word_1_373' title='bbox 118 2658 232 2697; x_wconf 87' lang='lat' dir='ltr'>licere</span> <span class='ocrx_word' id='word_1_374' title='bbox 249 2661 319 2699; x_wconf 90' lang='lat' dir='ltr'>sibi</span> <span class='ocrx_word' id='word_1_375' title='bbox 337 2662 454 2701; x_wconf 90' lang='lat' dir='ltr'>salvis</span> <span class='ocrx_word' id='word_1_376' title='bbox 473 2669 513 2700; x_wconf 91' lang='lat' dir='ltr'>et</span> <span class='ocrx_word' id='word_1_377' title='bbox 531 2675 554 2701; x_wconf 89' lang='lat' dir='ltr'>a</span> <span class='ocrx_word' id='word_1_378' title='bbox 571 2675 685 2713; x_wconf 88' lang='lat' dir='ltr'>poena</span> <span class='ocrx_word' id='word_1_379' title='bbox 703 2663 797 2700; x_wconf 91' lang='lat' dir='ltr'>tutis</span> <span class='ocrx_word' id='word_1_380' title='bbox 832 2670 947 2712; x_wconf 83' lang='lat' dir='ltr'>atque</span> <span class='ocrx_word' id='word_1_381' title='bbox 982 2675 1070 2700; x_wconf 90' lang='lat' dir='ltr'>cum</span> <span class='ocrx_word' id='word_1_382' title='bbox 1105 2662 1291 2711; x_wconf 86' lang='lat' dir='ltr'>dignitate</span> <span class='ocrx_word' id='word_1_383' title='bbox 1322 2659 1490 2710; x_wconf 87' lang='lat' dir='ltr'>quadam</span> <span class='ocrx_word' id='word_1_384' title='bbox 1520 2660 1573 2698; x_wconf 91' lang='lat' dir='ltr'>vi-</span> 
     </span>
     <span class='ocr_line' id='line_1_43' title="bbox 118 2721 1574 2774; baseline 0.001 -16"><span class='ocrx_word' id='word_1_385' title='bbox 118 2733 221 2767; x_wconf 86' lang='lat' dir='ltr'>vere,</span> <span class='ocrx_word' id='word_1_386' title='bbox 242 2728 295 2768; x_wconf 85' lang='lat' dir='ltr'>ut,</span> <span class='ocrx_word' id='word_1_387' title='bbox 324 2724 460 2773; x_wconf 90' lang='lat' dir='ltr'>quibus</span> <span class='ocrx_word' id='word_1_388' title='bbox 489 2723 611 2774; x_wconf 86' lang='lat' dir='ltr'>ignoti</span> <span class='ocrx_word' id='word_1_389' title='bbox 644 2724 733 2769; x_wconf 88' lang='lat' dir='ltr'>sint,</span> <span class='ocrx_word' id='word_1_390' title='bbox 755 2724 800 2762; x_wconf 89' lang='lat' dir='ltr'>iis</span> <span class='ocrx_word' id='word_1_391' title='bbox 829 2724 898 2762; x_wconf 88' lang='lat' dir='ltr'>viri</span> <span class='ocrx_word' id='word_1_392' title='bbox 931 2723 1020 2761; x_wconf 88' lang='lat' dir='ltr'>boni</span> <span class='ocrx_word' id='word_1_393' title='bbox 1052 2730 1090 2760; x_wconf 89' lang='lat' dir='ltr'>et</span> <span class='ocrx_word' id='word_1_394' title='bbox 1119 2721 1273 2759; x_wconf 88' lang='lat' dir='ltr'>honesti</span> <span class='ocrx_word' id='word_1_395' title='bbox 1301 2721 1516 2767; x_wconf 88' lang='lat' dir='ltr'>videantur,</span> <span class='ocrx_word' id='word_1_396' title='bbox 1536 2728 1574 2759; x_wconf 91' lang='lat' dir='ltr'>et</span> 
     </span>
     <span class='ocr_line' id='line_1_44' title="bbox 118 2783 1571 2837; baseline 0.001 -19"><span class='ocrx_word' id='word_1_397' title='bbox 118 2795 314 2833; x_wconf 82' lang='lat' dir='ltr'>nunquam</span> <span class='ocrx_word' id='word_1_398' title='bbox 330 2783 484 2822; x_wconf 86' lang='lat' dir='ltr'>infamia</span> <span class='ocrx_word' id='word_1_399' title='bbox 501 2786 635 2831; x_wconf 87' lang='lat' dir='ltr'>notati,</span> <span class='ocrx_word' id='word_1_400' title='bbox 656 2786 726 2824; x_wconf 88' lang='lat' dir='ltr'>sed</span> <span class='ocrx_word' id='word_1_401' title='bbox 742 2785 893 2837; x_wconf 84' lang='lat' dir='ltr'>integro</span> <span class='ocrx_word' id='word_1_402' title='bbox 914 2784 1128 2836; x_wconf 87' lang='lat' dir='ltr'>gaudentes</span> <span class='ocrx_word' id='word_1_403' title='bbox 1148 2790 1252 2821; x_wconf 89' lang='lat' dir='ltr'>statu</span> <span class='ocrx_word' id='word_1_404' title='bbox 1279 2790 1318 2821; x_wconf 90' lang='lat' dir='ltr'>et</span> <span class='ocrx_word' id='word_1_405' title='bbox 1339 2784 1427 2834; x_wconf 88' lang='lat' dir='ltr'>jure</span> <span class='ocrx_word' id='word_1_406' title='bbox 1446 2783 1571 2828; x_wconf 88' lang='lat' dir='ltr'>civili;</span> 
     </span>
     <span class='ocr_line' id='line_1_45' title="bbox 118 2843 1570 2899; baseline 0.001 -18"><span class='ocrx_word' id='word_1_407' title='bbox 118 2844 176 2881; x_wconf 87' lang='lat' dir='ltr'>sin</span> <span class='ocrx_word' id='word_1_408' title='bbox 197 2850 324 2882; x_wconf 88' lang='lat' dir='ltr'>autem</span> <span class='ocrx_word' id='word_1_409' title='bbox 346 2843 449 2883; x_wconf 86' lang='lat' dir='ltr'>domi</span> <span class='ocrx_word' id='word_1_410' title='bbox 477 2854 672 2894; x_wconf 88' lang='lat' dir='ltr'>maneant,</span> <span class='ocrx_word' id='word_1_411' title='bbox 703 2860 778 2886; x_wconf 89' lang='lat' dir='ltr'>non</span> <span class='ocrx_word' id='word_1_412' title='bbox 811 2860 926 2899; x_wconf 81' lang='lat' dir='ltr'>posse</span> <span class='ocrx_word' id='word_1_413' title='bbox 958 2846 1099 2890; x_wconf 83' lang='lat' dir='ltr'>facere,</span> <span class='ocrx_word' id='word_1_414' title='bbox 1131 2858 1207 2895; x_wconf 89' lang='lat' dir='ltr'>quo</span> <span class='ocrx_word' id='word_1_415' title='bbox 1239 2845 1362 2884; x_wconf 91' lang='lat' dir='ltr'>minus</span> <span class='ocrx_word' id='word_1_416' title='bbox 1393 2845 1570 2884; x_wconf 87' lang='lat' dir='ltr'>homines</span> 
     </span>
    </p>
   </div>
  </div>
 </body>
</html>
