<?xml version="1.0" encoding="UTF-8"?>
<!DOCTYPE html PUBLIC "-//W3C//DTD XHTML 1.0 Transitional//EN"
    "http://www.w3.org/TR/xhtml1/DTD/xhtml1-transitional.dtd">
<html xmlns="http://www.w3.org/1999/xhtml" xml:lang="en" lang="en">
 <head>
  <title>
</title>
<meta http-equiv="Content-Type" content="text/html;charset=utf-8" />
  <meta name='ocr-system' content='tesseract 3.04.00' />
  <meta name='ocr-capabilities' content='ocr_page ocr_carea ocr_par ocr_line ocrx_word'/>
</head>
<body>
  <div class='ocr_page' id='page_1' title='image "./oratoresatticie13dobs_0015.png"; bbox 0 0 1911 3248; ppageno 0'>
   <div class='ocr_carea' id='block_1_1' title="bbox 120 414 1576 1377">
    <p class='ocr_par' dir='ltr' id='par_1_1' title="bbox 120 414 1576 461">
     <span class='ocr_line' id='line_1_1' title="bbox 120 414 1576 461; baseline -0.004 -9"><span class='ocrx_word' id='word_1_1' title='bbox 120 419 185 461; x_wconf 48' lang='lat' dir='ltr'><strong>Q·</strong></span> <span class='ocrx_word' id='word_1_2' title='bbox 203 419 471 452; x_wconf 74' lang='grc' dir='ltr'>ΑΝτιΡΗοΝτιε</span> <span class='ocrx_word' id='word_1_3' title='bbox 488 418 558 451; x_wconf 90' lang='lat' dir='ltr'><strong>mei</strong></span> <span class='ocrx_word' id='word_1_4' title='bbox 576 420 713 461; x_wconf 85' lang='lat' dir='ltr'><strong>partem</strong></span> <span class='ocrx_word' id='word_1_5' title='bbox 732 417 827 450; x_wconf 87' lang='lat' dir='ltr'><strong>haud</strong></span> <span class='ocrx_word' id='word_1_6' title='bbox 847 415 1031 449; x_wconf 86' lang='lat' dir='ltr'>minimam</span> <span class='ocrx_word' id='word_1_7' title='bbox 1048 414 1266 448; x_wconf 78' lang='lat' dir='ltr'><strong>excudendo</strong></span> <span class='ocrx_word' id='word_1_8' title='bbox 1278 414 1354 457; x_wconf 84' lang='lat' dir='ltr'><strong>jam</strong></span> <span class='ocrx_word' id='word_1_9' title='bbox 1372 414 1576 457; x_wconf 82' lang='lat' dir='ltr'><strong>profligave-</strong></span> 
     </span>
    </p>

    <p class='ocr_par' dir='ltr' id='par_1_2' title="bbox 120 467 1576 1377">
     <span class='ocr_line' id='line_1_2' title="bbox 120 467 1573 516; baseline -0.004 -10"><span class='ocrx_word' id='word_1_10' title='bbox 120 505 123 507; x_wconf 88' lang='grc'><em>,</em></span> <span class='ocrx_word' id='word_1_11' title='bbox 165 475 245 506; x_wconf 81' lang='lat' dir='ltr'><strong>rant</strong></span> <span class='ocrx_word' id='word_1_12' title='bbox 254 483 386 516; x_wconf 83' lang='lat' dir='ltr'><strong>operae,</strong></span> <span class='ocrx_word' id='word_1_13' title='bbox 398 482 481 505; x_wconf 85' lang='lat' dir='ltr'><strong>cnm</strong></span> <span class='ocrx_word' id='word_1_14' title='bbox 496 472 656 504; x_wconf 89' lang='lat' dir='ltr'><strong>nondum</strong></span> <span class='ocrx_word' id='word_1_15' title='bbox 670 471 830 504; x_wconf 85' lang='lat' dir='ltr'><strong>animum</strong></span> <span class='ocrx_word' id='word_1_16' title='bbox 845 470 1135 513; x_wconf 80' lang='lat' dir='ltr'><strong>Interpretationi</strong></span> <span class='ocrx_word' id='word_1_17' title='bbox 1149 469 1293 502; x_wconf 80' lang='lat' dir='ltr'><strong>Latinae</strong></span> <span class='ocrx_word' id='word_1_18' title='bbox 1305 467 1573 500; x_wconf 66' lang='lat' dir='ltr'><strong>conscribendae</strong></span> 
     </span>
     <span class='ocr_line' id='line_1_3' title="bbox 167 520 1574 569; baseline -0.003 -11"><span class='ocrx_word' id='word_1_19' title='bbox 167 526 390 569; x_wconf 81' lang='lat' dir='ltr'><strong>adjecissem.</strong></span> <span class='ocrx_word' id='word_1_20' title='bbox 439 524 602 558; x_wconf 81' lang='lat' dir='ltr'><strong>Tandem</strong></span> <span class='ocrx_word' id='word_1_21' title='bbox 619 524 822 565; x_wconf 86' lang='lat' dir='ltr'><strong>intelligens</strong></span> <span class='ocrx_word' id='word_1_22' title='bbox 836 523 1085 556; x_wconf 86' lang='lat' dir='ltr'><strong>necessitatem</strong></span> <span class='ocrx_word' id='word_1_23' title='bbox 1101 523 1163 563; x_wconf 88' lang='lat' dir='ltr'><strong>rei,</strong></span> <span class='ocrx_word' id='word_1_24' title='bbox 1179 522 1269 555; x_wconf 85' lang='lat' dir='ltr'><strong>cessi</strong></span> <span class='ocrx_word' id='word_1_25' title='bbox 1284 521 1330 562; x_wconf 80' lang='lat' dir='ltr'><strong>ei,</strong></span> <span class='ocrx_word' id='word_1_26' title='bbox 1348 520 1574 564; x_wconf 87' lang='lat' dir='ltr'><strong>publicisque</strong></span> 
     </span>
     <span class='ocr_line' id='line_1_4' title="bbox 169 575 1575 620; baseline -0.002 -9"><span class='ocrx_word' id='word_1_27' title='bbox 169 580 366 612; x_wconf 86' lang='lat' dir='ltr'><strong>commodis</strong></span> <span class='ocrx_word' id='word_1_28' title='bbox 377 578 600 612; x_wconf 85' lang='lat' dir='ltr'>aversionem</span> <span class='ocrx_word' id='word_1_29' title='bbox 614 578 722 612; x_wconf 84' lang='lat' dir='ltr'><strong>animi</strong></span> <span class='ocrx_word' id='word_1_30' title='bbox 735 579 801 611; x_wconf 87' lang='lat' dir='ltr'><strong>mei</strong></span> <span class='ocrx_word' id='word_1_31' title='bbox 814 578 859 611; x_wconf 87' lang='lat' dir='ltr'><strong>ab</strong></span> <span class='ocrx_word' id='word_1_32' title='bbox 870 578 1044 620; x_wconf 86' lang='lat' dir='ltr'><strong>ejusmodi</strong></span> <span class='ocrx_word' id='word_1_33' title='bbox 1057 588 1165 620; x_wconf 84' lang='lat' dir='ltr'><strong>opera</strong></span> <span class='ocrx_word' id='word_1_34' title='bbox 1175 577 1304 610; x_wconf 79' lang='lat' dir='ltr'><strong>servire</strong></span> <span class='ocrx_word' id='word_1_35' title='bbox 1316 576 1430 618; x_wconf 85' lang='lat' dir='ltr'>coegi.</span> <span class='ocrx_word' id='word_1_36' title='bbox 1447 575 1575 609; x_wconf 89' lang='lat' dir='ltr'><strong>Subito</strong></span> 
     </span>
     <span class='ocr_line' id='line_1_5' title="bbox 170 629 1575 676; baseline -0.002 -12"><span class='ocrx_word' id='word_1_37' title='bbox 170 632 372 665; x_wconf 87' lang='lat' dir='ltr'><strong>concitatus</strong></span> <span class='ocrx_word' id='word_1_38' title='bbox 399 632 549 676; x_wconf 87' lang='lat' dir='ltr'><strong>impetu,</strong></span> <span class='ocrx_word' id='word_1_39' title='bbox 567 632 670 665; x_wconf 90' lang='lat' dir='ltr'><strong>initio</strong></span> <span class='ocrx_word' id='word_1_40' title='bbox 697 632 827 665; x_wconf 80' lang='lat' dir='ltr'><strong>mensis</strong></span> <span class='ocrx_word' id='word_1_41' title='bbox 851 631 990 672; x_wconf 87' lang='lat' dir='ltr'><strong>Martii,</strong></span> <span class='ocrx_word' id='word_1_42' title='bbox 1009 641 1143 674; x_wconf 87' lang='lat' dir='ltr'><strong>paucos</strong></span> <span class='ocrx_word' id='word_1_43' title='bbox 1158 630 1250 664; x_wconf 89' lang='lat' dir='ltr'><strong>intra</strong></span> <span class='ocrx_word' id='word_1_44' title='bbox 1269 630 1357 670; x_wconf 90' lang='lat' dir='ltr'><strong>dies,</strong></span> <span class='ocrx_word' id='word_1_45' title='bbox 1371 640 1462 673; x_wconf 93' lang='lat' dir='ltr'><strong>quos</strong></span> <span class='ocrx_word' id='word_1_46' title='bbox 1480 629 1575 673; x_wconf 88' lang='lat' dir='ltr'><strong>ipsos</strong></span> 
     </span>
     <span class='ocr_line' id='line_1_6' title="bbox 170 682 1576 728; baseline -0.001 -11"><span class='ocrx_word' id='word_1_47' title='bbox 170 685 301 718; x_wconf 87' lang='lat' dir='ltr'><strong>scholae</strong></span> <span class='ocrx_word' id='word_1_48' title='bbox 319 685 485 728; x_wconf 87' lang='lat' dir='ltr'><strong>publicae,</strong></span> <span class='ocrx_word' id='word_1_49' title='bbox 503 689 538 718; x_wconf 89' lang='lat' dir='ltr'><strong>et</strong></span> <span class='ocrx_word' id='word_1_50' title='bbox 556 685 750 719; x_wconf 76' lang='lat' dir='ltr'><strong>necessitas</strong></span> <span class='ocrx_word' id='word_1_51' title='bbox 774 684 858 718; x_wconf 84' lang='lat' dir='ltr'><strong>solia</strong></span> <span class='ocrx_word' id='word_1_52' title='bbox 875 695 894 717; x_wconf 93' lang='lat' dir='ltr'><strong>a</strong></span> <span class='ocrx_word' id='word_1_53' title='bbox 913 685 1009 727; x_wconf 87' lang='lat' dir='ltr'><strong>prelo</strong></span> <span class='ocrx_word' id='word_1_54' title='bbox 1031 684 1212 717; x_wconf 84' lang='lat' dir='ltr'><strong>madentia</strong></span> <span class='ocrx_word' id='word_1_55' title='bbox 1238 682 1473 727; x_wconf 82' lang='lat' dir='ltr'><strong>perlustrandi</strong></span> <span class='ocrx_word' id='word_1_56' title='bbox 1496 685 1533 715; x_wconf 86' lang='lat' dir='ltr'><strong>ct</strong></span> <span class='ocrx_word' id='word_1_57' title='bbox 1555 693 1576 715; x_wconf 82' lang='lat' dir='ltr'><strong>a</strong></span> 
     </span>
     <span class='ocr_line' id='line_1_7' title="bbox 167 735 1575 782; baseline -0.002 -11"><span class='ocrx_word' id='word_1_58' title='bbox 167 738 307 772; x_wconf 89' lang='lat' dir='ltr'><strong>mendis</strong></span> <span class='ocrx_word' id='word_1_59' title='bbox 322 738 591 781; x_wconf 70' lang='lat' dir='ltr'><strong>typographicis</strong></span> <span class='ocrx_word' id='word_1_60' title='bbox 608 739 784 782; x_wconf 83' lang='lat' dir='ltr'><strong>purgandi</strong></span> <span class='ocrx_word' id='word_1_61' title='bbox 804 739 861 782; x_wconf 88' lang='lat' dir='ltr'><strong>(ut</strong></span> <span class='ocrx_word' id='word_1_62' title='bbox 885 739 954 771; x_wconf 88' lang='lat' dir='ltr'><strong>alia</strong></span> <span class='ocrx_word' id='word_1_63' title='bbox 977 739 1123 780; x_wconf 81' lang='lat' dir='ltr'><strong>negotia</strong></span> <span class='ocrx_word' id='word_1_64' title='bbox 1145 736 1315 779; x_wconf 82' lang='lat' dir='ltr'><strong>taceam),</strong></span> <span class='ocrx_word' id='word_1_65' title='bbox 1333 737 1440 770; x_wconf 88' lang='lat' dir='ltr'><strong>nimis</strong></span> <span class='ocrx_word' id='word_1_66' title='bbox 1465 735 1575 769; x_wconf 86' lang='lat' dir='ltr'><strong>etiam</strong></span> 
     </span>
     <span class='ocr_line' id='line_1_8' title="bbox 165 788 1575 837; baseline -0.001 -12"><span class='ocrx_word' id='word_1_67' title='bbox 165 796 373 826; x_wconf 66' lang='lat' dir='ltr'><strong>coartamur</strong></span> <span class='ocrx_word' id='word_1_68' title='bbox 396 797 504 837; x_wconf 85' lang='lat' dir='ltr'><strong>atque</strong></span> <span class='ocrx_word' id='word_1_69' title='bbox 527 794 809 836; x_wconf 76' lang='lat' dir='ltr'><strong>interpellarunt,</strong></span> <span class='ocrx_word' id='word_1_70' title='bbox 828 792 1064 836; x_wconf 73' lang='lat' dir='ltr'><strong>Antiphontis</strong></span> <span class='ocrx_word' id='word_1_71' title='bbox 1083 791 1278 835; x_wconf 84' lang='lat' dir='ltr'><strong>conscripsi</strong></span> <span class='ocrx_word' id='word_1_72' title='bbox 1295 791 1463 824; x_wconf 87' lang='lat' dir='ltr'><strong>Latinam</strong></span> <span class='ocrx_word' id='word_1_73' title='bbox 1480 788 1575 823; x_wconf 84' lang='lat' dir='ltr'><strong>Ver-</strong></span> 
     </span>
     <span class='ocr_line' id='line_1_9' title="bbox 166 845 1575 890; baseline -0.001 -11"><span class='ocrx_word' id='word_1_74' title='bbox 166 847 302 880; x_wconf 86' lang='lat' dir='ltr'><strong>sionem</strong></span> <span class='ocrx_word' id='word_1_75' title='bbox 330 846 435 888; x_wconf 84' lang='lat' dir='ltr'><strong>hanc,</strong></span> <span class='ocrx_word' id='word_1_76' title='bbox 459 858 566 890; x_wconf 89' lang='lat' dir='ltr'><strong>quam</strong></span> <span class='ocrx_word' id='word_1_77' title='bbox 596 857 706 888; x_wconf 87' lang='lat' dir='ltr'><strong>nunc,</strong></span> <span class='ocrx_word' id='word_1_78' title='bbox 725 857 798 890; x_wconf 92' lang='lat' dir='ltr'><strong>quo</strong></span> <span class='ocrx_word' id='word_1_79' title='bbox 820 850 981 890; x_wconf 82' lang='lat' dir='ltr'><strong>tempore.</strong></span> <span class='ocrx_word' id='word_1_80' title='bbox 1005 846 1097 879; x_wconf 82' lang='lat' dir='ltr'><strong>lianc</strong></span> <span class='ocrx_word' id='word_1_81' title='bbox 1120 845 1434 890; x_wconf 68' lang='lat' dir='ltr'><strong>praefatiunculam</strong></span> <span class='ocrx_word' id='word_1_82' title='bbox 1453 855 1575 887; x_wconf 76' lang='lat' dir='ltr'><strong>exaro,</strong></span> 
     </span>
     <span class='ocr_line' id='line_1_10' title="bbox 165 899 1573 944; baseline -0.003 -10"><span class='ocrx_word' id='word_1_83' title='bbox 165 902 287 944; x_wconf 87' lang='lat' dir='ltr'><strong>operis</strong></span> <span class='ocrx_word' id='word_1_84' title='bbox 303 912 425 934; x_wconf 90' lang='lat' dir='ltr'><strong>rursus</strong></span> <span class='ocrx_word' id='word_1_85' title='bbox 439 902 484 934; x_wconf 85' lang='lat' dir='ltr'><strong>ad</strong></span> <span class='ocrx_word' id='word_1_86' title='bbox 497 912 610 944; x_wconf 83' lang='lat' dir='ltr'><strong>pensa</strong></span> <span class='ocrx_word' id='word_1_87' title='bbox 623 901 868 940; x_wconf 77' lang='lat' dir='ltr'><strong>redeuntibus,</strong></span> <span class='ocrx_word' id='word_1_88' title='bbox 882 912 945 944; x_wconf 87' lang='lat' dir='ltr'><strong>per</strong></span> <span class='ocrx_word' id='word_1_89' title='bbox 958 900 1201 935; x_wconf 85' lang='lat' dir='ltr'><strong>nundinarum</strong></span> <span class='ocrx_word' id='word_1_90' title='bbox 1215 902 1343 932; x_wconf 83' lang='lat' dir='ltr'><strong>aestum</strong></span> <span class='ocrx_word' id='word_1_91' title='bbox 1361 899 1573 941; x_wconf 86' lang='lat' dir='ltr'><strong>intercepta,</strong></span> 
     </span>
     <span class='ocr_line' id='line_1_11' title="bbox 167 953 1575 998; baseline -0.001 -11"><span class='ocrx_word' id='word_1_92' title='bbox 167 964 423 997; x_wconf 80' lang='lat' dir='ltr'><strong>recognoscere</strong></span> <span class='ocrx_word' id='word_1_93' title='bbox 440 958 477 987; x_wconf 82' lang='lat' dir='ltr'><strong>et</strong></span> <span class='ocrx_word' id='word_1_94' title='bbox 493 954 651 994; x_wconf 83' lang='lat' dir='ltr'><strong>elimare,</strong></span> <span class='ocrx_word' id='word_1_95' title='bbox 667 965 783 997; x_wconf 86' lang='lat' dir='ltr'><strong>neque</strong></span> <span class='ocrx_word' id='word_1_96' title='bbox 799 957 917 996; x_wconf 86' lang='lat' dir='ltr'><strong>vacat,</strong></span> <span class='ocrx_word' id='word_1_97' title='bbox 931 965 1049 998; x_wconf 89' lang='lat' dir='ltr'><strong>neque</strong></span> <span class='ocrx_word' id='word_1_98' title='bbox 1062 954 1178 996; x_wconf 79' lang='lat' dir='ltr'><strong>juvat.</strong></span> <span class='ocrx_word' id='word_1_99' title='bbox 1224 953 1355 986; x_wconf 81' lang='lat' dir='ltr'><strong>Totam</strong></span> <span class='ocrx_word' id='word_1_100' title='bbox 1373 953 1469 987; x_wconf 87' lang='lat' dir='ltr'><strong>enim</strong></span> <span class='ocrx_word' id='word_1_101' title='bbox 1483 953 1575 986; x_wconf 86' lang='lat' dir='ltr'><strong>hanc</strong></span> 
     </span>
     <span class='ocr_line' id='line_1_12' title="bbox 169 1007 1574 1052; baseline -0.001 -10"><span class='ocrx_word' id='word_1_102' title='bbox 169 1011 332 1042; x_wconf 77' lang='lat' dir='ltr'><strong>aestatem</strong></span> <span class='ocrx_word' id='word_1_103' title='bbox 350 1009 530 1042; x_wconf 89' lang='lat' dir='ltr'><strong>indicibus</strong></span> <span class='ocrx_word' id='word_1_104' title='bbox 545 1008 835 1042; x_wconf 86' lang='lat' dir='ltr'><strong>Demosthenicis</strong></span> <span class='ocrx_word' id='word_1_105' title='bbox 852 1008 1097 1049; x_wconf 84' lang='lat' dir='ltr'><strong>conficiendis,</strong></span> <span class='ocrx_word' id='word_1_106' title='bbox 1112 1009 1173 1052; x_wconf 89' lang='lat' dir='ltr'><strong>qui</strong></span> <span class='ocrx_word' id='word_1_107' title='bbox 1187 1007 1307 1041; x_wconf 83' lang='lat' dir='ltr'><strong>statim</strong></span> <span class='ocrx_word' id='word_1_108' title='bbox 1324 1007 1391 1040; x_wconf 89' lang='lat' dir='ltr'><strong>hoc</strong></span> <span class='ocrx_word' id='word_1_109' title='bbox 1406 1008 1574 1041; x_wconf 85' lang='lat' dir='ltr'><strong>volumen</strong></span> 
     </span>
     <span class='ocr_line' id='line_1_13' title="bbox 169 1061 1574 1107; baseline -0.001 -11"><span class='ocrx_word' id='word_1_110' title='bbox 169 1067 339 1096; x_wconf 75' lang='lat' dir='ltr'><strong>octavum</strong></span> <span class='ocrx_word' id='word_1_111' title='bbox 361 1066 639 1107; x_wconf 81' lang='lat' dir='ltr'><strong>consequentur,</strong></span> <span class='ocrx_word' id='word_1_112' title='bbox 662 1063 882 1103; x_wconf 85' lang='lat' dir='ltr'><strong>consecravi,</strong></span> <span class='ocrx_word' id='word_1_113' title='bbox 905 1066 942 1096; x_wconf 89' lang='lat' dir='ltr'><strong>et</strong></span> <span class='ocrx_word' id='word_1_114' title='bbox 964 1063 1028 1097; x_wconf 86' lang='lat' dir='ltr'><strong>bac</strong></span> <span class='ocrx_word' id='word_1_115' title='bbox 1052 1073 1123 1096; x_wconf 91' lang='lat' dir='ltr'><strong>una</strong></span> <span class='ocrx_word' id='word_1_116' title='bbox 1143 1063 1178 1095; x_wconf 93' lang='lat' dir='ltr'><strong>in</strong></span> <span class='ocrx_word' id='word_1_117' title='bbox 1203 1072 1288 1095; x_wconf 85' lang='lat' dir='ltr'><strong>cura</strong></span> <span class='ocrx_word' id='word_1_118' title='bbox 1310 1061 1460 1102; x_wconf 80' lang='lat' dir='ltr'><strong>defixus,</strong></span> <span class='ocrx_word' id='word_1_119' title='bbox 1478 1072 1500 1094; x_wconf 91' lang='lat' dir='ltr'><strong>a</strong></span> <span class='ocrx_word' id='word_1_120' title='bbox 1515 1071 1574 1095; x_wconf 84' lang='lat' dir='ltr'><strong>me</strong></span> 
     </span>
     <span class='ocr_line' id='line_1_14' title="bbox 169 1116 1573 1160; baseline -0.001 -11"><span class='ocrx_word' id='word_1_121' title='bbox 169 1116 361 1160; x_wconf 83' lang='lat' dir='ltr'><strong>impetrare</strong></span> <span class='ocrx_word' id='word_1_122' title='bbox 375 1127 445 1149; x_wconf 91' lang='lat' dir='ltr'><strong>non</strong></span> <span class='ocrx_word' id='word_1_123' title='bbox 457 1128 615 1160; x_wconf 90' lang='lat' dir='ltr'><strong>possum,</strong></span> <span class='ocrx_word' id='word_1_124' title='bbox 632 1120 672 1150; x_wconf 92' lang='lat' dir='ltr'><strong>ut</strong></span> <span class='ocrx_word' id='word_1_125' title='bbox 685 1117 728 1150; x_wconf 92' lang='lat' dir='ltr'><strong>ad</strong></span> <span class='ocrx_word' id='word_1_126' title='bbox 743 1117 812 1150; x_wconf 91' lang='lat' dir='ltr'><strong>alia</strong></span> <span class='ocrx_word' id='word_1_127' title='bbox 825 1120 980 1150; x_wconf 83' lang='lat' dir='ltr'><strong>mentem</strong></span> <span class='ocrx_word' id='word_1_128' title='bbox 995 1117 1241 1160; x_wconf 83' lang='lat' dir='ltr'><strong>detorqueam.</strong></span> <span class='ocrx_word' id='word_1_129' title='bbox 1275 1116 1397 1156; x_wconf 86' lang='lat' dir='ltr'><strong>Quare</strong></span> <span class='ocrx_word' id='word_1_130' title='bbox 1409 1116 1573 1158; x_wconf 86' lang='lat' dir='ltr'><strong>lectores,</strong></span> 
     </span>
     <span class='ocr_line' id='line_1_15' title="bbox 170 1170 1573 1215; baseline -0.001 -11"><span class='ocrx_word' id='word_1_131' title='bbox 170 1182 252 1205; x_wconf 83' lang='lat' dir='ltr'><strong>eum</strong></span> <span class='ocrx_word' id='word_1_132' title='bbox 279 1173 400 1215; x_wconf 87' lang='lat' dir='ltr'><strong>lapsus</strong></span> <span class='ocrx_word' id='word_1_133' title='bbox 425 1172 599 1215; x_wconf 85' lang='lat' dir='ltr'><strong>quosdam</strong></span> <span class='ocrx_word' id='word_1_134' title='bbox 625 1172 825 1215; x_wconf 84' lang='lat' dir='ltr'><strong>interpretis</strong></span> <span class='ocrx_word' id='word_1_135' title='bbox 850 1171 1132 1205; x_wconf 66' lang='lat' dir='ltr'><strong>festinantis‘hic</strong></span> <span class='ocrx_word' id='word_1_136' title='bbox 1159 1170 1440 1214; x_wconf 85' lang='lat' dir='ltr'><strong>deprehendent,</strong></span> <span class='ocrx_word' id='word_1_137' title='bbox 1464 1171 1573 1204; x_wconf 88' lang='lat' dir='ltr'><strong>etiam</strong></span> 
     </span>
     <span class='ocr_line' id='line_1_16' title="bbox 170 1223 1576 1269; baseline -0.001 -11"><span class='ocrx_word' id='word_1_138' title='bbox 170 1229 279 1269; x_wconf 87' lang='lat' dir='ltr'><strong>atque</strong></span> <span class='ocrx_word' id='word_1_139' title='bbox 295 1226 404 1258; x_wconf 88' lang='lat' dir='ltr'><strong>etiam</strong></span> <span class='ocrx_word' id='word_1_140' title='bbox 420 1228 562 1267; x_wconf 86' lang='lat' dir='ltr'><strong>rogatos</strong></span> <span class='ocrx_word' id='word_1_141' title='bbox 579 1226 669 1265; x_wconf 84' lang='lat' dir='ltr'><strong>volo,</strong></span> <span class='ocrx_word' id='word_1_142' title='bbox 689 1228 728 1257; x_wconf 91' lang='lat' dir='ltr'><strong>ut</strong></span> <span class='ocrx_word' id='word_1_143' title='bbox 745 1225 962 1257; x_wconf 78' lang='lat' dir='ltr'><strong>festinationi</strong></span> <span class='ocrx_word' id='word_1_144' title='bbox 979 1225 1178 1267; x_wconf 82' lang='lat' dir='ltr'><strong>ignoscant.</strong></span> <span class='ocrx_word' id='word_1_145' title='bbox 1229 1223 1347 1257; x_wconf 85' lang='lat' dir='ltr'><strong>Prima</strong></span> <span class='ocrx_word' id='word_1_146' title='bbox 1363 1224 1399 1256; x_wconf 89' lang='lat' dir='ltr'><strong>in</strong></span> <span class='ocrx_word' id='word_1_147' title='bbox 1417 1223 1576 1256; x_wconf 90' lang='lat' dir='ltr'><strong>oratione</strong></span> 
     </span>
     <span class='ocr_line' id='line_1_17' title="bbox 170 1276 1574 1321; baseline -0.002 -9"><span class='ocrx_word' id='word_1_148' title='bbox 170 1279 355 1312; x_wconf 78' lang='lat' dir='ltr'><strong>reddenda</strong></span> <span class='ocrx_word' id='word_1_149' title='bbox 371 1279 420 1311; x_wconf 87' lang='lat' dir='ltr'><strong>fni</strong></span> <span class='ocrx_word' id='word_1_150' title='bbox 437 1278 567 1321; x_wconf 84' lang='lat' dir='ltr'><strong>passim</strong></span> <span class='ocrx_word' id='word_1_151' title='bbox 585 1278 744 1311; x_wconf 89' lang='lat' dir='ltr'><strong>locorum</strong></span> <span class='ocrx_word' id='word_1_152' title='bbox 764 1279 872 1320; x_wconf 88' lang='lat' dir='ltr'><strong>paulo</strong></span> <span class='ocrx_word' id='word_1_153' title='bbox 888 1277 1080 1321; x_wconf 85' lang='lat' dir='ltr'><strong>copiosior;</strong></span> <span class='ocrx_word' id='word_1_154' title='bbox 1106 1278 1141 1310; x_wconf 90' lang='lat' dir='ltr'><strong>in</strong></span> <span class='ocrx_word' id='word_1_155' title='bbox 1160 1277 1302 1321; x_wconf 90' lang='lat' dir='ltr'><strong>reliquis</strong></span> <span class='ocrx_word' id='word_1_156' title='bbox 1318 1287 1461 1320; x_wconf 87' lang='lat' dir='ltr'><strong>operam</strong></span> <span class='ocrx_word' id='word_1_157' title='bbox 1479 1276 1574 1316; x_wconf 87' lang='lat' dir='ltr'><strong>dedi,</strong></span> 
     </span>
     <span class='ocr_line' id='line_1_18' title="bbox 171 1331 1545 1377; baseline -0.001 -11"><span class='ocrx_word' id='word_1_158' title='bbox 171 1336 212 1366; x_wconf 87' lang='lat' dir='ltr'><strong>ut</strong></span> <span class='ocrx_word' id='word_1_159' title='bbox 230 1333 382 1376; x_wconf 83' lang='lat' dir='ltr'><strong>pressior</strong></span> <span class='ocrx_word' id='word_1_160' title='bbox 397 1335 505 1377; x_wconf 88' lang='lat' dir='ltr'><strong>atque</strong></span> <span class='ocrx_word' id='word_1_161' title='bbox 523 1333 724 1366; x_wconf 77' lang='lat' dir='ltr'><strong>adstrictior</strong></span> <span class='ocrx_word' id='word_1_162' title='bbox 741 1343 867 1366; x_wconf 87' lang='lat' dir='ltr'><strong>essem.</strong></span> <span class='ocrx_word' id='word_1_163' title='bbox 916 1332 1047 1376; x_wconf 88' lang='lat' dir='ltr'><strong>Scripsi</strong></span> <span class='ocrx_word' id='word_1_164' title='bbox 1065 1333 1100 1365; x_wconf 91' lang='lat' dir='ltr'><strong>d.</strong></span> <span class='ocrx_word' id='word_1_165' title='bbox 1118 1335 1151 1366; x_wconf 81' lang='lat'><strong>4.</strong></span> <span class='ocrx_word' id='word_1_166' title='bbox 1170 1332 1267 1365; x_wconf 88' lang='lat' dir='ltr'><strong>Iunii</strong></span> <span class='ocrx_word' id='word_1_167' title='bbox 1287 1333 1387 1365; x_wconf 77' lang='lat'><strong>1773.</strong></span> <span class='ocrx_word' id='word_1_168' title='bbox 1408 1331 1545 1365; x_wconf 66' lang='lat' dir='ltr'><strong>Remu.-</strong></span> 
     </span>
    </p>
   </div>
   <div class='ocr_carea' id='block_1_2' title="bbox 572 1616 1115 1672">
    <p class='ocr_par' dir='ltr' id='par_1_3' title="bbox 572 1616 1115 1672">
     <span class='ocr_line' id='line_1_19' title="bbox 572 1616 1115 1672; baseline -0.007 0"><span class='ocrx_word' id='word_1_169' title='bbox 572 1616 1115 1672; x_wconf 88' lang='lat' dir='ltr'>ANTIPHONTIS</span> 
     </span>
    </p>
   </div>
   <div class='ocr_carea' id='block_1_3' title="bbox 239 1752 1462 1913">
    <p class='ocr_par' dir='ltr' id='par_1_4' title="bbox 239 1752 1462 1913">
     <span class='ocr_line' id='line_1_20' title="bbox 239 1752 1462 1806; baseline -0.007 0"><span class='ocrx_word' id='word_1_170' title='bbox 239 1758 488 1806; x_wconf 86' lang='lat' dir='ltr'>NECIS</span> <span class='ocrx_word' id='word_1_171' title='bbox 537 1755 1009 1804; x_wconf 87' lang='lat' dir='ltr'>VENEFICIO</span> <span class='ocrx_word' id='word_1_172' title='bbox 1060 1752 1462 1801; x_wconf 85' lang='lat' dir='ltr'><strong>PATRATAE</strong></span> 
     </span>
     <span class='ocr_line' id='line_1_21' title="bbox 671 1870 1025 1913; baseline -0.011 0"><span class='ocrx_word' id='word_1_173' title='bbox 671 1870 1025 1913; x_wconf 80' lang='lat' dir='ltr'>ACCUSATIO.</span> 
     </span>
    </p>
   </div>
   <div class='ocr_carea' id='block_1_4' title="bbox 649 2034 1052 2065">
    <p class='ocr_par' dir='ltr' id='par_1_5' title="bbox 649 2034 1052 2065">
     <span class='ocr_line' id='line_1_22' title="bbox 649 2034 1052 2065; baseline -0.01 0"><span class='ocrx_word' id='word_1_174' title='bbox 649 2034 1052 2065; x_wconf 78' lang='lat' dir='ltr'><strong>ARGUMENTUM.</strong></span> 
     </span>
    </p>
   </div>
   <div class='ocr_carea' id='block_1_5' title="bbox 127 2103 1580 2605">
    <p class='ocr_par' dir='ltr' id='par_1_6' title="bbox 127 2103 1580 2605">
     <span class='ocr_line' id='line_1_23' title="bbox 170 2103 1577 2151; baseline -0.009 -7"><span class='ocrx_word' id='word_1_175' title='bbox 170 2116 375 2145; x_wconf 63' lang='lat' dir='ltr'><strong>Panormus</strong></span> <span class='ocrx_word' id='word_1_176' title='bbox 388 2112 522 2151; x_wconf 89' lang='lat' dir='ltr'><strong>quidam,</strong></span> <span class='ocrx_word' id='word_1_177' title='bbox 532 2111 699 2140; x_wconf 75' lang='lat' dir='ltr'><strong>concubina</strong></span> <span class='ocrx_word' id='word_1_178' title='bbox 712 2115 812 2144; x_wconf 82' lang='lat' dir='ltr'><strong>utens,</strong></span> <span class='ocrx_word' id='word_1_179' title='bbox 826 2108 920 2147; x_wconf 86' lang='lat' dir='ltr'><strong>patris</strong></span> <span class='ocrx_word' id='word_1_180' title='bbox 933 2108 1021 2146; x_wconf 75' lang='lat' dir='ltr'><strong>liujus</strong></span> <span class='ocrx_word' id='word_1_181' title='bbox 1034 2105 1162 2136; x_wconf 80' lang='lat' dir='ltr'><strong>oratoris</strong></span> <span class='ocrx_word' id='word_1_182' title='bbox 1173 2105 1287 2134; x_wconf 86' lang='lat' dir='ltr'><strong>amicus</strong></span> <span class='ocrx_word' id='word_1_183' title='bbox 1299 2108 1373 2133; x_wconf 78' lang='lat' dir='ltr'><strong>erat.</strong></span> <span class='ocrx_word' id='word_1_184' title='bbox 1419 2103 1493 2138; x_wconf 91' lang='lat' dir='ltr'><strong>Hic,</strong></span> <span class='ocrx_word' id='word_1_185' title='bbox 1506 2113 1577 2133; x_wconf 88' lang='lat' dir='ltr'><strong>con-</strong></span> 
     </span>
     <span class='ocr_line' id='line_1_24' title="bbox 127 2154 1577 2204; baseline -0.012 -6"><span class='ocrx_word' id='word_1_186' title='bbox 127 2168 244 2198; x_wconf 88' lang='lat' dir='ltr'><strong>cubinae</strong></span> <span class='ocrx_word' id='word_1_187' title='bbox 268 2166 461 2204; x_wconf 82' lang='lat' dir='ltr'><strong>redarguens,</strong></span> <span class='ocrx_word' id='word_1_188' title='bbox 485 2163 529 2192; x_wconf 87' lang='lat' dir='ltr'><strong>illi</strong></span> <span class='ocrx_word' id='word_1_189' title='bbox 554 2162 683 2191; x_wconf 85' lang='lat' dir='ltr'><strong>minatus</strong></span> <span class='ocrx_word' id='word_1_190' title='bbox 706 2165 751 2189; x_wconf 85' lang='lat' dir='ltr'><strong>est</strong></span> <span class='ocrx_word' id='word_1_191' title='bbox 773 2161 802 2189; x_wconf 91' lang='lat' dir='ltr'><strong>in</strong></span> <span class='ocrx_word' id='word_1_192' title='bbox 828 2161 952 2197; x_wconf 84' lang='lat' dir='ltr'><strong>lupanar</strong></span> <span class='ocrx_word' id='word_1_193' title='bbox 976 2158 1194 2186; x_wconf 79' lang='lat' dir='ltr'><strong>traducturum.</strong></span> <span class='ocrx_word' id='word_1_194' title='bbox 1242 2155 1334 2184; x_wconf 86' lang='lat' dir='ltr'><strong>Pater</strong></span> <span class='ocrx_word' id='word_1_195' title='bbox 1354 2154 1495 2187; x_wconf 81' lang='lat' dir='ltr'><strong>oratoris,</strong></span> <span class='ocrx_word' id='word_1_196' title='bbox 1511 2154 1577 2191; x_wconf 79' lang='lat' dir='ltr'><strong>ejus</strong></span> 
     </span>
     <span class='ocr_line' id='line_1_25' title="bbox 127 2204 1580 2250; baseline -0.012 -2"><span class='ocrx_word' id='word_1_197' title='bbox 127 2229 221 2248; x_wconf 83' lang='lat' dir='ltr'><strong>uxore</strong></span> <span class='ocrx_word' id='word_1_198' title='bbox 237 2223 365 2250; x_wconf 81' lang='lat' dir='ltr'><strong>mortua,</strong></span> <span class='ocrx_word' id='word_1_199' title='bbox 378 2224 539 2243; x_wconf 89' lang='lat' dir='ltr'><strong>novercam</strong></span> <span class='ocrx_word' id='word_1_200' title='bbox 556 2213 616 2241; x_wconf 86' lang='lat' dir='ltr'><strong>tilio</strong></span> <span class='ocrx_word' id='word_1_201' title='bbox 633 2210 856 2250; x_wconf 82' lang='lat' dir='ltr'><strong>superinduxit.</strong></span> <span class='ocrx_word' id='word_1_202' title='bbox 905 2209 982 2244; x_wconf 79' lang='lat' dir='ltr'><strong>Quoe</strong></span> <span class='ocrx_word' id='word_1_203' title='bbox 1002 2217 1070 2236; x_wconf 89' lang='lat' dir='ltr'><strong>cum</strong></span> <span class='ocrx_word' id='word_1_204' title='bbox 1086 2211 1186 2235; x_wconf 88' lang='lat' dir='ltr'><strong>scorto</strong></span> <span class='ocrx_word' id='word_1_205' title='bbox 1203 2204 1406 2234; x_wconf 76' lang='lat' dir='ltr'><strong>familiaritate</strong></span> <span class='ocrx_word' id='word_1_206' title='bbox 1424 2208 1580 2232; x_wconf 86' lang='lat' dir='ltr'><strong>contracta</strong></span> 
     </span>
     <span class='ocr_line' id='line_1_26' title="bbox 127 2253 1578 2301; baseline -0.012 -3"><span class='ocrx_word' id='word_1_207' title='bbox 127 2272 256 2298; x_wconf 81' lang='lat' dir='ltr'><strong>——erant</strong></span> <span class='ocrx_word' id='word_1_208' title='bbox 272 2267 351 2296; x_wconf 88' lang='lat' dir='ltr'><strong>enim</strong></span> <span class='ocrx_word' id='word_1_209' title='bbox 374 2265 535 2298; x_wconf 82' lang='lat' dir='ltr'><strong>vicinae—,</strong></span> <span class='ocrx_word' id='word_1_210' title='bbox 552 2268 594 2297; x_wconf 85' lang='lat' dir='ltr'><strong>et,</strong></span> <span class='ocrx_word' id='word_1_211' title='bbox 610 2263 680 2301; x_wconf 86' lang='lat' dir='ltr'><strong>quia</strong></span> <span class='ocrx_word' id='word_1_212' title='bbox 697 2271 753 2290; x_wconf 89' lang='lat' dir='ltr'><strong>non</strong></span> <span class='ocrx_word' id='word_1_213' title='bbox 774 2260 934 2289; x_wconf 84' lang='lat' dir='ltr'><strong>admodum</strong></span> <span class='ocrx_word' id='word_1_214' title='bbox 952 2268 967 2286; x_wconf 92' lang='lat' dir='ltr'><strong>a</strong></span> <span class='ocrx_word' id='word_1_215' title='bbox 982 2258 1089 2286; x_wconf 74' lang='lat' dir='ltr'><strong>marito</strong></span> <span class='ocrx_word' id='word_1_216' title='bbox 1110 2256 1305 2294; x_wconf 83' lang='lat' dir='ltr'><strong>diligebatur,</strong></span> <span class='ocrx_word' id='word_1_217' title='bbox 1322 2253 1442 2291; x_wconf 77' lang='lat' dir='ltr'><strong>utrique</strong></span> <span class='ocrx_word' id='word_1_218' title='bbox 1466 2263 1578 2292; x_wconf 78' lang='lat' dir='ltr'><strong>propo-</strong></span> 
     </span>
     <span class='ocr_line' id='line_1_27' title="bbox 129 2304 1579 2348; baseline -0.013 0"><span class='ocrx_word' id='word_1_219' title='bbox 129 2319 219 2348; x_wconf 84' lang='lat' dir='ltr'><strong>situm</strong></span> <span class='ocrx_word' id='word_1_220' title='bbox 236 2322 283 2346; x_wconf 83' lang='lat' dir='ltr'><strong>est</strong></span> <span class='ocrx_word' id='word_1_221' title='bbox 296 2326 410 2345; x_wconf 85' lang='lat' dir='ltr'><strong>veneno</strong></span> <span class='ocrx_word' id='word_1_222' title='bbox 424 2315 505 2343; x_wconf 81' lang='lat' dir='ltr'><strong>viros</strong></span> <span class='ocrx_word' id='word_1_223' title='bbox 521 2313 640 2342; x_wconf 87' lang='lat' dir='ltr'><strong>tollere.</strong></span> <span class='ocrx_word' id='word_1_224' title='bbox 686 2312 760 2341; x_wconf 89' lang='lat' dir='ltr'><strong>Cum</strong></span> <span class='ocrx_word' id='word_1_225' title='bbox 774 2310 875 2348; x_wconf 86' lang='lat' dir='ltr'><strong>itaque</strong></span> <span class='ocrx_word' id='word_1_226' title='bbox 889 2309 953 2338; x_wconf 85' lang='lat' dir='ltr'><strong>dies</strong></span> <span class='ocrx_word' id='word_1_227' title='bbox 967 2308 1061 2336; x_wconf 75' lang='lat' dir='ltr'><strong>festus</strong></span> <span class='ocrx_word' id='word_1_228' title='bbox 1075 2311 1168 2341; x_wconf 69' lang='lat' dir='ltr'><strong>es-et‚</strong></span> <span class='ocrx_word' id='word_1_229' title='bbox 1181 2310 1210 2334; x_wconf 87' lang='lat' dir='ltr'><strong>et</strong></span> <span class='ocrx_word' id='word_1_230' title='bbox 1222 2305 1493 2343; x_wconf 75' lang='lat' dir='ltr'><strong>ipsaepraeparatae,</strong></span> <span class='ocrx_word' id='word_1_231' title='bbox 1503 2304 1579 2341; x_wconf 90' lang='lat' dir='ltr'><strong>jam-</strong></span> 
     </span>
     <span class='ocr_line' id='line_1_28' title="bbox 128 2353 1579 2407; baseline -0.012 -10"><span class='ocrx_word' id='word_1_232' title='bbox 128 2379 186 2407; x_wconf 85' lang='lat' dir='ltr'><strong>que</strong></span> <span class='ocrx_word' id='word_1_233' title='bbox 203 2367 259 2397; x_wconf 89' lang='lat' dir='ltr'><strong>viri</strong></span> <span class='ocrx_word' id='word_1_234' title='bbox 276 2365 477 2396; x_wconf 87' lang='lat' dir='ltr'><strong>communiter</strong></span> <span class='ocrx_word' id='word_1_235' title='bbox 492 2361 757 2393; x_wconf 84' lang='lat' dir='ltr'><strong>libarunt—amici</strong></span> <span class='ocrx_word' id='word_1_236' title='bbox 774 2360 851 2389; x_wconf 84' lang='lat' dir='ltr'><strong>enim</strong></span> <span class='ocrx_word' id='word_1_237' title='bbox 868 2363 1006 2393; x_wconf 85' lang='lat' dir='ltr'><strong>erant—‚</strong></span> <span class='ocrx_word' id='word_1_238' title='bbox 1020 2357 1167 2385; x_wconf 85' lang='lat' dir='ltr'><strong>ambobus</strong></span> <span class='ocrx_word' id='word_1_239' title='bbox 1180 2364 1329 2384; x_wconf 87' lang='lat' dir='ltr'><strong>venenum</strong></span> <span class='ocrx_word' id='word_1_240' title='bbox 1345 2354 1372 2382; x_wconf 92' lang='lat' dir='ltr'><strong>in</strong></span> <span class='ocrx_word' id='word_1_241' title='bbox 1390 2353 1499 2392; x_wconf 87' lang='lat' dir='ltr'><strong>poculo</strong></span> <span class='ocrx_word' id='word_1_242' title='bbox 1509 2363 1579 2391; x_wconf 87' lang='lat' dir='ltr'><strong>pro-</strong></span> 
     </span>
     <span class='ocr_line' id='line_1_29' title="bbox 127 2403 1578 2458; baseline -0.012 -11"><span class='ocrx_word' id='word_1_243' title='bbox 127 2420 240 2458; x_wconf 85' lang='lat' dir='ltr'><strong>pinant.</strong></span> <span class='ocrx_word' id='word_1_244' title='bbox 260 2439 262 2441; x_wconf 89' lang='lat'>-</span> <span class='ocrx_word' id='word_1_245' title='bbox 286 2416 462 2450; x_wconf 80' lang='lat' dir='ltr'><strong>Philonens,</strong></span> <span class='ocrx_word' id='word_1_246' title='bbox 477 2414 530 2453; x_wconf 87' lang='lat' dir='ltr'><strong>qui</strong></span> <span class='ocrx_word' id='word_1_247' title='bbox 545 2414 613 2451; x_wconf 87' lang='lat' dir='ltr'><strong>plus</strong></span> <span class='ocrx_word' id='word_1_248' title='bbox 629 2413 780 2446; x_wconf 79' lang='lat' dir='ltr'><strong>hauserat,</strong></span> <span class='ocrx_word' id='word_1_249' title='bbox 794 2409 894 2439; x_wconf 77' lang='lat' dir='ltr'><strong>statim</strong></span> <span class='ocrx_word' id='word_1_250' title='bbox 910 2413 1034 2438; x_wconf 82' lang='lat' dir='ltr'><strong>enectus</strong></span> <span class='ocrx_word' id='word_1_251' title='bbox 1045 2412 1109 2441; x_wconf 83' lang='lat' dir='ltr'><strong>est3</strong></span> <span class='ocrx_word' id='word_1_252' title='bbox 1131 2411 1216 2443; x_wconf 73' lang='lat' dir='ltr'><strong>pater</strong></span> <span class='ocrx_word' id='word_1_253' title='bbox 1230 2409 1330 2433; x_wconf 74' lang='lat' dir='ltr'><strong>autem</strong></span> <span class='ocrx_word' id='word_1_254' title='bbox 1349 2403 1478 2432; x_wconf 84' lang='lat' dir='ltr'><strong>oratoris</strong></span> <span class='ocrx_word' id='word_1_255' title='bbox 1490 2403 1578 2443; x_wconf 83' lang='lat' dir='ltr'><strong>hujus</strong></span> 
     </span>
     <span class='ocr_line' id='line_1_30' title="bbox 129 2454 1578 2499; baseline -0.012 -1"><span class='ocrx_word' id='word_1_256' title='bbox 129 2469 226 2499; x_wconf 82' lang='lat' dir='ltr'><strong>minus</strong></span> <span class='ocrx_word' id='word_1_257' title='bbox 247 2466 390 2496; x_wconf 89' lang='lat' dir='ltr'><strong>hauriens</strong></span> <span class='ocrx_word' id='word_1_258' title='bbox 409 2465 438 2494; x_wconf 91' lang='lat' dir='ltr'><strong>in</strong></span> <span class='ocrx_word' id='word_1_259' title='bbox 459 2464 597 2493; x_wconf 86' lang='lat' dir='ltr'><strong>morbum</strong></span> <span class='ocrx_word' id='word_1_260' title='bbox 620 2462 737 2496; x_wconf 87' lang='lat' dir='ltr'><strong>incidit,</strong></span> <span class='ocrx_word' id='word_1_261' title='bbox 759 2471 796 2489; x_wconf 81' lang='lat' dir='ltr'><strong>ex</strong></span> <span class='ocrx_word' id='word_1_262' title='bbox 820 2469 917 2497; x_wconf 86' lang='lat' dir='ltr'><strong>eoque</strong></span> <span class='ocrx_word' id='word_1_263' title='bbox 939 2462 1075 2487; x_wconf 85' lang='lat' dir='ltr'><strong>mortuus</strong></span> <span class='ocrx_word' id='word_1_264' title='bbox 1095 2460 1151 2485; x_wconf 85' lang='lat' dir='ltr'><strong>est.</strong></span> <span class='ocrx_word' id='word_1_265' title='bbox 1197 2455 1350 2493; x_wconf 82' lang='lat' dir='ltr'><strong>Quocirca</strong></span> <span class='ocrx_word' id='word_1_266' title='bbox 1373 2454 1448 2483; x_wconf 88' lang='lat' dir='ltr'><strong>filius</strong></span> <span class='ocrx_word' id='word_1_267' title='bbox 1468 2463 1578 2482; x_wconf 84' lang='lat' dir='ltr'><strong>nover-</strong></span> 
     </span>
     <span class='ocr_line' id='line_1_31' title="bbox 130 2503 1580 2550; baseline -0.012 -1"><span class='ocrx_word' id='word_1_268' title='bbox 130 2530 194 2550; x_wconf 88' lang='lat' dir='ltr'><strong>cam</strong></span> <span class='ocrx_word' id='word_1_269' title='bbox 221 2517 362 2547; x_wconf 83' lang='lat' dir='ltr'><strong>veneficii</strong></span> <span class='ocrx_word' id='word_1_270' title='bbox 392 2520 525 2545; x_wconf 78' lang='lat' dir='ltr'><strong>accusat.</strong></span> <span class='ocrx_word' id='word_1_271' title='bbox 573 2515 640 2542; x_wconf 83' lang='lat' dir='ltr'><strong>Hoc</strong></span> <span class='ocrx_word' id='word_1_272' title='bbox 666 2517 872 2550; x_wconf 81' lang='lat' dir='ltr'><strong>argumentum</strong></span> <span class='ocrx_word' id='word_1_273' title='bbox 895 2516 950 2539; x_wconf 85' lang='lat' dir='ltr'><strong>est.</strong></span> <span class='ocrx_word' id='word_1_274' title='bbox 995 2509 1094 2538; x_wconf 80' lang='lat' dir='ltr'><strong>Causa</strong></span> <span class='ocrx_word' id='word_1_275' title='bbox 1116 2511 1225 2541; x_wconf 78' lang='lat' dir='ltr'><strong>status,</strong></span> <span class='ocrx_word' id='word_1_276' title='bbox 1243 2505 1475 2544; x_wconf 80' lang='lat' dir='ltr'><strong>conjecturalis:</strong></span> <span class='ocrx_word' id='word_1_277' title='bbox 1495 2503 1580 2542; x_wconf 84' lang='lat' dir='ltr'><strong>judi-</strong></span> 
     </span>
     <span class='ocr_line' id='line_1_32' title="bbox 127 2559 1001 2605; baseline -0.013 -7"><span class='ocrx_word' id='word_1_278' title='bbox 127 2569 206 2598; x_wconf 88' lang='lat' dir='ltr'><strong>cium</strong></span> <span class='ocrx_word' id='word_1_279' title='bbox 225 2577 307 2602; x_wconf 84' lang='lat' dir='ltr'><strong>vero,</strong></span> <span class='ocrx_word' id='word_1_280' title='bbox 325 2566 395 2605; x_wconf 87' lang='lat' dir='ltr'><strong>quia</strong></span> <span class='ocrx_word' id='word_1_281' title='bbox 411 2575 516 2594; x_wconf 78' lang='lat' dir='ltr'><strong>servos</strong></span> <span class='ocrx_word' id='word_1_282' title='bbox 534 2563 571 2592; x_wconf 91' lang='lat' dir='ltr'><strong>ad</strong></span> <span class='ocrx_word' id='word_1_283' title='bbox 588 2562 787 2601; x_wconf 84' lang='lat' dir='ltr'><strong>torquendum</strong></span> <span class='ocrx_word' id='word_1_284' title='bbox 804 2562 876 2590; x_wconf 83' lang='lat' dir='ltr'><strong>dare</strong></span> <span class='ocrx_word' id='word_1_285' title='bbox 894 2559 1001 2588; x_wconf 81' lang='lat' dir='ltr'><strong>noluit..</strong></span> 
     </span>
    </p>
   </div>
   <div class='ocr_carea' id='block_1_6' title="bbox 790 2635 900 2641">
    <p class='ocr_par' dir='ltr' id='par_1_7' title="bbox 790 2635 900 2641">
     <span class='ocr_line' id='line_1_33' title="bbox 790 2635 900 2641; baseline 0 0"><span class='ocrx_word' id='word_1_286' title='bbox 790 2635 900 2641; x_wconf 95' lang='lat' dir='ltr'><strong> </strong></span> 
     </span>
    </p>
   </div>
   <div class='ocr_carea' id='block_1_7' title="bbox 129 2671 1577 2966">
    <p class='ocr_par' dir='ltr' id='par_1_8' title="bbox 129 2671 1577 2966">
     <span class='ocr_line' id='line_1_34' title="bbox 186 2671 1575 2727; baseline -0.008 -7"><span class='ocrx_word' id='word_1_287' title='bbox 186 2686 219 2721; x_wconf 88' lang='lat' dir='ltr'><strong>l.</strong></span> <span class='ocrx_word' id='word_1_288' title='bbox 248 2682 404 2719; x_wconf 76' lang='lat' dir='ltr'>VALDE</span> <span class='ocrx_word' id='word_1_289' title='bbox 424 2693 483 2717; x_wconf 87' lang='lat' dir='ltr'><strong>me</strong></span> <span class='ocrx_word' id='word_1_290' title='bbox 503 2679 707 2717; x_wconf 89' lang='lat' dir='ltr'><strong>sollicitum</strong></span> <span class='ocrx_word' id='word_1_291' title='bbox 729 2676 919 2727; x_wconf 80' lang='lat' dir='ltr'><strong>animique</strong></span> <span class='ocrx_word' id='word_1_292' title='bbox 942 2687 1171 2726; x_wconf 83' lang='lat' dir='ltr'><strong>suspensum</strong></span> <span class='ocrx_word' id='word_1_293' title='bbox 1192 2679 1231 2711; x_wconf 90' lang='lat' dir='ltr'><strong>et</strong></span> <span class='ocrx_word' id='word_1_294' title='bbox 1249 2672 1395 2710; x_wconf 88' lang='lat' dir='ltr'><strong>consilii</strong></span> <span class='ocrx_word' id='word_1_295' title='bbox 1423 2671 1575 2722; x_wconf 87' lang='lat' dir='ltr'><strong>inopem</strong></span> 
     </span>
     <span class='ocr_line' id='line_1_35' title="bbox 129 2731 1577 2789; baseline -0.008 -7"><span class='ocrx_word' id='word_1_296' title='bbox 129 2745 247 2782; x_wconf 86' lang='lat' dir='ltr'><strong>habet</strong></span> <span class='ocrx_word' id='word_1_297' title='bbox 265 2743 349 2779; x_wconf 86' lang='lat' dir='ltr'><strong>haec</strong></span> <span class='ocrx_word' id='word_1_298' title='bbox 369 2753 500 2785; x_wconf 85' lang='lat' dir='ltr'><strong>causa,</strong></span> <span class='ocrx_word' id='word_1_299' title='bbox 520 2740 557 2776; x_wconf 87' lang='lat' dir='ltr'><strong>in</strong></span> <span class='ocrx_word' id='word_1_300' title='bbox 577 2752 691 2789; x_wconf 85' lang='lat' dir='ltr'><strong>quam</strong></span> <span class='ocrx_word' id='word_1_301' title='bbox 714 2734 837 2774; x_wconf 84' lang='lat' dir='ltr'><strong>fatalis</strong></span> <span class='ocrx_word' id='word_1_302' title='bbox 857 2736 1032 2787; x_wconf 79' lang='lat' dir='ltr'><strong>quaedam</strong></span> <span class='ocrx_word' id='word_1_303' title='bbox 1054 2733 1262 2772; x_wconf 83' lang='lat' dir='ltr'><strong>necessitas</strong></span> <span class='ocrx_word' id='word_1_304' title='bbox 1282 2745 1341 2768; x_wconf 87' lang='lat' dir='ltr'><strong>me</strong></span> <span class='ocrx_word' id='word_1_305' title='bbox 1360 2731 1536 2782; x_wconf 87' lang='lat' dir='ltr'><strong>conjecit,</strong></span> <span class='ocrx_word' id='word_1_306' title='bbox 1555 2745 1577 2770; x_wconf 82' lang='lat' dir='ltr'><strong>a</strong></span> 
     </span>
     <span class='ocr_line' id='line_1_36' title="bbox 130 2793 1575 2856; baseline -0.008 -13"><span class='ocrx_word' id='word_1_307' title='bbox 130 2819 207 2856; x_wconf 87' lang='lat' dir='ltr'><strong>qua</strong></span> <span class='ocrx_word' id='word_1_308' title='bbox 234 2817 351 2842; x_wconf 86' lang='lat' dir='ltr'><strong>causa</strong></span> <span class='ocrx_word' id='word_1_309' title='bbox 379 2802 532 2853; x_wconf 86' lang='lat' dir='ltr'><strong>agenda</strong></span> <span class='ocrx_word' id='word_1_310' title='bbox 556 2814 640 2838; x_wconf 86' lang='lat' dir='ltr'><strong>cum</strong></span> <span class='ocrx_word' id='word_1_311' title='bbox 669 2799 743 2837; x_wconf 86' lang='lat' dir='ltr'><strong>alia</strong></span> <span class='ocrx_word' id='word_1_312' title='bbox 765 2812 823 2835; x_wconf 85' lang='lat' dir='ltr'><strong>me</strong></span> <span class='ocrx_word' id='word_1_313' title='bbox 846 2800 1062 2836; x_wconf 81' lang='lat' dir='ltr'><strong>absterrent</strong></span> <span class='ocrx_word' id='word_1_314' title='bbox 1078 2804 1157 2833; x_wconf 84' lang='lat' dir='ltr'><strong>tum</strong></span> <span class='ocrx_word' id='word_1_315' title='bbox 1178 2807 1307 2831; x_wconf 89' lang='lat' dir='ltr'><strong>rursus</strong></span> <span class='ocrx_word' id='word_1_316' title='bbox 1329 2793 1403 2830; x_wconf 89' lang='lat' dir='ltr'><strong>alia</strong></span> <span class='ocrx_word' id='word_1_317' title='bbox 1423 2793 1471 2831; x_wconf 88' lang='lat' dir='ltr'><strong>ad</strong></span> <span class='ocrx_word' id='word_1_318' title='bbox 1491 2807 1575 2831; x_wconf 86' lang='lat' dir='ltr'><strong>eam</strong></span> 
     </span>
     <span class='ocr_line' id='line_1_37' title="bbox 132 2854 1576 2913; baseline -0.008 -10"><span class='ocrx_word' id='word_1_319' title='bbox 132 2865 267 2903; x_wconf 86' lang='lat' dir='ltr'><strong>acriter</strong></span> <span class='ocrx_word' id='word_1_320' title='bbox 294 2863 506 2913; x_wconf 80' lang='lat' dir='ltr'><strong>urgendam</strong></span> <span class='ocrx_word' id='word_1_321' title='bbox 537 2860 654 2898; x_wconf 88' lang='lat' dir='ltr'><strong>multo</strong></span> <span class='ocrx_word' id='word_1_322' title='bbox 684 2859 796 2896; x_wconf 76' lang='lat' dir='ltr'><strong>etiam</strong></span> <span class='ocrx_word' id='word_1_323' title='bbox 827 2859 950 2896; x_wconf 88' lang='lat' dir='ltr'><strong>acrius</strong></span> <span class='ocrx_word' id='word_1_324' title='bbox 979 2856 1203 2907; x_wconf 83' lang='lat' dir='ltr'><strong>impellunt;</strong></span> <span class='ocrx_word' id='word_1_325' title='bbox 1238 2867 1326 2891; x_wconf 88' lang='lat' dir='ltr'><strong>nam</strong></span> <span class='ocrx_word' id='word_1_326' title='bbox 1355 2867 1431 2891; x_wconf 90' lang='lat' dir='ltr'><strong>non</strong></span> <span class='ocrx_word' id='word_1_327' title='bbox 1462 2854 1576 2892; x_wconf 84' lang='lat' dir='ltr'><strong>modo</strong></span> 
     </span>
     <span class='ocr_line' id='line_1_38' title="bbox 132 2913 1574 2966; baseline -0.008 -4"><span class='ocrx_word' id='word_1_328' title='bbox 132 2922 440 2963; x_wconf 84' lang='lat' dir='ltr'><strong>adolescentulus</strong></span> <span class='ocrx_word' id='word_1_329' title='bbox 457 2921 584 2958; x_wconf 90' lang='lat' dir='ltr'><strong>adhuc</strong></span> <span class='ocrx_word' id='word_1_330' title='bbox 600 2933 682 2957; x_wconf 89' lang='lat' dir='ltr'><strong>sum</strong></span> <span class='ocrx_word' id='word_1_331' title='bbox 700 2930 978 2966; x_wconf 84' lang='lat' dir='ltr'><strong>causarumque</strong></span> <span class='ocrx_word' id='word_1_332' title='bbox 996 2916 1092 2953; x_wconf 86' lang='lat' dir='ltr'><strong>adeo</strong></span> <span class='ocrx_word' id='word_1_333' title='bbox 1112 2913 1317 2951; x_wconf 89' lang='lat' dir='ltr'><strong>forensium</strong></span> <span class='ocrx_word' id='word_1_334' title='bbox 1337 2927 1404 2964; x_wconf 89' lang='lat' dir='ltr'><strong>per</strong></span> <span class='ocrx_word' id='word_1_335' title='bbox 1422 2921 1574 2952; x_wconf 83' lang='lat' dir='ltr'><strong>aetatem</strong></span> 
     </span>
    </p>
   </div>
  </div>
 </body>
</html>
