1822 3219
655 137 730 173 DE
760 133 1067 173 MYSTERHS.
1514 130 1588 167 109

134 240 276 284 ductae,
309 239 517 277 secundam
548 250 720 282 uxorem,
750 243 911 274 matrem
946 235 1040 286 ejus,
1071 246 1173 272 anno
1206 235 1326 284 primo
1360 233 1591 272 matrimonii

137 300 307 338 nondum
327 307 478 346 exacto,
497 297 784 350 superinduxit:
814 297 880 347 sic,
889 297 1006 335 homo
1025 295 1224 333 hominum
1240 295 1409 332 omnium
1431 307 1593 333 consce-

135 360 388 399 leratissimus
417 373 496 398 una
523 372 611 398 cum
634 359 789 408 filiaque
817 364 856 395 et
875 370 962 396 cum
990 362 1113 395 matre
1133 356 1217 407 ejus
1249 368 1330 393 rem
1347 355 1509 399 habuit;
1541 355 1592 394 ad

137 421 353 472 exemplum
382 433 518 472 nempe
543 421 714 464 dearum,
734 432 896 469 quarum
920 417 1138 456 sacerdotio
1166 416 1354 467 fungitur,
1384 416 1594 466 matrisque

138 482 325 532 [Cereris]
355 490 394 520 et
421 482 508 519 filiae
529 480 826 532 [Proserpinae]‚
854 481 987 518 ambas
1015 491 1093 517 una
1116 478 1232 517 domo
1263 490 1395 516 secum
1413 477 1594 515 habebat.

140 545 192 582 Et
211 544 272 582 ille
291 545 447 595 quidem
476 543 581 580 nullo
607 542 821 580 ducebatur
849 542 1013 593 pudore,
1035 541 1145 579 nulla
1172 540 1385 579 reverentia
1409 539 1595 578 dearum:

141 606 382 645 Ischomachi
402 611 530 643 autem
549 605 626 643 filia
649 611 810 643 mortem
831 605 902 642 sibi
921 604 1043 654 magis
1064 602 1247 653 expedire
1267 601 1460 645 arbitrata,
1481 611 1597 650 quam

140 669 257 707 vitam
276 669 314 706 in
334 680 412 717 qua
429 674 509 704 tam
528 667 666 704 acerba
684 672 724 704 et
743 665 825 703 dira
841 665 1066 716 spectacula
1085 665 1183 703 ferre
1202 664 1362 702 deberet
1375 662 1499 701 oculis
1519 661 1598 699 suis

141 727 312 779 quotidie
330 727 585 773 obversantia,
616 726 756 777 laqueo
789 733 866 764 tam
886 724 1064 763 miseram
1084 724 1192 763 finire
1211 723 1453 765 institueram
1487 721 1556 759 sed
1577 734 1601 759 a

140 788 494 839 supervenientibus
522 788 560 825 in
592 788 672 839 ipso
692 787 873 825 facinoris
895 786 1055 825 articulo
1086 786 1265 824 exsoluta
1292 784 1410 829 nodo,
1441 790 1480 821 et
1498 782 1599 820 lecto

138 849 329 900 imposita,
349 856 393 887 ut
410 850 575 900 primum
601 849 730 899 quiete
749 849 910 898 fotuque
930 847 979 886 ad
998 848 1115 885 vitam
1136 846 1264 893 rediit,
1285 846 1415 884 statim
1442 858 1463 882 e
1483 844 1600 881 domo

140 909 276 947 Calliae
292 910 498 949 discessit:
528 911 581 948 sic
611 917 734 948 mater
752 909 870 947 filiam
902 909 939 946 in
958 909 1092 959 fugam
1112 908 1206 959 egit.
1264 907 1412 944 Verum
1431 904 1497 942 illa
1515 904 1601 955 ipsa

140 983 296 1021 quoque
315 970 420 1009 haud
438 971 561 1008 multo
581 977 668 1021 post
686 970 898 1008 exsatiatus
920 969 1082 1014 Callias,
1104 970 1218 1007 etiam
1239 975 1401 1006 matrem
1420 964 1601 1004 extermi-

141 1032 262 1070 navit.
316 1032 370 1069 At
394 1032 460 1070 illa
484 1044 526 1070 se
554 1031 754 1083 gravidam
773 1044 794 1069 e
815 1031 942 1069 Callia
960 1030 1083 1068 ferre:
1115 1029 1465 1078 denique'puerum
1485 1025 1602 1064 eniti:

142 1092 289 1131 Callias
303 1106 392 1131 vero
405 1105 566 1143 puerum
583 1092 690 1130 illum
705 1092 857 1129 infitiari
872 1105 895 1129 a
910 1105 950 1129 se
965 1097 1223 1142 procreatum.
1280 1089 1379 1125 Tum
1396 1085 1602 1125 necessarii

140 1153 307 1191 mulieris
325 1152 490 1204 puerum
522 1165 601 1189 una
619 1165 707 1189 cum
728 1153 887 1189 victima
917 1151 977 1189 die
999 1151 1099 1188 festo
1120 1150 1393 1200 Apaturiorum
1422 1147 1472 1186 ad
1497 1158 1602 1185 aram

140 1213 399 1257 adducebant,
418 1220 458 1250 et
478 1212 642 1249 Calliam
663 1211 828 1248 exordiri
848 1211 1174 1260 sacrajubebant.
1233 1209 1302 1246 Ille
1330 1216 1412 1246 tum
1436 1219 1603 1258 percon-

142 1275 227 1319 tari,
248 1273 356 1323 cujas
384 1272 511 1310 infans
536 1278 664 1315 esset;
695 1271 734 1308 hi
753 1271 1002 1321 respondere,
1035 1283 1137 1308 esse
1168 1269 1349 1314 Calliae,
1378 1268 1462 1305 filii
1493 1267 1603 1317 Hip-

140 1334 313 1384 ponici.
371 1333 467 1384 Ego
501 1333 538 1370 is
569 1345 666 1370 sum
694 1332 836 1382 (inquit
865 1331 1048 1377 Callias).
1120 1330 1179 1368 Et
1207 1328 1285 1368 est
1306 1330 1381 1368 hic
1417 1341 1604 1379 quoque

141 1395 269 1433 filius
297 1401 418 1432 tuus.
487 1393 634 1431 Callias
665 1405 770 1438 vero,
805 1404 909 1430 aram
941 1404 1057 1429 manu
1089 1400 1239 1437 tenens,
1272 1390 1428 1441 negavit
1455 1389 1604 1440 jurans,

144 1457 260 1495 alium
290 1454 362 1493 sibi
395 1454 514 1491 filium
546 1467 632 1492 esse
663 1460 730 1491 aut
761 1465 932 1503 unquam
965 1452 1085 1491 fuisse
1115 1459 1254 1503 praeter
1287 1450 1549 1501 Hipponicum
1582 1462 1605 1487 e

144 1517 358 1555 Glauconis
378 1515 454 1554 filia
472 1522 695 1565 susceptum
715 1528 724 1552 :
756 1515 813 1552 sin
835 1521 964 1552 autem
985 1514 1111 1552 sciens
1140 1513 1261 1558 fallat,
1284 1511 1398 1556 velle,
1425 1517 1469 1548 ut
1489 1510 1542 1548 dii
1561 1523 1604 1548 se

142 1580 346 1629 ipsumque
365 1589 564 1628 genusque
585 1583 707 1614 totum
725 1576 910 1626 perdant:
941 1575 981 1613 id
1001 1575 1107 1625 quod
1127 1575 1243 1613 etiam
1270 1574 1325 1612 sic
1345 1573 1424 1610 fiet.
1480 1572 1604 1610 Inter-

138 1642 243 1692 jecto
262 1640 379 1689 longo
399 1645 569 1689 tempore
589 1645 690 1688 post,
711 1650 856 1682 rursus,
877 1649 900 1674 o
921 1637 1003 1681 viri,
1026 1649 1155 1674 amore
1178 1641 1317 1686 captus
1338 1633 1485 1672 Callias
1507 1646 1604 1671 anus

144 1701 412 1740 audacissimae
432 1706 548 1750 atque
566 1698 925 1749 impudentissimae,
947 1698 1147 1748 ipsamque
1167 1696 1270 1735 domi
1291 1709 1372 1734 suae
1401 1694 1548 1745 recipit,
1568 1700 1608 1731 et

144 1762 263 1800 filium
284 1761 365 1812 ejus
378 1764 461 1809 Jam
479 1760 668 1804 adultum,
685 1760 790 1797 aiens
805 1759 926 1796 filium
942 1772 1055 1796 suum
1071 1771 1172 1804 esse,
1192 1757 1231 1795 in
1248 1756 1441 1808 Cerycum
1461 1754 1608 1792 inducit

143 1822 364 1873 collegium.
420 1821 715 1871 Obloquebatur
739 1820 895 1870 quidem
927 1819 1136 1865 Cassiades,
1167 1831 1316 1869 negans
1346 1824 1412 1854 aut
1443 1828 1607 1866 puerum

144 1883 261 1934 recipi
281 1888 455 1933 oportere
477 1888 545 1920 aut
563 1895 604 1919 se
622 1895 794 1932 unquam
814 1893 1091 1919 concessurum
1111 1886 1154 1917 ut
1173 1878 1404 1929 recipiatur;
1438 1877 1607 1927 Ceryces

145 1951 272 1983 tamen
289 1943 504 1981 secundum
518 1942 622 1980 illam
637 1943 764 1993 legem
781 1942 997 1980 sciscebant
1014 1944 1124 1989 eujus
1138 1940 1237 1991 legis
1252 1940 1338 1977 haec
1354 1946 1414 1977 est
1427 1937 1607 1983 formula,

142 2012 293 2057 patrem
311 2004 436 2054 ipsum
453 2011 631 2055 oportere
650 2003 769 2040 filium
791 2004 958 2041 suumin
977 2001 1182 2053 collegium
1202 2001 1400 2047 inducere,
1418 2000 1483 2037 ubi
1497 1999 1606 2050 jure-

138 2065 309 2116 jurando
333 2065 608 2109 confirmasset,
638 2077 726 2101 eum
748 2077 770 2101 a
789 2077 829 2101 se
850 2063 978 2101 induci
1007 2063 1073 2113 qui
1092 2075 1223 2100 revera
1241 2061 1343 2099 filius
1374 2073 1468 2098 suus
1488 2067 1606 2097 esset.

146 2125 370 2164 Secundum
385 2126 486 2163 hanc
506 2125 699 2176 Cerycum
715 2125 947 2162 sententiam
964 2123 1125 2168 Callias,
1141 2135 1247 2160 aram
1266 2121 1440 2159 manibus
1458 2128 1607 2167 tenens,

139 2186 392 2238 jurejurando
420 2186 672 2231 confirmavit,
702 2184 806 2222 hunc
831 2198 943 2222 suum
975 2198 1062 2222 esse
1095 2184 1229 2230 filium,
1259 2182 1430 2233 legitime
1474 2182 1546 2218 sibi
1585 2195 1606 2219 e

146 2249 360 2300 Chrysiade
374 2256 506 2287 natum
519 2261 530 2291 ;
559 2247 667 2285 illum
682 2247 809 2298 ipsum
823 2259 937 2297 quem
953 2246 1116 2297 pridem,
1128 2245 1220 2283 item
1230 2244 1384 2295 jurans,
1398 2248 1607 2294 negaverat

147 2323 262 2349 suum
282 2322 384 2348 esse.
441 2309 529 2347 Cita
547 2315 589 2346 tu
608 2307 702 2346 mihi
720 2308 858 2347 horum
878 2307 1050 2346 omnium
1069 2312 1205 2345 testes.

768 2417 988 2455 TESTES.

148 2501 248 2550 Age,
280 2497 364 2543 viri,
391 2497 772 2547 circumspectemus,
808 2508 900 2532 num
934 2506 1099 2545 usquam
1131 2492 1296 2531 Graeciae
1329 2497 1523 2544 patratum
1559 2490 1612 2528 sit

150 2558 338 2608 eJusmodi
357 2557 522 2604 facinus,
543 2564 600 2603 ut,
620 2569 738 2607 quam
757 2555 843 2606 quis
862 2555 1060 2593 mulierem
1081 2557 1118 2592 in
1137 2555 1295 2593 domum
1311 2566 1420 2591 suam
1438 2552 1610 2589 induxis-

151 2626 211 2657 set
228 2633 305 2670 quo
326 2619 398 2658 sibi
417 2618 705 2657 materfamilias
725 2623 841 2663 esset,
861 2616 1037 2667 ejusdem
1063 2616 1230 2654 foeminae
1249 2623 1408 2653 matrem
1427 2613 1529 2650 idem
1555 2612 1612 2650 vir

151 2679 277 2718 eidem
294 2680 402 2717 uxori
421 2693 502 2717 suae
522 2678 650 2717 adhuc
676 2678 874 2730 superstiti
901 2691 1058 2716 uxorem
1084 2676 1353 2715 secundariam
1382 2673 1612 2724 superindu-

151 2747 270 2785 ceret,
289 2740 483 2791 filiamque
502 2754 572 2792 per
590 2747 750 2779 matrem
771 2740 887 2778 domo
907 2739 1141 2790 expelleret:
1173 2749 1304 2775 verum
1323 2749 1402 2774 non
1423 2736 1517 2774 satis
1537 2735 1612 2774 hoc

150 2808 212 2840 est
226 2800 383 2839 Calliae:
415 2802 561 2840 mulieri
579 2802 670 2840 huic
689 2809 766 2840 tam
787 2801 886 2852 turpi
906 2808 985 2839 tam
1006 2801 1240 2838 incestuosae
1259 2797 1500 2842 cohabitans,
1522 2797 1613 2848 Epi:

152 2863 226 2913 lyci
248 2863 363 2901 filiam
382 2863 508 2902 adhuc
530 2864 613 2902 vult
638 2864 950 2915 superinducere,
972 2875 1049 2912 quo
1075 2874 1213 2912 nempe
1243 2860 1366 2912 neptis
1397 2861 1518 2899 aviam
1548 2872 1612 2897 ex-
