1822 3219
244 168 323 204 212
501 167 672 205 LYSIAE
702 168 924 208 CONTRA
954 164 1387 211 THEOMNESTUM
1420 175 1454 212 I.
1661 200 1676 216 ι

246 268 365 314 niam',
394 269 462 307 sed
493 271 680 310 mulctam
707 273 948 311 convitiatori
981 272 1153 324 irrogari,
1174 274 1373 312 veritatem
1405 275 1709 314 criminationum

244 331 489 370 documentis
516 332 707 372 factorum
743 347 820 372 non
856 335 1097 386 approbanti.
1170 336 1299 387 Atque
1326 336 1409 387 jam
1441 336 1499 374 bis
1530 349 1604 388 ego
1635 338 1709 376 hoc

242 392 493 432 Theomnesti
508 394 679 433 dedecus
701 396 921 434 testimonio
937 409 1023 434 meo
1040 397 1270 447 approbavi;
1300 398 1454 449 ignarus
1469 398 1613 450 quippe
1627 405 1709 436 tum

241 455 438 506 temporis,
460 455 510 494 de
530 469 607 507 quo
628 457 876 507 postmodum
897 458 989 495 mihi
1011 459 1196 505 constitit,
1214 472 1280 497 eos
1297 471 1364 497 vos
1384 472 1484 506 esse,
1501 459 1566 510 qui
1589 459 1708 498 fortes

240 517 344 556 viros
377 518 416 555 in
446 518 527 556 acie
550 526 750 557 manentes
775 520 956 570 puniatis,
984 534 1173 559 armorum
1201 529 1328 560 autern
1361 522 1599 573 abjectorum
1624 535 1710 561 reos

242 579 367 618 factos
389 579 631 630 indulgentia
647 588 686 618 et
703 581 1011 620 dissimulatione
1034 582 1314 622 transmittatis.

297 642 335 679 8.
368 641 512 679 Verum
539 642 731 680 enimvero
760 643 853 681 satis
881 645 955 682 hac
983 645 1140 695 quidem
1168 645 1216 683 de
1244 658 1364 684 causa
1393 655 1452 684 est
1481 653 1624 690 actum,
1652 645 1711 683 di-

240 703 393 755 ctisque
412 703 517 754 quod
537 703 677 742 addam
709 705 760 742 nil
781 705 929 744 habeo:
964 719 1030 744 vos
1051 707 1180 758 potius
1203 720 1309 758 rogo,
1325 708 1496 758 judices,
1513 713 1556 744 ut
1580 706 1709 745 Theo-

241 772 435 804 mnestum
455 766 738 812 condemnetis,
766 775 987 818 reputantes
1008 769 1219 814 vobiscum,
1249 782 1326 807 non
1348 782 1459 820 posse
1484 768 1599 820 capiti
1621 780 1710 806 meo

242 827 447 865 discrimen
465 827 588 865 ullum
618 828 725 866 aliud
751 842 868 879 quam
895 829 968 867 hoc
995 837 1055 867 est
1079 831 1232 881 gravius
1257 831 1461 869 conscisci.
1518 830 1620 868 Nam
1643 829 1709 882 qui

241 897 350 927 actor
365 889 497 927 videor
514 902 614 936 esse,
630 903 764 942 reapse
785 904 874 929 reus
892 904 975 929 sum
994 906 1003 936 ;
1036 892 1336 930 Theomnestum
1351 894 1479 943 probri
1500 905 1606 930 reum
1619 905 1709 930 cum

242 964 317 1002 ago
343 964 412 1003 per
431 952 541 990 nefas
572 952 610 989 in
631 965 692 990 me
721 953 899 1005 conjecti,
920 960 1000 991 tum
1030 953 1077 991 de
1099 954 1221 991 salute
1248 954 1488 1004 fortunisque
1510 953 1604 991 meis
1626 967 1708 991 om-

240 1013 354 1050 nibus
372 1012 581 1063 periclitor,
602 1013 639 1050 in
657 1014 768 1052 unius
787 1015 905 1052 vestri
926 1014 1098 1065 suffragii
1118 1015 1337 1053 discrimine
1356 1015 1550 1065 parricidii
1565 1017 1708 1054 crimen

240 1081 308 1112 aut
335 1074 530 1112 sustinens
563 1081 630 1112 aut
661 1074 874 1126 effugiens:
918 1076 1055 1127 quibus
1086 1076 1188 1114 enim
1217 1076 1369 1114 testulis
1401 1075 1709 1114 Theomnestum

239 1136 462 1182 absolvetis,
498 1136 529 1173 si
560 1136 742 1183 feceritis,
774 1137 909 1175 iisdem
943 1137 1137 1189 parricidii
1163 1151 1224 1176 me
1260 1137 1507 1183 damnabitis,
1542 1150 1618 1183 me,
1645 1137 1711 1188 qui

238 1197 379 1236 civium
413 1197 584 1235 omniurn
618 1211 733 1244 unus,
768 1206 812 1237 ut
847 1199 1013 1250 primum
1046 1200 1192 1238 virilem
1230 1200 1427 1251 ingressus
1463 1206 1633 1246 aetatem,
1670 1201 1710 1237 in

238 1259 417 1297 examine
437 1261 622 1310 probatus
638 1260 760 1305 vobis,
782 1262 894 1299 rebus
915 1262 1096 1312 gerendis
1117 1262 1292 1313 meisque
1308 1262 1463 1313 privatis
1478 1269 1517 1300 et
1534 1262 1710 1300 civilibus

239 1333 263 1358 a
278 1321 386 1359 vobis
408 1322 545 1360 habilis
567 1322 767 1373 judicatus
789 1322 857 1368 fui,
880 1324 929 1361 ob
956 1323 1103 1362 caedem
1133 1325 1252 1375 patris
1282 1324 1355 1361 mei
1376 1324 1535 1375 triginta
1554 1324 1643 1362 viris
1669 1324 1708 1361 in

239 1382 346 1420 curia
367 1383 640 1435 Areopagitica
666 1384 768 1422 diem
793 1385 964 1423 dixerim.
1025 1385 1199 1429 Quorum
1225 1399 1294 1423 vos
1321 1399 1510 1424 memores
1539 1385 1709 1437 mihique

237 1445 414 1497 patrique
429 1446 658 1497 legibusque
678 1447 833 1498 publice
853 1447 956 1494 fixis,
975 1454 1013 1486 et
1027 1448 1280 1499 jurisjurandi
1301 1449 1349 1486 ab
1368 1447 1459 1499 ipsis
1478 1448 1588 1486 vobis
1616 1447 1710 1486 dicti

240 1506 428 1559 religioni,
450 1508 675 1547 succurrite.
