1822 3219
201 174 249 210 98
771 168 1072 207 ANDOCIDIS

202 278 298 303 semet
313 273 384 302 fidat
400 283 487 312 quam
501 273 664 308 tutissime,
677 273 752 302 liber
768 283 784 302 a
800 273 913 302 mutuis
930 272 1055 302 aliorum
1071 272 1109 301 de
1121 270 1188 301 aliis
1200 269 1436 310 suspicionibus,
1447 274 1478 300 et
1491 273 1579 309 pacta
1587 268 1644 298 boc

198 323 361 362 plebiscito
378 324 493 354 sancita
515 329 545 353 et
569 324 597 352 in
615 333 750 364 praesens
772 328 802 352 ct
825 323 853 352 in
870 325 1004 353 futurum
1021 333 1107 353 omne
1128 329 1247 361 tempus
1263 330 1351 360 qnam
1366 321 1536 351 certissima
1555 324 1646 358 atque

200 374 346 404 fidissima
362 380 566 415 permaneant.

201 450 274 489 Per
311 450 385 489 hoc
415 451 629 492 decretum,
667 449 748 495 viri,
786 449 969 486 honorem
999 449 1156 499 quidem
1191 447 1412 486 reddidistis
1442 459 1487 484 eo
1515 459 1647 484 caren-

201 513 328 559 tibus;
360 513 558 551 exsulibus
590 519 717 549 autem
744 519 785 548 ut
811 512 921 549 venia
940 511 1095 549 daretur
1114 511 1271 549 domum
1297 508 1498 554 redeundi,
1520 520 1645 558 neque

202 573 438 613 Patroclides
460 581 593 612 auctor
611 573 718 610 vobis
740 572 824 619 fuit,
845 585 969 622 neque
989 584 1056 610 vos
1078 572 1255 610 scivistis.

258 638 318 673 14.
351 636 402 673 Ut
430 642 575 681 autem,
605 634 769 672 induciis
802 647 890 672 curn
925 633 1226 672 Lacedaemoniis
1257 632 1476 679 contractis,
1508 629 1648 668 moenia

198 695 422 741 diruebatis‚
451 696 602 734 exsules
631 709 786 746 quoque
815 695 1067 746 recipiebatis,
1087 702 1124 734 et
1154 695 1309 746 triginta
1336 693 1486 746 tyranni
1505 692 1650 731 coorie-

199 759 353 803 bantur,
373 765 412 796 et
431 757 553 809 Phyle
572 756 817 808 postmodum
837 757 1114 808 occupabatur,
1133 764 1171 795 et
1191 757 1387 807 aliquanto
1402 764 1488 807 post
1506 755 1649 805 Muny-

200 820 301 865 chia,
321 821 445 858 brevis
461 827 504 858 ut
523 820 607 865 sim,
626 820 690 857 illa
705 819 863 857 inf'anda
878 826 1102 865 evenerunt,
1117 833 1280 870 quorum
1297 826 1338 857 ut
1353 831 1412 856 me
1428 817 1648 856 meminisse

201 882 252 920 nil
265 883 389 934 juvat,
423 883 476 920 ita
496 888 661 920 vestram
689 895 841 933 quoque
862 882 1032 921 refricari
1062 883 1285 921 memoriam
1304 882 1358 920 nil
1388 880 1535 920 attinet.
1591 879 1649 918 Ut

200 950 325 982 autem
347 956 368 981 e
389 943 535 981 Piraeeo
554 943 712 981 tandem
731 943 768 980 in
789 944 921 982 urbem
942 943 1110 989 redistis,
1129 957 1218 982 cum
1238 944 1372 981 liceret
1389 942 1496 981 vobis
1517 950 1648 993 poenas

199 1005 248 1043 de
273 1005 461 1043 malorum
480 1011 695 1042 vestrorum
717 1005 936 1043 auctoribus
965 1018 1128 1052 sumere,
1148 1005 1387 1051 decrevistis,
1406 1016 1649 1055 quaecunque

199 1067 419 1105 turbulenta
448 1067 512 1104 illa
531 1072 760 1116 tempestate
791 1066 1036 1111 accidissent,
1057 1080 1103 1104 ea
1122 1067 1249 1106 omnia
1275 1067 1457 1104 oblivioni
1487 1065 1649 1116 tradere,

198 1128 395 1180 plurisque
407 1127 553 1165 fecistis
565 1128 659 1178 reip.
668 1127 832 1165 salutem
845 1140 960 1177 quam
972 1128 1208 1178 privatarum
1219 1128 1456 1166 simultatum
1469 1127 1649 1170 ultiones,

199 1199 519 1242 acceptarumque
539 1189 760 1241 injuriarum
780 1189 1011 1228 oblivionem
1031 1189 1115 1240 lege
1137 1190 1327 1227 sanxistis.
1369 1189 1468 1233 Quae
1489 1194 1528 1226 ut
1541 1187 1650 1226 vobis

196 1254 344 1304 placuit
362 1260 446 1291 rata
465 1266 565 1298 esse,
584 1252 741 1290 creastis
762 1251 996 1303 vigintiviros
1012 1267 1021 1296 ;
1051 1253 1116 1302 qui
1142 1253 1329 1303 tantisper
1346 1252 1489 1291 civitati
1507 1264 1650 1303 praees-

200 1322 298 1362 sent,
330 1322 380 1360 et,
410 1328 458 1353 ne
486 1327 585 1365 resp.
605 1314 876 1352 detrimentum
905 1321 1074 1365 caperet,
1106 1313 1360 1365 providerent,
1391 1313 1514 1351 donec
1541 1313 1649 1364 leges

199 1376 288 1414 latae
309 1384 422 1427 atque
437 1377 521 1414 fixae
541 1382 694 1418 essent;
724 1374 874 1413 interim
888 1375 1035 1426 placuit
1050 1375 1204 1413 Solonis
1219 1375 1370 1427 legibus
1385 1382 1424 1413 et
1441 1374 1649 1413 Dracontis

200 1438 360 1476 thesmis
381 1440 465 1489 [seu
487 1437 659 1486 statutis]
690 1438 757 1475 uti.
817 1437 872 1475 Ut
898 1444 1027 1475 autem
1052 1445 1189 1476 senatu
1209 1451 1277 1489 per
1305 1445 1462 1483 sortem,
1493 1437 1651 1489 legisla-

200 1500 346 1538 toribus
366 1506 495 1538 autem
512 1513 579 1550 per
599 1499 793 1537 delectum
811 1498 965 1543 creatis,
987 1499 1247 1550 reperiebatis,
1266 1499 1304 1536 in
1324 1507 1486 1550 utroque
1506 1511 1649 1550 genere

198 1562 341 1612 legum,
361 1568 440 1599 tam
461 1574 483 1598 a
504 1560 646 1599 Solone
665 1573 779 1611 quam
798 1573 820 1598 a
838 1560 1034 1599 Draconte
1057 1561 1325 1612 profectarum,
1353 1561 1477 1599 inesse
1496 1560 1650 1607 multas,

198 1624 337 1674 quibus
357 1623 496 1662 civium
515 1624 612 1661 bene
633 1623 743 1660 multi
762 1623 812 1660 ob
833 1636 876 1661 ea
892 1636 977 1673 quae
996 1624 1033 1661 in
1050 1624 1125 1661 ista
1141 1623 1232 1674 reip.
1250 1623 1416 1675 procella
1432 1623 1652 1662 evenissent

198 1692 431 1730 tenerentur,
447 1675 631 1722 concion'e
647 1691 874 1730 convocata,
890 1685 1137 1735 proposuistis
1156 1685 1216 1722 his
1230 1685 1278 1723 de
1296 1684 1447 1735 legibus
1461 1684 1651 1723 delibera-

198 1747 358 1791 tionem,
379 1753 493 1796 atque
514 1746 568 1784 sic
594 1745 830 1791 decrevistis,
850 1754 892 1784 ut
911 1746 1016 1796 leges
1036 1758 1167 1784 omnes
1186 1746 1511 1792 examinarentur,
1528 1759 1650 1796 eoque

198 1807 236 1844 in
274 1806 448 1844 examine
479 1806 652 1857 probatae
689 1806 726 1843 in
762 1806 904 1844 tabulis
940 1807 1273 1846 conscriberentur
1307 1807 1346 1845 in
1383 1808 1480 1846 Stoa
1508 1806 1651 1846 Poecile

198 1867 376 1919 figendis.
434 1868 572 1906 Recita
592 1874 631 1905 tu
654 1866 745 1905 mihi
764 1867 837 1906 hoc
857 1867 1068 1907 decretum.

765 1972 1083 2011 DECRETUM.

243 2050 366 2080 Placuit
388 2050 513 2090 populo,
537 2050 716 2080 Tisamenus
738 2056 843 2080 auctor
871 2051 928 2081 fuit
949 2052 1118 2088 sententiae,
1141 2052 1345 2082 Athenienses
1368 2062 1463 2092 remp.
1488 2062 1594 2091 gerere
1619 2059 1651 2083 et

200 2102 323 2132 civilem
339 2102 418 2131 inter
433 2112 464 2131 se
479 2101 570 2131 vitam
586 2102 699 2140 degere
714 2103 880 2132 secundum
903 2103 977 2133 ritus
994 2104 1122 2142 patrios,
1139 2109 1169 2133 et
1183 2104 1303 2133 Solonis
1317 2104 1359 2133 uti
1375 2104 1505 2143 legibus,
1522 2111 1553 2133 et
1567 2114 1651 2133 nien-

199 2154 279 2184 suris
296 2153 542 2194 ponderibusque
561 2152 593 2193 [a
617 2153 730 2183 Solone
746 2154 923 2195 praeceptis]
939 2165 947 2191 3
972 2155 1014 2184 uti
1038 2165 1156 2194 quoque
1175 2155 1358 2184 thesmorum
1375 2165 1392 2184 a
1405 2156 1558 2185 Draconte
1581 2154 1651 2184 reli-

198 2210 315 2234 ctorum
332 2205 381 2240 iis,
401 2205 510 2243 quibus
524 2209 592 2233 ante
607 2204 664 2233 hac
683 2205 729 2233 usi
752 2215 866 2235 sumus.
912 2205 1117 2244 Quascunque
1133 2215 1226 2235 novas
1238 2211 1335 2235 autem
1347 2205 1434 2244 leges
1445 2205 1534 2235 condi
1550 2215 1599 2235 res
1619 2210 1651 2234 et

199 2266 273 2285 usus
299 2255 385 2290 serat,
415 2254 632 2293 quinquaginta
657 2255 853 2285 Nomothetae
878 2267 895 2286 a
923 2261 1029 2286 senatu
1055 2256 1127 2286 lecti
1151 2267 1202 2286 eas
1227 2257 1256 2286 in
1288 2257 1400 2286 tabulis
1425 2257 1652 2296 perscribentes

199 2316 298 2335 coram
321 2305 492 2345 Eponymis
507 2310 682 2343 exponento
702 2306 740 2334 ad
755 2307 1016 2345 contemplandum
1034 2307 1148 2337 volenti
1169 2308 1289 2347 cuique,
1312 2313 1342 2338 et
1364 2308 1482 2338 senatui
1503 2308 1560 2338 hoc
1580 2308 1651 2347 ipso

198 2368 300 2388 mense
323 2358 475 2387 tradente.
517 2357 658 2387 Traditas
675 2363 774 2387 autem
792 2358 849 2388 sibi
867 2359 952 2398 leges
976 2365 1099 2389 senatus
1121 2360 1205 2400 prius
1220 2361 1394 2400 explorato,
1415 2366 1446 2391 et
1461 2361 1651 2400 legislatores

198 2409 356 2449 quingenti
372 2420 389 2438 a
404 2409 603 2449 popularibus
619 2419 676 2449 per
690 2409 796 2439 deinos
813 2410 938 2445 delecti,
953 2415 1115 2450 postquam
1132 2411 1216 2450 prius
1232 2416 1419 2441 sacramento
1435 2412 1473 2442 ad
1489 2416 1603 2442 rectum
1621 2416 1652 2441 et

199 2472 303 2492 verum
320 2462 463 2491 tuendum
481 2461 578 2490 adacti
596 2461 723 2490 suerint:
748 2462 801 2491 sed
813 2466 843 2491 et
855 2461 975 2502 privato
989 2462 1097 2502 cuique
1108 2463 1200 2492 liceto
1211 2463 1324 2494 volenti
1336 2463 1366 2493 iu
1380 2468 1515 2493 senatum
1527 2463 1652 2499 intrare,

198 2519 230 2543 et
245 2514 356 2542 bonum
379 2517 467 2550 atque
485 2512 613 2541 salutare
639 2512 664 2541 si
681 2513 754 2551 quid
771 2513 881 2543 habeat
897 2513 934 2542 de
951 2514 1073 2553 legibus
1092 2514 1230 2549 suadere,
1255 2514 1286 2544 id
1303 2515 1404 2544 edere.
1448 2515 1530 2543 Latae
1550 2519 1651 2544 antem

199 2564 250 2594 ubi
277 2563 386 2593 suerint
411 2563 507 2602 leges,
533 2568 654 2592 senatus
672 2563 907 2603 Areopagiticus
932 2575 1034 2594 earum
1061 2575 1163 2595 curam
1187 2565 1283 2604 gerit«)
1309 2570 1399 2604 atque
1419 2564 1593 2604 providete,
1618 2568 1652 2594 ut

199 2615 396 2654 magistratus
408 2614 527 2652 legibus
540 2614 614 2643 ratis
632 2614 701 2643 fixis
717 2620 847 2645 utantur.
894 2617 1008 2655 Legum
1026 2627 1213 2656 quaecuuque
1226 2617 1286 2646 sint
1300 2617 1424 2655 perlatae
1435 2620 1525 2655 atque
1537 2616 1568 2645 iu
1578 2616 1652 2646 ratis

198 2666 405 2705 legitimisque
429 2664 549 2701 habitae,
574 2675 624 2694 eas
639 2665 849 2703 perscribento
865 2666 893 2694 in
914 2666 1043 2706 pariete,
1066 2667 1116 2696 ubi
1138 2667 1256 2706 priores
1278 2667 1360 2705 leges
1382 2667 1562 2706 perscriptae
1578 2666 1650 2697 oiim

201 2716 476 2755 conspiciebantur,
492 2720 526 2745 ut
540 2716 646 2745 volens
659 2716 787 2755 quisque
805 2723 943 2755 spectare
957 2723 1047 2756 alque
1064 2717 1257 2747 considerare
1272 2717 1381 2756 possit.

203 2789 428 2827 Secundum
455 2790 528 2827 hoc
557 2789 754 2828 decretum
789 2798 977 2828 revocatae
1009 2798 1112 2838 sunt,
1139 2805 1161 2829 0
1188 2792 1270 2838 viri,
1295 2792 1400 2843 leges
1430 2793 1479 2831 ad
1510 2793 1649 2832 scruti-

203 2851 333 2893 nium;
364 2858 401 2888 et
420 2865 507 2902 quae
535 2852 575 2888 in
606 2858 704 2890 ratas
725 2860 839 2903 atque
861 2854 1042 2904 probatas
1070 2852 1200 2890 relatae
1232 2862 1336 2899 sunt,
1357 2867 1423 2893 eas
1451 2855 1490 2892 in
1518 2854 1648 2892 literas

201 2912 427 2958 retulerunt,
449 2920 565 2962 atque
596 2913 633 2950 in
654 2914 804 2965 porticu
824 2922 1097 2965 exposuerunt.
1156 2915 1244 2958 Quo
1269 2914 1372 2954 facto
1390 2916 1516 2968 legem
1536 2915 1649 2954 nobis
