<?xml version="1.0" encoding="UTF-8"?>
<!DOCTYPE html PUBLIC "-//W3C//DTD XHTML 1.0 Transitional//EN"
    "http://www.w3.org/TR/xhtml1/DTD/xhtml1-transitional.dtd">
<html xmlns="http://www.w3.org/1999/xhtml" xml:lang="en" lang="en">
 <head>
  <title>
</title>
<meta http-equiv="Content-Type" content="text/html;charset=utf-8" />
  <meta name='ocr-system' content='tesseract 3.04.00' />
  <meta name='ocr-capabilities' content='ocr_page ocr_carea ocr_par ocr_line ocrx_word'/>
</head>
<body>
  <div class='ocr_page' id='page_1' title='image "./oratoresatticie13dobs_0277.png"; bbox 0 0 1822 3219; ppageno 0'>
   <div class='ocr_carea' id='block_1_1' title="bbox 544 126 1590 164">
    <p class='ocr_par' dir='ltr' id='par_1_1' title="bbox 544 126 1590 164">
     <span class='ocr_line' id='line_1_1' title="bbox 544 126 1590 164; baseline 0.002 -3"><span class='ocrx_word' id='word_1_1' title='bbox 544 126 763 162; x_wconf 85' lang='lat' dir='ltr'><strong>CONTRA</strong></span> <span class='ocrx_word' id='word_1_2' title='bbox 793 127 1131 164; x_wconf 80' lang='lat' dir='ltr'>ALCIBIADEM</span> <span class='ocrx_word' id='word_1_3' title='bbox 1162 129 1211 164; x_wconf 86' lang='grc' dir='ltr'>ΙΙ.</span> <span class='ocrx_word' id='word_1_4' title='bbox 1514 130 1590 163; x_wconf 79' lang='lat'>265</span> 
     </span>
    </p>
   </div>
   <div class='ocr_carea' id='block_1_2' title="bbox 115 219 1589 2085">
    <p class='ocr_par' dir='ltr' id='par_1_2' title="bbox 115 219 1589 2085">
     <span class='ocr_line' id='line_1_2' title="bbox 139 219 1589 274; baseline 0.004 -19"><span class='ocrx_word' id='word_1_5' title='bbox 139 231 236 269; x_wconf 77' lang='lat' dir='ltr'>ergo</span> <span class='ocrx_word' id='word_1_6' title='bbox 262 219 523 271; x_wconf 87' lang='lat' dir='ltr'>disceptandae</span> <span class='ocrx_word' id='word_1_7' title='bbox 550 225 795 270; x_wconf 87' lang='lat' dir='ltr'>convenistis,</span> <span class='ocrx_word' id='word_1_8' title='bbox 815 237 891 270; x_wconf 72' lang='lat' dir='ltr'>non</span> <span class='ocrx_word' id='word_1_9' title='bbox 917 225 1021 274; x_wconf 81' lang='lat' dir='ltr'>leges</span> <span class='ocrx_word' id='word_1_10' title='bbox 1052 226 1323 274; x_wconf 84' lang='lat' dir='ltr'>conscriptum,</span> <span class='ocrx_word' id='word_1_11' title='bbox 1339 225 1409 263; x_wconf 87' lang='lat' dir='ltr'>sed</span> <span class='ocrx_word' id='word_1_12' title='bbox 1435 233 1589 262; x_wconf 89' lang='lat' dir='ltr'>senten—</span> 
     </span>
     <span class='ocr_line' id='line_1_3' title="bbox 146 279 1587 336; baseline 0.004 -19"><span class='ocrx_word' id='word_1_13' title='bbox 146 279 237 318; x_wconf 86' lang='lat' dir='ltr'>tiam</span> <span class='ocrx_word' id='word_1_14' title='bbox 257 280 376 318; x_wconf 85' lang='lat' dir='ltr'>latum</span> <span class='ocrx_word' id='word_1_15' title='bbox 391 296 438 320; x_wconf 88' lang='lat' dir='ltr'>ex</span> <span class='ocrx_word' id='word_1_16' title='bbox 457 286 677 335; x_wconf 81' lang='lat' dir='ltr'>praescripto</span> <span class='ocrx_word' id='word_1_17' title='bbox 695 286 824 335; x_wconf 90' lang='lat' dir='ltr'>legum</span> <span class='ocrx_word' id='word_1_18' title='bbox 843 284 988 323; x_wconf 92' lang='lat' dir='ltr'>dudum</span> <span class='ocrx_word' id='word_1_19' title='bbox 1003 285 1156 335; x_wconf 91' lang='lat' dir='ltr'>publice</span> <span class='ocrx_word' id='word_1_20' title='bbox 1176 286 1349 331; x_wconf 85' lang='lat' dir='ltr'>fixarum,</span> <span class='ocrx_word' id='word_1_21' title='bbox 1367 299 1492 336; x_wconf 89' lang='lat' dir='ltr'>neque</span> <span class='ocrx_word' id='word_1_22' title='bbox 1510 297 1587 336; x_wconf 92' lang='lat' dir='ltr'>quo</span> 
     </span>
     <span class='ocr_line' id='line_1_4' title="bbox 143 341 1586 395; baseline 0.003 -18"><span class='ocrx_word' id='word_1_23' title='bbox 143 341 472 381; x_wconf 84' lang='lat' dir='ltr'>commiseratione</span> <span class='ocrx_word' id='word_1_24' title='bbox 497 345 723 383; x_wconf 89' lang='lat' dir='ltr'>criminosos</span> <span class='ocrx_word' id='word_1_25' title='bbox 745 345 1038 394; x_wconf 81' lang='lat' dir='ltr'>amplectamini,</span> <span class='ocrx_word' id='word_1_26' title='bbox 1060 346 1127 383; x_wconf 93' lang='lat' dir='ltr'>sed</span> <span class='ocrx_word' id='word_1_27' title='bbox 1151 346 1272 382; x_wconf 85' lang='lat' dir='ltr'>multo</span> <span class='ocrx_word' id='word_1_28' title='bbox 1293 346 1416 395; x_wconf 84' lang='lat' dir='ltr'>magis</span> <span class='ocrx_word' id='word_1_29' title='bbox 1436 347 1500 383; x_wconf 82' lang='lat' dir='ltr'>irae</span> <span class='ocrx_word' id='word_1_30' title='bbox 1523 358 1586 382; x_wconf 89' lang='lat' dir='ltr'>ve-</span> 
     </span>
     <span class='ocr_line' id='line_1_5' title="bbox 143 402 1585 455; baseline 0.005 -18"><span class='ocrx_word' id='word_1_31' title='bbox 143 407 234 438; x_wconf 87' lang='lat' dir='ltr'>strae</span> <span class='ocrx_word' id='word_1_32' title='bbox 248 402 488 440; x_wconf 89' lang='lat' dir='ltr'>severitatem</span> <span class='ocrx_word' id='word_1_33' title='bbox 504 405 541 441; x_wconf 88' lang='lat' dir='ltr'>in</span> <span class='ocrx_word' id='word_1_34' title='bbox 555 418 620 442; x_wconf 89' lang='lat' dir='ltr'>eos</span> <span class='ocrx_word' id='word_1_35' title='bbox 641 406 854 454; x_wconf 86' lang='lat' dir='ltr'>expediatis</span> <span class='ocrx_word' id='word_1_36' title='bbox 873 407 1133 455; x_wconf 79' lang='lat' dir='ltr'>universaeque</span> <span class='ocrx_word' id='word_1_37' title='bbox 1154 406 1245 455; x_wconf 89' lang='lat' dir='ltr'>reip.</span> <span class='ocrx_word' id='word_1_38' title='bbox 1262 406 1406 442; x_wconf 77' lang='lat' dir='ltr'>labanti</span> <span class='ocrx_word' id='word_1_39' title='bbox 1429 420 1585 444; x_wconf 90' lang='lat' dir='ltr'>succur—</span> 
     </span>
     <span class='ocr_line' id='line_1_6' title="bbox 140 462 1584 516; baseline 0.003 -18"><span class='ocrx_word' id='word_1_40' title='bbox 140 462 246 506; x_wconf 85' lang='lat' dir='ltr'>ratis,</span> <span class='ocrx_word' id='word_1_41' title='bbox 260 464 378 512; x_wconf 83' lang='lat' dir='ltr'>probe</span> <span class='ocrx_word' id='word_1_42' title='bbox 391 464 453 512; x_wconf 94' lang='lat' dir='ltr'>qui</span> <span class='ocrx_word' id='word_1_43' title='bbox 468 465 629 501; x_wconf 83' lang='lat' dir='ltr'>teneatis</span> <span class='ocrx_word' id='word_1_44' title='bbox 650 478 782 514; x_wconf 89' lang='lat' dir='ltr'>poenas</span> <span class='ocrx_word' id='word_1_45' title='bbox 797 465 995 502; x_wconf 88' lang='lat' dir='ltr'>criminum</span> <span class='ocrx_word' id='word_1_46' title='bbox 1008 467 1088 516; x_wconf 86' lang='lat' dir='ltr'>jam</span> <span class='ocrx_word' id='word_1_47' title='bbox 1109 465 1396 502; x_wconf 89' lang='lat' dir='ltr'>commissorum</span> <span class='ocrx_word' id='word_1_48' title='bbox 1415 478 1437 501; x_wconf 89' lang='lat' dir='ltr'>a</span> <span class='ocrx_word' id='word_1_49' title='bbox 1457 467 1584 514; x_wconf 86' lang='lat' dir='ltr'>paucis</span> 
     </span>
     <span class='ocr_line' id='line_1_7' title="bbox 139 522 1581 575; baseline 0.003 -18"><span class='ocrx_word' id='word_1_50' title='bbox 139 522 365 570; x_wconf 87' lang='lat' dir='ltr'>quibusdam</span> <span class='ocrx_word' id='word_1_51' title='bbox 379 524 589 574; x_wconf 85' lang='lat' dir='ltr'>repetendo</span> <span class='ocrx_word' id='word_1_52' title='bbox 608 537 676 561; x_wconf 91' lang='lat' dir='ltr'>vos</span> <span class='ocrx_word' id='word_1_53' title='bbox 696 524 768 561; x_wconf 88' lang='lat' dir='ltr'>hoc</span> <span class='ocrx_word' id='word_1_54' title='bbox 784 538 868 562; x_wconf 87' lang='lat' dir='ltr'>esse</span> <span class='ocrx_word' id='word_1_55' title='bbox 888 534 1166 563; x_wconf 87' lang='lat' dir='ltr'>consecuturos</span> <span class='ocrx_word' id='word_1_56' title='bbox 1182 533 1237 570; x_wconf 89' lang='lat' dir='ltr'>ut,</span> <span class='ocrx_word' id='word_1_57' title='bbox 1253 524 1317 575; x_wconf 93' lang='lat' dir='ltr'>qui</span> <span class='ocrx_word' id='word_1_58' title='bbox 1337 525 1581 574; x_wconf 83' lang='lat' dir='ltr'>imposterum</span> 
     </span>
     <span class='ocr_line' id='line_1_8' title="bbox 139 583 1582 635; baseline 0.001 -16"><span class='ocrx_word' id='word_1_59' title='bbox 139 594 209 630; x_wconf 88' lang='lat' dir='ltr'>pro</span> <span class='ocrx_word' id='word_1_60' title='bbox 229 583 348 632; x_wconf 88' lang='lat' dir='ltr'>patria</span> <span class='ocrx_word' id='word_1_61' title='bbox 367 584 579 620; x_wconf 86' lang='lat' dir='ltr'>dimicaturi</span> <span class='ocrx_word' id='word_1_62' title='bbox 596 585 798 635; x_wconf 78' lang='lat' dir='ltr'>capitaque</span> <span class='ocrx_word' id='word_1_63' title='bbox 821 599 891 622; x_wconf 88' lang='lat' dir='ltr'>sua</span> <span class='ocrx_word' id='word_1_64' title='bbox 910 586 997 623; x_wconf 91' lang='lat' dir='ltr'>belli</span> <span class='ocrx_word' id='word_1_65' title='bbox 1025 585 1201 635; x_wconf 86' lang='lat' dir='ltr'>periculis</span> <span class='ocrx_word' id='word_1_66' title='bbox 1228 584 1413 632; x_wconf 86' lang='lat' dir='ltr'>objecturi</span> <span class='ocrx_word' id='word_1_67' title='bbox 1439 585 1525 629; x_wconf 89' lang='lat' dir='ltr'>sint,</span> <span class='ocrx_word' id='word_1_68' title='bbox 1545 585 1582 620; x_wconf 90' lang='lat' dir='ltr'>hi</span> 
     </span>
     <span class='ocr_line' id='line_1_9' title="bbox 139 640 1582 694; baseline 0.002 -16"><span class='ocrx_word' id='word_1_69' title='bbox 139 640 349 692; x_wconf 88' lang='lat' dir='ltr'>disciplinae</span> <span class='ocrx_word' id='word_1_70' title='bbox 369 644 537 681; x_wconf 87' lang='lat' dir='ltr'>militaris</span> <span class='ocrx_word' id='word_1_71' title='bbox 557 645 633 682; x_wconf 90' lang='lat' dir='ltr'>sint</span> <span class='ocrx_word' id='word_1_72' title='bbox 657 646 882 682; x_wconf 83' lang='lat' dir='ltr'>tenaciores.</span> <span class='ocrx_word' id='word_1_73' title='bbox 940 647 1029 682; x_wconf 85' lang='lat' dir='ltr'>Suae</span> <span class='ocrx_word' id='word_1_74' title='bbox 1052 645 1294 682; x_wconf 83' lang='lat' dir='ltr'>solummodo</span> <span class='ocrx_word' id='word_1_75' title='bbox 1316 645 1428 682; x_wconf 87' lang='lat' dir='ltr'>saluti</span> <span class='ocrx_word' id='word_1_76' title='bbox 1447 644 1477 682; x_wconf 91' lang='lat' dir='ltr'>si</span> <span class='ocrx_word' id='word_1_77' title='bbox 1496 657 1582 694; x_wconf 91' lang='lat' dir='ltr'>pro-</span> 
     </span>
     <span class='ocr_line' id='line_1_10' title="bbox 137 703 1585 755; baseline 0.002 -17"><span class='ocrx_word' id='word_1_78' title='bbox 137 703 262 751; x_wconf 87' lang='lat' dir='ltr'>spexit</span> <span class='ocrx_word' id='word_1_79' title='bbox 280 703 498 742; x_wconf 84' lang='lat' dir='ltr'>Alcibiades</span> <span class='ocrx_word' id='word_1_80' title='bbox 519 704 592 749; x_wconf 91' lang='lat' dir='ltr'>hic,</span> <span class='ocrx_word' id='word_1_81' title='bbox 613 705 808 743; x_wconf 87' lang='lat' dir='ltr'>immemor</span> <span class='ocrx_word' id='word_1_82' title='bbox 827 718 956 742; x_wconf 88' lang='lat' dir='ltr'>eorum</span> <span class='ocrx_word' id='word_1_83' title='bbox 977 719 1064 755; x_wconf 86' lang='lat' dir='ltr'>quae</span> <span class='ocrx_word' id='word_1_84' title='bbox 1088 705 1220 755; x_wconf 80' lang='lat' dir='ltr'>patriae</span> <span class='ocrx_word' id='word_1_85' title='bbox 1249 705 1409 742; x_wconf 84' lang='lat' dir='ltr'>deberet</span> <span class='ocrx_word' id='word_1_86' title='bbox 1435 704 1516 754; x_wconf 88' lang='lat' dir='ltr'>ipse</span> <span class='ocrx_word' id='word_1_87' title='bbox 1545 713 1585 742; x_wconf 89' lang='lat' dir='ltr'>et</span> 
     </span>
     <span class='ocr_line' id='line_1_11' title="bbox 135 764 1580 816; baseline 0.003 -19"><span class='ocrx_word' id='word_1_88' title='bbox 135 773 221 809; x_wconf 88' lang='lat' dir='ltr'>quae</span> <span class='ocrx_word' id='word_1_89' title='bbox 236 774 318 800; x_wconf 89' lang='lat' dir='ltr'>sors</span> <span class='ocrx_word' id='word_1_90' title='bbox 334 764 492 813; x_wconf 88' lang='lat' dir='ltr'>patriam</span> <span class='ocrx_word' id='word_1_91' title='bbox 510 772 681 802; x_wconf 82' lang='lat' dir='ltr'>maneret</span> <span class='ocrx_word' id='word_1_92' title='bbox 694 765 803 816; x_wconf 89' lang='lat' dir='ltr'>pensi</span> <span class='ocrx_word' id='word_1_93' title='bbox 822 778 898 802; x_wconf 86' lang='lat' dir='ltr'>non</span> <span class='ocrx_word' id='word_1_94' title='bbox 914 765 1073 810; x_wconf 83' lang='lat' dir='ltr'>faciens,</span> <span class='ocrx_word' id='word_1_95' title='bbox 1091 771 1240 814; x_wconf 85' lang='lat' dir='ltr'>oportet</span> <span class='ocrx_word' id='word_1_96' title='bbox 1255 773 1403 810; x_wconf 85' lang='lat' dir='ltr'>contra,</span> <span class='ocrx_word' id='word_1_97' title='bbox 1418 764 1580 815; x_wconf 89' lang='lat' dir='ltr'>judices,</span> 
     </span>
     <span class='ocr_line' id='line_1_12' title="bbox 133 823 1579 875; baseline 0.003 -18"><span class='ocrx_word' id='word_1_98' title='bbox 133 833 201 859; x_wconf 86' lang='lat' dir='ltr'>vos</span> <span class='ocrx_word' id='word_1_99' title='bbox 220 823 474 862; x_wconf 84' lang='lat' dir='ltr'>saluberrimis</span> <span class='ocrx_word' id='word_1_100' title='bbox 493 825 662 861; x_wconf 88' lang='lat' dir='ltr'>consiliis</span> <span class='ocrx_word' id='word_1_101' title='bbox 681 825 923 862; x_wconf 82' lang='lat' dir='ltr'>conferendis</span> <span class='ocrx_word' id='word_1_102' title='bbox 943 825 994 862; x_wconf 89' lang='lat' dir='ltr'>ita</span> <span class='ocrx_word' id='word_1_103' title='bbox 1005 825 1137 875; x_wconf 86' lang='lat' dir='ltr'>patriae</span> <span class='ocrx_word' id='word_1_104' title='bbox 1151 825 1365 875; x_wconf 88' lang='lat' dir='ltr'>prospicere</span> <span class='ocrx_word' id='word_1_105' title='bbox 1379 832 1421 863; x_wconf 88' lang='lat' dir='ltr'>ut</span> <span class='ocrx_word' id='word_1_106' title='bbox 1435 825 1579 862; x_wconf 89' lang='lat' dir='ltr'>nullam</span> 
     </span>
     <span class='ocr_line' id='line_1_13' title="bbox 132 884 1580 936; baseline 0.002 -17"><span class='ocrx_word' id='word_1_107' title='bbox 132 894 263 920; x_wconf 87' lang='lat' dir='ltr'>rursus</span> <span class='ocrx_word' id='word_1_108' title='bbox 283 884 454 922; x_wconf 89' lang='lat' dir='ltr'>habeatis</span> <span class='ocrx_word' id='word_1_109' title='bbox 482 885 693 922; x_wconf 86' lang='lat' dir='ltr'>Alcibiadis</span> <span class='ocrx_word' id='word_1_110' title='bbox 719 886 919 930; x_wconf 87' lang='lat' dir='ltr'>rationem,</span> <span class='ocrx_word' id='word_1_111' title='bbox 936 885 1157 935; x_wconf 80' lang='lat' dir='ltr'>praesertim,</span> <span class='ocrx_word' id='word_1_112' title='bbox 1178 886 1243 934; x_wconf 92' lang='lat' dir='ltr'>qui</span> <span class='ocrx_word' id='word_1_113' title='bbox 1270 893 1308 922; x_wconf 90' lang='lat' dir='ltr'>et</span> <span class='ocrx_word' id='word_1_114' title='bbox 1332 885 1580 936; x_wconf 88' lang='lat' dir='ltr'>jurejurando</span> 
     </span>
     <span class='ocr_line' id='line_1_14' title="bbox 131 945 1579 996; baseline 0.001 -15"><span class='ocrx_word' id='word_1_115' title='bbox 131 945 350 994; x_wconf 83' lang='lat' dir='ltr'>receperitis</span> <span class='ocrx_word' id='word_1_116' title='bbox 370 958 437 995; x_wconf 94' lang='lat' dir='ltr'>pro</span> <span class='ocrx_word' id='word_1_117' title='bbox 453 947 596 995; x_wconf 89' lang='lat' dir='ltr'>optima</span> <span class='ocrx_word' id='word_1_118' title='bbox 614 953 742 983; x_wconf 88' lang='lat' dir='ltr'>vestra</span> <span class='ocrx_word' id='word_1_119' title='bbox 757 946 833 983; x_wconf 86' lang='lat' dir='ltr'>fide</span> <span class='ocrx_word' id='word_1_120' title='bbox 848 953 963 996; x_wconf 87' lang='lat' dir='ltr'>atque</span> <span class='ocrx_word' id='word_1_121' title='bbox 982 945 1166 982; x_wconf 84' lang='lat' dir='ltr'>facultate</span> <span class='ocrx_word' id='word_1_122' title='bbox 1181 945 1377 982; x_wconf 90' lang='lat' dir='ltr'>verissime</span> <span class='ocrx_word' id='word_1_123' title='bbox 1397 952 1511 995; x_wconf 90' lang='lat' dir='ltr'>atque</span> <span class='ocrx_word' id='word_1_124' title='bbox 1525 959 1579 983; x_wconf 88' lang='lat' dir='ltr'>re-</span> 
     </span>
     <span class='ocr_line' id='line_1_15' title="bbox 128 1003 1578 1055; baseline 0.001 -15"><span class='ocrx_word' id='word_1_125' title='bbox 128 1003 370 1053; x_wconf 85' lang='lat' dir='ltr'>ligiosissime</span> <span class='ocrx_word' id='word_1_126' title='bbox 390 1006 699 1055; x_wconf 82' lang='lat' dir='ltr'>pronuntiaturos</span> <span class='ocrx_word' id='word_1_127' title='bbox 720 1013 758 1043; x_wconf 92' lang='lat' dir='ltr'>et</span> <span class='ocrx_word' id='word_1_128' title='bbox 776 1019 879 1043; x_wconf 90' lang='lat' dir='ltr'>nunc</span> <span class='ocrx_word' id='word_1_129' title='bbox 898 1007 945 1043; x_wconf 91' lang='lat' dir='ltr'>de</span> <span class='ocrx_word' id='word_1_130' title='bbox 965 1004 1164 1042; x_wconf 86' lang='lat' dir='ltr'>Alcibiade</span> <span class='ocrx_word' id='word_1_131' title='bbox 1188 1005 1304 1042; x_wconf 89' lang='lat' dir='ltr'>laturi</span> <span class='ocrx_word' id='word_1_132' title='bbox 1324 1005 1404 1042; x_wconf 90' lang='lat' dir='ltr'>sitis</span> <span class='ocrx_word' id='word_1_133' title='bbox 1426 1013 1578 1043; x_wconf 88' lang='lat' dir='ltr'>senten-</span> 
     </span>
     <span class='ocr_line' id='line_1_16' title="bbox 128 1063 1574 1114; baseline 0.001 -13"><span class='ocrx_word' id='word_1_134' title='bbox 128 1063 234 1110; x_wconf 84' lang='lat' dir='ltr'>tiam,</span> <span class='ocrx_word' id='word_1_135' title='bbox 252 1065 318 1114; x_wconf 93' lang='lat' dir='ltr'>qui</span> <span class='ocrx_word' id='word_1_136' title='bbox 343 1066 374 1103; x_wconf 91' lang='lat' dir='ltr'>si</span> <span class='ocrx_word' id='word_1_137' title='bbox 394 1079 462 1103; x_wconf 92' lang='lat' dir='ltr'>vos</span> <span class='ocrx_word' id='word_1_138' title='bbox 482 1067 785 1111; x_wconf 87' lang='lat' dir='ltr'>circumvenerit,</span> <span class='ocrx_word' id='word_1_139' title='bbox 806 1066 896 1104; x_wconf 84' lang='lat' dir='ltr'>hinc</span> <span class='ocrx_word' id='word_1_140' title='bbox 926 1065 1098 1103; x_wconf 84' lang='lat' dir='ltr'>discedet</span> <span class='ocrx_word' id='word_1_141' title='bbox 1125 1072 1246 1104; x_wconf 90' lang='lat' dir='ltr'>totam</span> <span class='ocrx_word' id='word_1_142' title='bbox 1273 1065 1463 1103; x_wconf 89' lang='lat' dir='ltr'>civitatem</span> <span class='ocrx_word' id='word_1_143' title='bbox 1495 1066 1574 1103; x_wconf 84' lang='lat' dir='ltr'>lato</span> 
     </span>
     <span class='ocr_line' id='line_1_17' title="bbox 130 1125 1574 1177; baseline -0.001 -13"><span class='ocrx_word' id='word_1_144' title='bbox 130 1125 318 1164; x_wconf 87' lang='lat' dir='ltr'>cachinno</span> <span class='ocrx_word' id='word_1_145' title='bbox 343 1127 573 1177; x_wconf 86' lang='lat' dir='ltr'>explodens:</span> <span class='ocrx_word' id='word_1_146' title='bbox 602 1140 678 1164; x_wconf 87' lang='lat' dir='ltr'>non</span> <span class='ocrx_word' id='word_1_147' title='bbox 701 1127 801 1164; x_wconf 88' lang='lat' dir='ltr'>enim</span> <span class='ocrx_word' id='word_1_148' title='bbox 826 1127 999 1176; x_wconf 88' lang='lat' dir='ltr'>profecto</span> <span class='ocrx_word' id='word_1_149' title='bbox 1024 1126 1184 1176; x_wconf 84' lang='lat' dir='ltr'>gratiam</span> <span class='ocrx_word' id='word_1_150' title='bbox 1205 1125 1311 1163; x_wconf 90' lang='lat' dir='ltr'>vobis</span> <span class='ocrx_word' id='word_1_151' title='bbox 1331 1127 1487 1171; x_wconf 86' lang='lat' dir='ltr'>referet,</span> <span class='ocrx_word' id='word_1_152' title='bbox 1509 1126 1574 1164; x_wconf 94' lang='lat' dir='ltr'>ubi</span> 
     </span>
     <span class='ocr_line' id='line_1_18' title="bbox 129 1185 1577 1236; baseline -0.001 -11"><span class='ocrx_word' id='word_1_153' title='bbox 129 1185 294 1230; x_wconf 85' lang='lat' dir='ltr'>tabellis,</span> <span class='ocrx_word' id='word_1_154' title='bbox 309 1186 408 1224; x_wconf 87' lang='lat' dir='ltr'>clam</span> <span class='ocrx_word' id='word_1_155' title='bbox 428 1187 466 1223; x_wconf 91' lang='lat' dir='ltr'>in</span> <span class='ocrx_word' id='word_1_156' title='bbox 488 1187 623 1224; x_wconf 86' lang='lat' dir='ltr'>cistam</span> <span class='ocrx_word' id='word_1_157' title='bbox 644 1187 854 1224; x_wconf 90' lang='lat' dir='ltr'>inferendis</span> <span class='ocrx_word' id='word_1_158' title='bbox 868 1187 965 1224; x_wconf 85' lang='lat' dir='ltr'>bene</span> <span class='ocrx_word' id='word_1_159' title='bbox 986 1186 1033 1223; x_wconf 91' lang='lat' dir='ltr'>de</span> <span class='ocrx_word' id='word_1_160' title='bbox 1051 1198 1096 1223; x_wconf 89' lang='lat' dir='ltr'>eo</span> <span class='ocrx_word' id='word_1_161' title='bbox 1116 1186 1413 1236; x_wconf 87' lang='lat' dir='ltr'>promerueritis,</span> <span class='ocrx_word' id='word_1_162' title='bbox 1433 1186 1577 1224; x_wconf 89' lang='lat' dir='ltr'>nesciet</span> 
     </span>
     <span class='ocr_line' id='line_1_19' title="bbox 129 1246 1575 1296; baseline 0 -12"><span class='ocrx_word' id='word_1_163' title='bbox 129 1246 227 1284; x_wconf 88' lang='lat' dir='ltr'>enim</span> <span class='ocrx_word' id='word_1_164' title='bbox 244 1247 303 1284; x_wconf 90' lang='lat' dir='ltr'>cui</span> <span class='ocrx_word' id='word_1_165' title='bbox 319 1253 486 1285; x_wconf 90' lang='lat' dir='ltr'>vestrum</span> <span class='ocrx_word' id='word_1_166' title='bbox 507 1247 670 1285; x_wconf 89' lang='lat' dir='ltr'>salutem</span> <span class='ocrx_word' id='word_1_167' title='bbox 686 1260 792 1284; x_wconf 89' lang='lat' dir='ltr'>suam</span> <span class='ocrx_word' id='word_1_168' title='bbox 813 1247 971 1289; x_wconf 90' lang='lat' dir='ltr'>debeat;</span> <span class='ocrx_word' id='word_1_169' title='bbox 1002 1253 1189 1296; x_wconf 80' lang='lat' dir='ltr'>praeterea</span> <span class='ocrx_word' id='word_1_170' title='bbox 1204 1259 1252 1283; x_wconf 92' lang='lat' dir='ltr'>ne</span> <span class='ocrx_word' id='word_1_171' title='bbox 1273 1246 1407 1283; x_wconf 88' lang='lat' dir='ltr'>didicit</span> <span class='ocrx_word' id='word_1_172' title='bbox 1419 1247 1575 1296; x_wconf 88' lang='lat' dir='ltr'>quidem</span> 
     </span>
     <span class='ocr_line' id='line_1_20' title="bbox 127 1306 1575 1359; baseline 0.001 -16"><span class='ocrx_word' id='word_1_173' title='bbox 127 1307 345 1344; x_wconf 87' lang='lat' dir='ltr'>Alcibiades</span> <span class='ocrx_word' id='word_1_174' title='bbox 362 1315 602 1359; x_wconf 85' lang='lat' dir='ltr'>acceptorum</span> <span class='ocrx_word' id='word_1_175' title='bbox 617 1308 890 1345; x_wconf 84' lang='lat' dir='ltr'>beneficiorum</span> <span class='ocrx_word' id='word_1_176' title='bbox 908 1319 1052 1344; x_wconf 91' lang='lat' dir='ltr'>memor</span> <span class='ocrx_word' id='word_1_177' title='bbox 1072 1319 1169 1351; x_wconf 89' lang='lat' dir='ltr'>esse,</span> <span class='ocrx_word' id='word_1_178' title='bbox 1183 1307 1313 1343; x_wconf 90' lang='lat' dir='ltr'>amicis</span> <span class='ocrx_word' id='word_1_179' title='bbox 1328 1307 1425 1344; x_wconf 89' lang='lat' dir='ltr'>enim</span> <span class='ocrx_word' id='word_1_180' title='bbox 1446 1306 1575 1356; x_wconf 90' lang='lat' dir='ltr'>palam</span> 
     </span>
     <span class='ocr_line' id='line_1_21' title="bbox 125 1367 1572 1418; baseline 0.001 -14"><span class='ocrx_word' id='word_1_181' title='bbox 125 1367 224 1404; x_wconf 86' lang='lat' dir='ltr'>bene</span> <span class='ocrx_word' id='word_1_182' title='bbox 243 1367 290 1405; x_wconf 89' lang='lat' dir='ltr'>de</span> <span class='ocrx_word' id='word_1_183' title='bbox 310 1381 351 1406; x_wconf 89' lang='lat' dir='ltr'>se</span> <span class='ocrx_word' id='word_1_184' title='bbox 369 1369 510 1406; x_wconf 89' lang='lat' dir='ltr'>meritis</span> <span class='ocrx_word' id='word_1_185' title='bbox 527 1370 666 1406; x_wconf 89' lang='lat' dir='ltr'>bonam</span> <span class='ocrx_word' id='word_1_186' title='bbox 683 1369 844 1418; x_wconf 84' lang='lat' dir='ltr'>gratiam</span> <span class='ocrx_word' id='word_1_187' title='bbox 865 1369 1032 1418; x_wconf 88' lang='lat' dir='ltr'>pessima</span> <span class='ocrx_word' id='word_1_188' title='bbox 1047 1367 1237 1418; x_wconf 87' lang='lat' dir='ltr'>rependit.</span> <span class='ocrx_word' id='word_1_189' title='bbox 1281 1367 1448 1404; x_wconf 90' lang='lat' dir='ltr'>Planum</span> <span class='ocrx_word' id='word_1_190' title='bbox 1462 1368 1572 1406; x_wconf 85' lang='lat' dir='ltr'>vobis</span> 
     </span>
     <span class='ocr_line' id='line_1_22' title="bbox 125 1427 1570 1479; baseline 0.001 -15"><span class='ocrx_word' id='word_1_191' title='bbox 125 1427 270 1464; x_wconf 87' lang='lat' dir='ltr'>factum</span> <span class='ocrx_word' id='word_1_192' title='bbox 287 1435 357 1474; x_wconf 91' lang='lat' dir='ltr'>est,</span> <span class='ocrx_word' id='word_1_193' title='bbox 377 1429 628 1474; x_wconf 90' lang='lat' dir='ltr'>Alcibiadem,</span> <span class='ocrx_word' id='word_1_194' title='bbox 649 1429 712 1479; x_wconf 90' lang='lat' dir='ltr'>qui</span> <span class='ocrx_word' id='word_1_195' title='bbox 733 1441 755 1466; x_wconf 89' lang='lat' dir='ltr'>a</span> <span class='ocrx_word' id='word_1_196' title='bbox 770 1441 850 1478; x_wconf 87' lang='lat' dir='ltr'>rep.</span> <span class='ocrx_word' id='word_1_197' title='bbox 868 1429 1001 1479; x_wconf 87' lang='lat' dir='ltr'>jussus</span> <span class='ocrx_word' id='word_1_198' title='bbox 1028 1435 1129 1465; x_wconf 90' lang='lat' dir='ltr'>esset</span> <span class='ocrx_word' id='word_1_199' title='bbox 1156 1428 1194 1464; x_wconf 90' lang='lat' dir='ltr'>in</span> <span class='ocrx_word' id='word_1_200' title='bbox 1225 1427 1418 1478; x_wconf 83' lang='lat' dir='ltr'>peditibus</span> <span class='ocrx_word' id='word_1_201' title='bbox 1447 1429 1570 1477; x_wconf 84' lang='lat' dir='ltr'>gravis</span> 
     </span>
     <span class='ocr_line' id='line_1_23' title="bbox 124 1489 1569 1539; baseline 0.001 -14"><span class='ocrx_word' id='word_1_202' title='bbox 124 1496 324 1526; x_wconf 87' lang='lat' dir='ltr'>armaturae</span> <span class='ocrx_word' id='word_1_203' title='bbox 344 1490 514 1536; x_wconf 88' lang='lat' dir='ltr'>militare,</span> <span class='ocrx_word' id='word_1_204' title='bbox 530 1490 693 1527; x_wconf 86' lang='lat' dir='ltr'>statione</span> <span class='ocrx_word' id='word_1_205' title='bbox 709 1490 774 1527; x_wconf 89' lang='lat' dir='ltr'>illa</span> <span class='ocrx_word' id='word_1_206' title='bbox 789 1489 1115 1539; x_wconf 85' lang='lat' dir='ltr'>deserta,legibus</span> <span class='ocrx_word' id='word_1_207' title='bbox 1131 1490 1446 1539; x_wconf 84' lang='lat' dir='ltr'>repugnantibus,</span> <span class='ocrx_word' id='word_1_208' title='bbox 1464 1491 1569 1528; x_wconf 90' lang='lat' dir='ltr'>nullo</span> 
     </span>
     <span class='ocr_line' id='line_1_24' title="bbox 123 1550 1570 1600; baseline 0.001 -15"><span class='ocrx_word' id='word_1_209' title='bbox 123 1550 324 1598; x_wconf 89' lang='lat' dir='ltr'>probatum</span> <span class='ocrx_word' id='word_1_210' title='bbox 346 1551 542 1594; x_wconf 86' lang='lat' dir='ltr'>scrutinio,</span> <span class='ocrx_word' id='word_1_211' title='bbox 563 1551 600 1587; x_wconf 90' lang='lat' dir='ltr'>in</span> <span class='ocrx_word' id='word_1_212' title='bbox 617 1558 833 1600; x_wconf 87' lang='lat' dir='ltr'>equestrem</span> <span class='ocrx_word' id='word_1_213' title='bbox 861 1550 1031 1587; x_wconf 88' lang='lat' dir='ltr'>militiam</span> <span class='ocrx_word' id='word_1_214' title='bbox 1053 1562 1092 1587; x_wconf 89' lang='lat' dir='ltr'>se</span> <span class='ocrx_word' id='word_1_215' title='bbox 1113 1550 1334 1598; x_wconf 88' lang='lat' dir='ltr'>ingessisse,</span> <span class='ocrx_word' id='word_1_216' title='bbox 1351 1557 1389 1586; x_wconf 88' lang='lat' dir='ltr'>et</span> <span class='ocrx_word' id='word_1_217' title='bbox 1407 1563 1570 1600; x_wconf 88' lang='lat' dir='ltr'>quarum</span> 
     </span>
     <span class='ocr_line' id='line_1_25' title="bbox 120 1610 1571 1660; baseline 0.001 -14"><span class='ocrx_word' id='word_1_218' title='bbox 120 1622 246 1646; x_wconf 77' lang='lat' dir='ltr'>rerum</span> <span class='ocrx_word' id='word_1_219' title='bbox 268 1618 493 1660; x_wconf 86' lang='lat' dir='ltr'>potestatem</span> <span class='ocrx_word' id='word_1_220' title='bbox 520 1611 625 1660; x_wconf 85' lang='lat' dir='ltr'>leges</span> <span class='ocrx_word' id='word_1_221' title='bbox 648 1611 718 1647; x_wconf 90' lang='lat' dir='ltr'>sibi</span> <span class='ocrx_word' id='word_1_222' title='bbox 739 1610 1060 1654; x_wconf 87' lang='lat' dir='ltr'>solis-reservant,</span> <span class='ocrx_word' id='word_1_223' title='bbox 1080 1617 1254 1647; x_wconf 88' lang='lat' dir='ltr'>vetantes</span> <span class='ocrx_word' id='word_1_224' title='bbox 1271 1618 1409 1659; x_wconf 85' lang='lat' dir='ltr'>praeter</span> <span class='ocrx_word' id='word_1_225' title='bbox 1429 1623 1470 1647; x_wconf 88' lang='lat' dir='ltr'>se</span> <span class='ocrx_word' id='word_1_226' title='bbox 1491 1611 1571 1648; x_wconf 91' lang='lat' dir='ltr'>cui-</span> 
     </span>
     <span class='ocr_line' id='line_1_26' title="bbox 122 1670 1566 1721; baseline 0.001 -15"><span class='ocrx_word' id='word_1_227' title='bbox 122 1683 238 1719; x_wconf 90' lang='lat' dir='ltr'>quam</span> <span class='ocrx_word' id='word_1_228' title='bbox 259 1671 463 1721; x_wconf 86' lang='lat' dir='ltr'>quicquam</span> <span class='ocrx_word' id='word_1_229' title='bbox 484 1671 554 1708; x_wconf 92' lang='lat' dir='ltr'>illis</span> <span class='ocrx_word' id='word_1_230' title='bbox 575 1672 612 1708; x_wconf 91' lang='lat' dir='ltr'>in</span> <span class='ocrx_word' id='word_1_231' title='bbox 626 1671 880 1715; x_wconf 82' lang='lat' dir='ltr'>rebuslicere,</span> <span class='ocrx_word' id='word_1_232' title='bbox 896 1672 973 1708; x_wconf 90' lang='lat' dir='ltr'>sive</span> <span class='ocrx_word' id='word_1_233' title='bbox 994 1676 1186 1720; x_wconf 87' lang='lat' dir='ltr'>strategus</span> <span class='ocrx_word' id='word_1_234' title='bbox 1209 1670 1258 1707; x_wconf 87' lang='lat' dir='ltr'>sit</span> <span class='ocrx_word' id='word_1_235' title='bbox 1278 1671 1478 1720; x_wconf 88' lang='lat' dir='ltr'>[magister</span> <span class='ocrx_word' id='word_1_236' title='bbox 1497 1672 1566 1708; x_wconf 92' lang='lat' dir='ltr'>mi-</span> 
     </span>
     <span class='ocr_line' id='line_1_27' title="bbox 122 1731 1568 1783; baseline 0.002 -16"><span class='ocrx_word' id='word_1_237' title='bbox 122 1731 214 1767; x_wconf 84' lang='lat' dir='ltr'>litiae</span> <span class='ocrx_word' id='word_1_238' title='bbox 235 1732 441 1781; x_wconf 83' lang='lat' dir='ltr'>pedestris]</span> <span class='ocrx_word' id='word_1_239' title='bbox 461 1733 539 1769; x_wconf 88' lang='lat' dir='ltr'>sive</span> <span class='ocrx_word' id='word_1_240' title='bbox 557 1732 787 1782; x_wconf 89' lang='lat' dir='ltr'>hipparchus</span> <span class='ocrx_word' id='word_1_241' title='bbox 813 1732 1011 1782; x_wconf 84' lang='lat' dir='ltr'>[magister</span> <span class='ocrx_word' id='word_1_242' title='bbox 1030 1731 1234 1783; x_wconf 86' lang='lat' dir='ltr'>equestris]</span> <span class='ocrx_word' id='word_1_243' title='bbox 1259 1732 1337 1769; x_wconf 91' lang='lat' dir='ltr'>sive</span> <span class='ocrx_word' id='word_1_244' title='bbox 1358 1732 1454 1770; x_wconf 92' lang='lat' dir='ltr'>alius</span> <span class='ocrx_word' id='word_1_245' title='bbox 1484 1733 1568 1783; x_wconf 78' lang='lat' dir='ltr'>qui·</span> 
     </span>
     <span class='ocr_line' id='line_1_28' title="bbox 123 1792 1566 1843; baseline 0.002 -15"><span class='ocrx_word' id='word_1_246' title='bbox 123 1804 288 1841; x_wconf 89' lang='lat' dir='ltr'>cunque,</span> <span class='ocrx_word' id='word_1_247' title='bbox 309 1806 437 1830; x_wconf 88' lang='lat' dir='ltr'>earum</span> <span class='ocrx_word' id='word_1_248' title='bbox 463 1806 587 1829; x_wconf 88' lang='lat' dir='ltr'>rerum</span> <span class='ocrx_word' id='word_1_249' title='bbox 608 1793 802 1830; x_wconf 87' lang='lat' dir='ltr'>arbitrium</span> <span class='ocrx_word' id='word_1_250' title='bbox 824 1800 937 1842; x_wconf 86' lang='lat' dir='ltr'>atque</span> <span class='ocrx_word' id='word_1_251' title='bbox 958 1792 1149 1830; x_wconf 87' lang='lat' dir='ltr'>licentiam</span> <span class='ocrx_word' id='word_1_252' title='bbox 1171 1792 1293 1841; x_wconf 89' lang='lat' dir='ltr'>ipsum</span> <span class='ocrx_word' id='word_1_253' title='bbox 1315 1793 1385 1829; x_wconf 90' lang='lat' dir='ltr'>sibi</span> <span class='ocrx_word' id='word_1_254' title='bbox 1407 1794 1471 1842; x_wconf 92' lang='lat' dir='ltr'>qui</span> <span class='ocrx_word' id='word_1_255' title='bbox 1491 1795 1566 1843; x_wconf 91' lang='lat' dir='ltr'>pri-</span> 
     </span>
     <span class='ocr_line' id='line_1_29' title="bbox 119 1853 1563 1904; baseline 0.001 -14"><span class='ocrx_word' id='word_1_256' title='bbox 119 1861 231 1890; x_wconf 83' lang='lat' dir='ltr'>vatus</span> <span class='ocrx_word' id='word_1_257' title='bbox 248 1861 351 1891; x_wconf 88' lang='lat' dir='ltr'>esset</span> <span class='ocrx_word' id='word_1_258' title='bbox 372 1866 585 1903; x_wconf 82' lang='lat' dir='ltr'>arrogasse.</span> <span class='ocrx_word' id='word_1_259' title='bbox 642 1854 730 1891; x_wconf 86' lang='lat' dir='ltr'>Jarn</span> <span class='ocrx_word' id='word_1_260' title='bbox 756 1866 827 1903; x_wconf 84' lang='lat' dir='ltr'>ego</span> <span class='ocrx_word' id='word_1_261' title='bbox 848 1853 1024 1902; x_wconf 89' lang='lat' dir='ltr'>equidem</span> <span class='ocrx_word' id='word_1_262' title='bbox 1044 1853 1127 1890; x_wconf 72' lang='lat' dir='ltr'>haec</span> <span class='ocrx_word' id='word_1_263' title='bbox 1155 1853 1352 1902; x_wconf 84' lang='lat' dir='ltr'>praefatus,</span> <span class='ocrx_word' id='word_1_264' title='bbox 1369 1866 1456 1890; x_wconf 91' lang='lat' dir='ltr'>cum</span> <span class='ocrx_word' id='word_1_265' title='bbox 1486 1867 1563 1904; x_wconf 93' lang='lat' dir='ltr'>quo</span> 
     </span>
     <span class='ocr_line' id='line_1_30' title="bbox 115 1913 1562 1964; baseline 0.001 -14"><span class='ocrx_word' id='word_1_266' title='bbox 115 1914 414 1952; x_wconf 87' lang='lat' dir='ltr'>Archestratidae</span> <span class='ocrx_word' id='word_1_267' title='bbox 434 1927 587 1964; x_wconf 87' lang='lat' dir='ltr'>operam</span> <span class='ocrx_word' id='word_1_268' title='bbox 606 1927 784 1951; x_wconf 85' lang='lat' dir='ltr'>uavarem</span> <span class='ocrx_word' id='word_1_269' title='bbox 803 1913 944 1950; x_wconf 90' lang='lat' dir='ltr'>homini</span> <span class='ocrx_word' id='word_1_270' title='bbox 971 1913 1106 1958; x_wconf 91' lang='lat' dir='ltr'>amico,</span> <span class='ocrx_word' id='word_1_271' title='bbox 1123 1919 1203 1949; x_wconf 88' lang='lat' dir='ltr'>tum</span> <span class='ocrx_word' id='word_1_272' title='bbox 1224 1926 1301 1962; x_wconf 90' lang='lat' dir='ltr'>quo</span> <span class='ocrx_word' id='word_1_273' title='bbox 1321 1913 1562 1952; x_wconf 89' lang='lat' dir='ltr'>Alcibiadem</span> 
     </span>
     <span class='ocr_line' id='line_1_31' title="bbox 117 1973 1561 2023; baseline 0.001 -13"><span class='ocrx_word' id='word_1_274' title='bbox 117 1973 319 2011; x_wconf 88' lang='lat' dir='ltr'>ulciscerer</span> <span class='ocrx_word' id='word_1_275' title='bbox 339 1974 530 2011; x_wconf 90' lang='lat' dir='ltr'>hominem</span> <span class='ocrx_word' id='word_1_276' title='bbox 550 1974 763 2011; x_wconf 89' lang='lat' dir='ltr'>inimicum:</span> <span class='ocrx_word' id='word_1_277' title='bbox 794 1987 861 2011; x_wconf 91' lang='lat' dir='ltr'>vos</span> <span class='ocrx_word' id='word_1_278' title='bbox 877 1986 983 2023; x_wconf 86' lang='lat' dir='ltr'>rogo,</span> <span class='ocrx_word' id='word_1_279' title='bbox 1000 1980 1042 2010; x_wconf 83' lang='lat' dir='ltr'>ut</span> <span class='ocrx_word' id='word_1_280' title='bbox 1057 1986 1167 2023; x_wconf 83' lang='lat' dir='ltr'>aequa</span> <span class='ocrx_word' id='word_1_281' title='bbox 1183 1979 1220 2009; x_wconf 88' lang='lat' dir='ltr'>et</span> <span class='ocrx_word' id='word_1_282' title='bbox 1243 1980 1377 2010; x_wconf 87' lang='lat' dir='ltr'>sancta</span> <span class='ocrx_word' id='word_1_283' title='bbox 1396 1987 1561 2023; x_wconf 87' lang='lat' dir='ltr'>pronun-</span> 
     </span>
     <span class='ocr_line' id='line_1_32' title="bbox 118 2033 1559 2085; baseline 0 -14"><span class='ocrx_word' id='word_1_284' title='bbox 118 2035 228 2080; x_wconf 86' lang='lat' dir='ltr'>tietis,</span> <span class='ocrx_word' id='word_1_285' title='bbox 243 2035 376 2072; x_wconf 83' lang='lat' dir='ltr'>eadem</span> <span class='ocrx_word' id='word_1_286' title='bbox 395 2034 516 2072; x_wconf 81' lang='lat' dir='ltr'>induti</span> <span class='ocrx_word' id='word_1_287' title='bbox 535 2041 675 2079; x_wconf 87' lang='lat' dir='ltr'>mente,</span> <span class='ocrx_word' id='word_1_288' title='bbox 692 2048 776 2085; x_wconf 84' lang='lat' dir='ltr'>quae</span> <span class='ocrx_word' id='word_1_289' title='bbox 789 2042 869 2072; x_wconf 90' lang='lat' dir='ltr'>tum</span> <span class='ocrx_word' id='word_1_290' title='bbox 885 2034 991 2071; x_wconf 87' lang='lat' dir='ltr'>vobis</span> <span class='ocrx_word' id='word_1_291' title='bbox 1007 2033 1136 2071; x_wconf 89' lang='lat' dir='ltr'>eratin</span> <span class='ocrx_word' id='word_1_292' title='bbox 1151 2034 1351 2084; x_wconf 89' lang='lat' dir='ltr'>procinctu</span> <span class='ocrx_word' id='word_1_293' title='bbox 1371 2034 1559 2072; x_wconf 87' lang='lat' dir='ltr'>stantibus</span> 
     </span>
    </p>
   </div>
   <div class='ocr_carea' id='block_1_3' title="bbox 114 2095 704 2147">
    <p class='ocr_par' dir='ltr' id='par_1_3' title="bbox 114 2095 704 2147">
     <span class='ocr_line' id='line_1_33' title="bbox 114 2095 704 2147; baseline 0.003 -15"><span class='ocrx_word' id='word_1_294' title='bbox 114 2108 205 2133; x_wconf 81' lang='lat' dir='ltr'>cum</span> <span class='ocrx_word' id='word_1_295' title='bbox 220 2095 331 2134; x_wconf 84' lang='lat' dir='ltr'>hoste</span> <span class='ocrx_word' id='word_1_296' title='bbox 350 2097 532 2147; x_wconf 81' lang='lat' dir='ltr'>congredi</span> <span class='ocrx_word' id='word_1_297' title='bbox 551 2097 704 2147; x_wconf 89' lang='lat' dir='ltr'>paratis.</span> 
     </span>
    </p>
   </div>
   <div class='ocr_carea' id='block_1_4' title="bbox 785 2875 868 2908">
    <p class='ocr_par' dir='ltr' id='par_1_4' title="bbox 785 2875 868 2908">
     <span class='ocr_line' id='line_1_34' title="bbox 785 2875 868 2908; baseline 0 0"><span class='ocrx_word' id='word_1_298' title='bbox 785 2875 868 2908; x_wconf 76' lang='lat' dir='ltr'>‘ZM</span> 
     </span>
    </p>
   </div>
  </div>
 </body>
</html>
