1822 3219
270 155 346 191 232>
653 188 655 190 .
924 157 1093 195 LYSOE

264 255 348 294 ausi
369 262 474 302 sunt,
493 256 523 295 si
543 269 661 309 opera
688 266 804 311 atque
833 262 1014 312 praesidio
1041 261 1201 299 aliorum
1228 261 1456 306 caruissent,
1479 275 1604 314 neque
1630 276 1736 302 nunc

261 319 301 356 in
321 327 577 371 conspectum
595 329 766 360 vestrum
787 323 906 361 fuisse
928 334 1126 368 venturos,
1148 323 1222 360 nisi
1243 322 1413 360 futurum
1443 332 1667 374 sperassent
1691 331 1735 362 ut

262 381 310 419 ab
332 382 467 420 iisdem
488 383 718 434 praesidibus
739 385 817 422 suis
846 385 1018 436 periculo
1046 385 1307 436 eriperentur3
1339 398 1562 436 quanquam
1580 385 1618 423 hi
1636 399 1733 437 prae-

265 442 370 481 sides
401 451 517 494 atque
549 453 802 496 protectores,
822 460 900 484 non
933 453 1011 484 tarn
1038 446 1113 492 his,
1133 459 1249 497 quam
1279 446 1350 484 sibi
1377 447 1484 497 ipsis,
1504 447 1734 498 opitulatum

265 506 433 553 veniunt,
449 519 607 557 suaeque
628 509 813 559 potentiae
834 509 1170 560 propugnaculum
1191 515 1443 560 praestruunt,
1460 522 1480 547 e
1495 508 1610 548 factis
1627 517 1735 549 ante·

262 568 426 606 rioribus
454 569 699 619 colligentes,
721 570 834 608 etiam
860 570 1109 622 imposterum
1130 570 1201 609 sibi
1222 570 1368 609 licitum
1389 570 1471 608 sore
1489 583 1736 621 quaecunque

263 630 384 668 velint
400 630 543 677 facere,
563 632 628 670 ubi
650 631 831 679 viderint,
850 640 1108 671 extremorum
1128 632 1315 671 malorum
1334 632 1551 671 concitores
1571 645 1595 671 a
1612 633 1735 681 vobis,

263 704 351 729 cum
371 692 409 729 in
427 699 620 742 potestate
642 693 833 739 habeatis,
855 701 986 732 tamen
1007 694 1088 732 sine
1104 707 1222 746 poena
1241 693 1436 732 dimissos.

318 755 381 792 13.
412 754 558 792 Verum
573 755 613 792 in
628 755 689 793 his
706 756 813 806 ipsis,
828 756 893 806 qui
910 767 995 794 sese
1012 757 1222 795 advocatos
1241 757 1324 795 istis
1343 756 1607 807 [Eratostheni
1625 765 1731 796 cete-

258 817 386 867 risque
401 817 588 868 tyrannis]
606 817 845 868 praebebunt,
863 818 988 856 mirari
1008 819 1099 857 licet
1119 827 1236 869 atque
1257 818 1448 865 dubitare,
1465 825 1594 856 utrum
1614 819 1730 858 modo

259 885 446 930 tyrannos
470 892 492 917 a
512 878 620 918 vobis
653 879 848 918 exoraturi
875 880 964 925 sint,
986 893 1065 930 quo
1088 880 1158 918 viri
1181 880 1272 918 boui
1301 886 1341 918 et
1365 881 1485 919 fortes
1512 881 1616 919 haud
1642 895 1731 920 raro

260 942 496 981 facinorosos
513 956 535 981 a
557 943 762 982 severitate
788 942 964 994 judicum
993 950 1176 995 exorant3
1209 943 1346 981 vellem
1369 944 1504 995 utique
1521 944 1592 983 hos
1612 946 1732 984 advo—

259 1010 369 1042 catos
383 1012 632 1055 tyrannorum
647 1006 683 1042 in
699 1005 892 1043 servanda
905 1018 986 1056 rep.
1000 1006 1082 1056 pari
1099 1005 1350 1043 contentione
1366 1004 1599 1052 decertasse,
1615 1013 1732 1058 atque

262 1067 414 1116 tyranni
434 1073 631 1105 certarunt
650 1067 689 1105 in
710 1080 756 1105 ea
774 1067 1086 1118 pessumdanda:
1118 1081 1166 1105 an
1188 1067 1456 1105 defensionem
1476 1074 1730 1118 tyrannorum

259 1127 348 1166 ideo
379 1135 601 1180 capessent,
623 1129 727 1180 quod
753 1135 923 1167 oratores
951 1129 1022 1167 sibi
1042 1129 1220 1167 videntur
1248 1129 1438 1175 sollertes,
1468 1129 1643 1176 subtiles,
1663 1143 1733 1168 na-

258 1196 366 1228 turas
387 1203 513 1228 rerum
533 1192 705 1230 oratione
725 1198 888 1238 mutare,
909 1191 1038 1229 album
1066 1191 1177 1242 nigro
1201 1198 1346 1229 vertere
1373 1191 1574 1230 valentes?
1623 1191 1730 1230 Hoc-

261 1253 346 1290 cine
369 1253 526 1304 planum
545 1253 704 1300 facient,
722 1260 973 1304 tyrannorum
994 1253 1166 1291 facinora
1182 1254 1319 1291 summi
1335 1253 1442 1291 vobis
1457 1266 1539 1292 esse
1554 1253 1734 1292 facienda

259 1321 298 1352 et
320 1315 446 1353 aureis
468 1315 620 1353 coronis
641 1315 952 1353 remuneranda?
1001 1315 1102 1360 Sint,
1126 1328 1195 1366 per
1214 1328 1274 1352 me
1296 1314 1401 1360 licet,
1416 1322 1733 1366 quantaecunque

257 1376 404 1426 volent,
424 1377 618 1415 facundiae
649 1377 816 1428 tyranni.
877 1376 977 1414 Boni
1007 1377 1181 1427 profecto
1209 1377 1311 1413 cives
1341 1384 1378 1414 et
1402 1377 1476 1415 hac
1496 1377 1649 1416 civitate
1667 1391 1730 1416 ve-

258 1444 416 1489 stroque
441 1452 605 1477 assensu
635 1438 744 1489 digni
770 1451 847 1475 non
876 1445 979 1476 sunt.
1039 1437 1144 1479 Quid
1171 1437 1250 1475 ita?
1300 1438 1554 1487 Quaecunque
1582 1445 1643 1475 est
1666 1439 1733 1476 illa

260 1513 393 1538 eorum
408 1501 556 1552 jactata
581 1500 778 1545 facundia,
798 1512 866 1550 pro
886 1499 995 1537 vobis
1021 1512 1068 1537 ea
1088 1499 1245 1549 quidem
1267 1498 1324 1535 usi
1344 1512 1538 1549 nunquam
1560 1507 1662 1544 sunt,
1684 1513 1732 1538 ne

251 1563 370 1615 justis
391 1563 550 1613 quidem
568 1563 607 1601 in
628 1562 768 1609 causis,
791 1562 855 1599 ubi
882 1561 1006 1599 multo
1032 1561 1184 1599 facilius
1210 1573 1324 1611 quam
1356 1560 1393 1597 in
1421 1559 1530 1598 malis
1551 1560 1734 1600 facundia

259 1634 475 1664 exercetur.
1175 1625 1179 1629 ’

316 1690 380 1726 14.
410 1689 508 1738 Age,
528 1693 749 1737 spectemus
769 1700 873 1724 nunc
894 1692 1012 1724 testes
1033 1698 1205 1735 quoque,
1229 1697 1326 1734 quos
1346 1696 1414 1735 pro
1433 1697 1472 1722 se
1493 1684 1732 1736 collegisque

259 1750 431 1788 dicturos
454 1748 736 1786 Eratosthenes
758 1762 845 1786 mox
871 1748 1085 1799 producet:
1115 1747 1220 1797 atqui
1242 1754 1361 1784 testes
1382 1746 1432 1791 hi,
1453 1759 1538 1783 cum
1560 1749 1732 1798 tyrannis

259 1813 515 1855 testabuntur,
535 1818 617 1848 tum
637 1810 709 1860 ipsi
730 1810 915 1848 adversus
937 1817 1060 1848 semet
1085 1810 1341 1847 testabuntur.
1398 1807 1551 1857 Ecquid
1577 1809 1732 1846 autem?

259 1875 332 1913 hoc
346 1887 498 1924 nempe,
512 1886 554 1910 se
567 1880 734 1910 vestram
749 1873 900 1923 plebem
920 1879 1184 1909 contemnere.
1233 1870 1291 1907 Ita
1305 1883 1373 1907 vos
1388 1876 1527 1920 putant
1538 1870 1732 1920 simplices

260 1949 346 1974 esse
363 1943 477 1986 atque
494 1935 702 1973 obliviosos
719 1942 757 1989 et
778 1934 909 1972 tardos
927 1941 967 1971 et
982 1940 1137 1985 propter
1154 1931 1439 1969 multitudinem
1455 1939 1619 1968 vestram
1637 1943 1730 1969 con-

261 1997 506 2043 temnendos,
525 2003 568 2033 ut
584 1996 701 2034 facile
718 1996 916 2047 patiamini
937 2009 1004 2046 per
1024 1995 1244 2046 praestigias
1266 2002 1303 2030 et
1322 1992 1526 2030 mendacia
1537 1993 1730 2030 venalium

261 2067 300 2098 et
315 2060 573 2111 precariorum
590 2058 901 2096 testimoniorum
917 2057 1089 2108 periculo
1107 2056 1199 2107 eripi
1216 2062 1400 2107 tyrannos
1414 2068 1494 2099 eos,
1509 2055 1588 2105 qui,
1604 2054 1737 2092 Erato-

262 2122 408 2160 sthenis
441 2121 754 2171 collegarumque
788 2119 927 2157 armati
960 2119 1183 2164 ministerio,
1217 2126 1295 2155 tam
1331 2117 1499 2154 fuissent
1530 2115 1732 2161 terribiles,

260 2183 434 2234 quamvis
464 2182 578 2234 pauci
609 2195 770 2219 numero
800 2189 943 2227 essent,
965 2188 1007 2218 ut
1040 2180 1204 2231 capitale
1236 2186 1341 2217 esset
1371 2177 1495 2215 amico
1527 2177 1732 2227 exsequias

259 2246 326 2284 ire.
385 2246 579 2284 Praeterea
598 2258 667 2282 vos
683 2244 925 2294 iniquitatem
948 2256 1101 2294 quoque
1122 2243 1263 2279 futurae
1282 2239 1394 2277 sortis
1411 2246 1585 2290 spectare
1606 2239 1733 2284 velim,

254 2307 420 2359 judices,
439 2320 525 2356 quae
546 2306 717 2356 tyrannis
738 2305 844 2343 hisce
858 2305 939 2356 jam
959 2305 1032 2342 reis
1053 2304 1165 2341 factis
1186 2302 1394 2340 admodum
1417 2300 1548 2352 dispar
1568 2308 1624 2338 est
1643 2313 1732 2338 cum

260 2370 409 2407 civibus
430 2368 565 2406 vestris
587 2367 677 2404 olim
697 2367 835 2403 horum
856 2367 1046 2403 sententia
1069 2373 1190 2402 morte
1217 2363 1432 2401 damnatis:
1464 2362 1612 2413 possint
1631 2363 1733 2400 enim

262 2430 300 2468 hi
329 2429 494 2481 tyranni,
523 2442 628 2466 nunc
659 2429 690 2466 si
723 2428 989 2474 absolvantur,
1020 2427 1148 2464 denuo
1177 2439 1299 2476 remp.
1319 2423 1592 2477 pessumdare;
1627 2424 1732 2462 cives

263 2501 394 2530 autem
409 2492 456 2530 ab
473 2491 565 2542 ipsis
582 2491 770 2541 perempti
786 2503 983 2541 nunquam
1002 2490 1048 2527 ab
1066 2488 1225 2526 inimicis
1243 2488 1320 2525 suis
1339 2486 1525 2525 ultionem
1541 2492 1732 2536 repetent,

263 2556 335 2593 nisi
355 2568 422 2606 per
441 2567 522 2593 vos.
580 2554 767 2591 Acerbum
801 2554 934 2603 utique
963 2561 1003 2590 et
1028 2551 1230 2601 indignum
1259 2549 1434 2587 facinus!
1484 2547 1638 2584 Civium
1664 2561 1733 2598 per

262 2618 372 2656 nefas
388 2623 672 2668 peremptorum
688 2615 799 2651 amici
815 2615 912 2652 adeo
935 2614 1008 2664 ipsi
1025 2626 1102 2650 una
1122 2626 1208 2650 cum
1228 2612 1301 2648 illis
1322 2611 1513 2661 peribant,
1530 2609 1606 2647 alia
1624 2609 1734 2647 nulla

263 2681 311 2718 de
329 2691 460 2724 causa,
474 2690 591 2728 quam
610 2676 716 2727 quod
736 2676 809 2713 illis
831 2669 1067 2713 familiariter
1086 2676 1146 2711 usi
1166 2684 1378 2722 eorumque
1399 2671 1516 2708 funus
1537 2671 1734 2722 prosecuti

264 2748 416 2785 essent;
447 2741 584 2778 horum
606 2746 734 2776 autem
757 2744 1020 2788 tyrannorum,
1042 2749 1063 2773 a
1085 2736 1224 2785 quibus
1255 2746 1355 2783 resp.
1378 2732 1630 2783 pessumdata
1649 2732 1732 2777 fuit,

263 2806 379 2843 funus
401 2804 465 2854 qui
486 2809 778 2854 prosequantur,
799 2801 976 2838 videntur
1008 2799 1117 2837 multi
1148 2812 1235 2836 esse
1264 2798 1395 2842 futuri,
1418 2797 1734 2848 quandoquidem

264 2867 314 2905 ad
335 2879 464 2904 eorum
486 2866 751 2903 defensionem
771 2863 990 2902 obeundam
1012 2869 1070 2900 tot
1091 2873 1249 2898 numero
1265 2859 1439 2897 homines
1457 2859 1729 2910 accingantur:

269 2929 420 2967 tametsi
453 2928 573 2966 multo
603 2934 676 2975 est,
697 2939 782 2965 mea
811 2925 965 2976 quidem
994 2923 1198 2967 sententia,
1221 2922 1368 2960 facilius
1394 2922 1463 2959 hos
1483 2919 1734 2960 accusare-de
