1822 3219
208 134 256 169 68
751 131 1123 171 ANTIPHONTIS

210 237 281 286 ipsi
303 237 606 286 praemeditatam
627 236 824 280 intulisse;
855 248 928 287 ego
949 247 1036 272 vero
1049 235 1202 285 juratus
1219 232 1430 282 negavime
1449 232 1500 270 illi
1518 232 1665 271 caedem

210 298 401 345 intulisse,
422 311 548 350 neque
567 311 684 337 manu
704 298 858 336 sublata
883 309 1008 347 neque
1035 295 1112 333 telo
1139 302 1204 333 aut
1230 294 1331 332 fuste
1358 294 1516 332 incusso
1541 305 1669 343 neque

211 359 370 409 potione
388 367 594 406 venenata,
616 372 741 410 neque
762 373 822 397 me
844 371 978 396 necem
998 357 1052 394 illi
1073 356 1206 394 fraude
1226 355 1491 406 praemeditata
1507 367 1668 404 compa-

210 433 327 459 rasse.
383 422 636 460 Contendunt
656 429 782 459 autem
802 420 840 457 hi
862 418 1163 457 criminationem
1192 429 1299 455 suam
1326 416 1668 467 approbare,‚proe-

208 485 389 530 dicando,
410 486 512 524 hunc
532 486 870 536 [Phanostratmm
891 495 1072 533 generum
1096 481 1240 530 meum]
1261 493 1378 531 puero
1397 480 1668 530 imperassem}

208 547 400 596 potionem
422 547 580 591 biberet,
601 554 667 583 aut
691 559 779 583 eum
808 545 856 582 ad
886 543 1095 581 bibendum
1120 543 1310 591 coegisse,
1333 549 1400 579 aut
1425 541 1606 592 poculum
1631 540 1667 579 ei

207 608 416 651 obtulisse;
450 621 522 658 ego
544 621 633 646 vero
654 621 698 645 ex
719 607 794 644 illis
815 606 908 656 ipsis
929 605 1063 642 horum
1087 603 1428 654 praedicationibus
1449 603 1668 648 efficio,-me

208 669 314 707 nulla
332 671 447 720 culpa
467 670 600 708 teneri.
659 670 794 719 Neque
813 670 914 706 enim
936 667 1130 718 imperavi,
1146 681 1271 715 neque
1292 667 1415 717 coegi,
1431 678 1554 717 neque
1570 678 1670 716 proe·

208 731 297 769 bui:
329 732 484 777 addam,
506 744 568 769 me
587 731 701 781 plane
722 731 891 768 abfuisse
911 737 992 766 tum
1012 741 1129 778 quum
1156 740 1253 778 puer
1277 727 1437 765 biberet.
1495 726 1612 769 Quod
1632 727 1668 764 ei

207 805 301 843 ergo
322 793 426 830 aient
445 793 573 830 scelus
594 805 712 842 penes
733 804 819 829 eum
841 803 927 828 esse
941 790 1006 840 qui
1030 787 1369 839 imperaverit,ego
1384 788 1543 827 crimine
1553 800 1671 827 vaco:

207 867 295 892 nam
315 866 391 891 non
413 854 610 904 imperavi.
653 855 736 890 Aut
753 853 782 889 si
803 851 907 889 aient
923 850 1050 888 scelus
1068 863 1187 900 penes
1200 862 1289 887 eum
1301 862 1387 887 esse
1401 849 1467 900 qui
1484 849 1669 900 coegerit,

206 928 280 964 ego
299 915 457 953 crimine
479 927 574 952 vaco
591 927 600 952 ε
632 927 720 951 nam
742 926 819 951 non
835 912 958 962 coegi.
1016 913 1095 949 Aut
1109 911 1140 948 si
1156 912 1259 949 aient
1273 924 1378 948 reum
1393 924 1480 949 esse
1493 924 1584 950 enm
1594 912 1669 962 1qui

206 977 388 1027 poculum
408 976 626 1027 praebuerit,
642 987 773 1012 rursus
794 974 951 1011 crimine
971 985 1085 1010 vaco:
1115 985 1202 1010 nam
1224 985 1300 1010 non
1320 972 1481 1023 praebui.
1538 972 1670 1012 Facile

206 1037 362 1086 quidem
385 1037 491 1087 factu
521 1043 560 1073 et
580 1035 767 1085 cujusque
787 1041 846 1071 est
865 1034 1038 1071 incusare
1059 1039 1099 1070 et
1117 1033 1326 1071 mendaciis
1346 1033 1463 1071 alium
1483 1033 1669 1072 obruere:

204 1098 323 1135 habet
336 1097 435 1135 enim
452 1096 490 1134 id
506 1096 669 1147 quisque
681 1095 718 1132 in
737 1101 927 1145 potestate
943 1105 1028 1131 sua.
1064 1092 1206 1130 Verum
1221 1093 1450 1139 efficere‚ut,
1463 1107 1555 1144 quae
1567 1094 1671 1132 facta

204 1171 281 1196 non
303 1159 393 1203 sint,
413 1163 540 1195 tamen
564 1158 668 1194 faeta
687 1157 777 1200 sint,
799 1163 838 1193 et
858 1162 899 1192 ut
918 1155 1048 1192 insons
1073 1154 1255 1192 reddatur
1281 1167 1386 1200 sons,
1407 1155 1459 1201 id,
1478 1156 1517 1193 ni
1534 1155 1671 1204 fallor,

205 1234 282 1259 non
303 1230 365 1259 est
384 1222 421 1258 in
440 1221 577 1258 horum
600 1219 934 1270 praetensionibus‚
950 1218 1020 1256 sed
1040 1225 1178 1255 natura
1198 1218 1332 1255 harum
1353 1231 1477 1256 rerum
1499 1219 1670 1271 sequitur

199 1283 347 1332 justum
373 1290 412 1320 et
432 1295 558 1319 verum
581 1282 671 1331 [lioc
691 1288 763 1325 est,
784 1293 872 1317 vere
891 1292 994 1325 sons,
1015 1286 1056 1316 et
1074 1292 1143 1330 pro
1164 1286 1276 1317 sonte
1295 1280 1431 1317 merito
1449 1280 1668 1327 habendus,

206 1350 266 1381 est
287 1357 390 1389 sonS,
411 1351 630 1393 manetque,
651 1342 835 1392 quicquid
857 1349 991 1379 contra
1012 1341 1303 1390 contendatur}
1362 1343 1414 1380 Et
1437 1355 1559 1383 causa
1581 1344 1667 1384 haec

205 1405 436 1443 brevissimis
458 1404 627 1455 expediri
649 1410 791 1454 potest,
805 1409 940 1454 utpote
960 1403 1185 1440 dubitationi
1210 1403 1303 1439 nulli
1319 1405 1498 1451 obnoxia,
1511 1407 1667 1457 exipsis

206 1466 510 1504 adversariorum
538 1465 771 1515 testiumque
790 1463 1143 1514 praedicationibus.
1199 1463 1236 1500 Si
1263 1476 1340 1514 qua
1365 1465 1487 1504 resin
1512 1467 1668 1505 occulto

205 1534 317 1577 gesta
332 1533 404 1573 est,
421 1527 450 1564 si
466 1539 543 1577 qua
557 1539 632 1564 nex
651 1526 750 1563 clam
770 1531 1005 1576 comparata,
1021 1524 1153 1575 procul
1168 1525 1348 1570 testibus,
1365 1526 1415 1564 ibi
1430 1539 1590 1567 necesse
1608 1537 1669 1569 est

202 1588 349 1639 jndices
370 1595 716 1638 accusatoremque
735 1599 919 1636 reumque
939 1585 1146 1636 diligenter
1163 1587 1392 1636 percontari,
1411 1594 1450 1626 et
1467 1591 1668 1629 ex-ambo·

204 1663 287 1687 rum
316 1650 667 1701 praedicationibus,
694 1647 822 1686 subtili
849 1647 1072 1698 conjectura
1089 1659 1221 1683 verum
1241 1647 1387 1693 venari,
1413 1648 1669 1690 minutissima

205 1725 370 1762 quaeque
390 1711 553 1762 vestigia
571 1709 832 1761 suspicionum
850 1708 1040 1760 persequi,
1057 1715 1096 1746 et
1110 1708 1164 1745 sic
1184 1710 1453 1761 pronunciare,
1467 1712 1590 1763 magis
1605 1726 1667 1752 se-

203 1774 372 1811 cundum
389 1772 626 1824 probabilem
642 1771 921 1822 conjecturam,
935 1782 1051 1820 quam
1068 1782 1114 1806 ex
1128 1776 1234 1807 certa
1249 1770 1430 1809 scientia:
1460 1773 1523 1810 ubi
1537 1780 1666 1812 autem

203 1841 372 1876 constat.
384 1835 477 1872 utin
492 1834 565 1871 hac
578 1846 698 1871 causa
711 1845 798 1870 mea
811 1832 883 1882 ipsi
900 1838 1146 1869 accusatores
1158 1830 1550 1878 confitentur,necem
1566 1834 1667 1875 hanc

203 1909 322 1947 puero
330 1896 528 1947 obtigisse,
539 1909 615 1933 non
626 1908 672 1933 ex
683 1893 949 1945 praemeditato
958 1905 1085 1943 neque
1097 1905 1146 1930 ex
1155 1893 1443 1943 comparatione
1456 1895 1664 1936 multorum

209 1959 308 1996 inter
335 1971 376 1996 se
403 1959 452 1996 ad
478 1957 650 1995 fraudem
681 1956 849 1994 dandam
875 1955 1204 2006 conspiratorum;
1236 1955 1392 2001 deinde,
1415 1957 1672 2005 ubicomtat,

206 2032 449 2070 quaecunque
469 2025 557 2057 acta
575 2025 677 2062 sunt,
694 2031 737 2055 ea
757 2017 884 2054 omnia
905 2016 1032 2067 palam
1052 2023 1140 2055 acta
1155 2030 1254 2062 esse,
1269 2018 1305 2054 in
1321 2018 1444 2057 oculis
1458 2020 1668 2060 multorum

205 2082 374 2127 testium,
394 2088 471 2118 tam
492 2081 658 2118 virorum
680 2092 794 2130 quam
824 2091 1043 2130 puerorum,
1064 2086 1142 2116 tam
1169 2079 1424 2129 ingenuorum
1449 2094 1666 2131 quamssser-

206 2155 352 2187 vorum,
373 2155 393 2179 e
413 2154 574 2191 quorum
594 2140 834 2178 conscientia
855 2147 893 2177 et
913 2140 1067 2181 indicio,
1088 2139 1238 2177 etiamsi
1263 2140 1348 2189 quis
1375 2141 1530 2180 sceleris
1557 2143 1667 2194 quic-

208 2216 322 2253 quam
355 2204 622 2254 commisisset,
643 2202 738 2238 illud
770 2201 896 2238 scelus
927 2200 1180 2249 liquidissime
1209 2201 1382 2251 coargui,
1407 2208 1446 2240 et
1474 2207 1669 2251 rursus‚si

205 2264 291 2314 quis
306 2265 495 2301 insontem
517 2276 584 2314 per
604 2263 711 2300 nefas
733 2269 959 2300 accusatum
982 2262 1088 2306 isset,
1103 2262 1136 2299 is
1155 2261 1333 2299 facillime
1350 2263 1506 2302 refutari
1521 2274 1668 2316 posset,

206 2325 299 2375 quid
320 2326 370 2362 ibi
389 2338 486 2375 opus
508 2331 565 2361 est
584 2324 839 2367 dubitatione,
853 2323 945 2373 quid
966 2323 1269 2372 suspicionibus?
1298 2337 1364 2361 cnr
1381 2338 1457 2363 non
1476 2326 1605 2377 potius
1621 2341 1668 2366 ex

205 2392 310 2424 certa
329 2386 493 2423 scientia
509 2386 591 2424 sine
607 2385 853 2423 cunctatione
871 2384 915 2421 lis
933 2384 1162 2422 decidatur?

263 2452 299 2486 5.
321 2448 514 2485 Praeterea
537 2447 739 2484 consilium
767 2459 917 2496 quoque
945 2446 1246 2483 adversariorum
1278 2446 1386 2483 vobis
1415 2447 1668 2496 spectandum

210 2517 280 2555 est,
297 2509 466 2561 judices,
488 2518 526 2546 et
545 2521 621 2557 qua
642 2515 771 2544 mente
792 2508 978 2544 actionem
1000 2506 1099 2543 hanc
1120 2507 1243 2544 exorsi
1265 2506 1353 2543 sint.
1411 2506 1545 2545 Mores
1567 2509 1666 2546 enim

210 2571 333 2609 nostri*
359 2570 480 2608 mutui
506 2582 527 2605 a
557 2569 744 2619 principio
765 2568 852 2605 inde
871 2580 1023 2617 prorsus
1044 2568 1140 2604 inter
1167 2579 1209 2604 se
1239 2567 1521 2605 dissenserunt.
1578 2569 1669 2606 Phi-

206 2634 372 2671 locrates
393 2632 493 2669 enim
524 2630 587 2667 hic
617 2642 703 2667 cum
735 2630 770 2666 in
799 2629 985 2666 Heliaeam
1001 2628 1363 2666 Thesmothetarum
1387 2628 1669 2673 adscendisset.

207 2708 253 2731 eo
287 2694 347 2731 die
377 2706 452 2743 quo
480 2705 575 2743 puer
600 2692 725 2729 elatus
753 2696 826 2733 est,
857 2689 1069 2732 affirmavit,
1097 2689 1252 2726 fratrem
1280 2701 1393 2726 suum
1419 2701 1441 2726 a
1462 2703 1524 2728 me
1551 2690 1669 2732 inter-

207 2762 376 2805 emptum
401 2768 500 2797 esse,
529 2767 574 2792 eo
604 2752 707 2802 quod
730 2753 854 2801 ipsum
883 2751 919 2787 in
948 2751 1064 2788 choro
1094 2750 1309 2800 coegissem
1338 2751 1592 2801 pharmacum¹
1610 2753 1667 2792 bi-

205 2818 305 2853 bero.
368 2817 465 2866 Ego,
494 2815 630 2853 certior
658 2813 784 2850 factus
818 2812 1075 2849 Philocratem
1106 2812 1180 2849 ista
1213 2824 1342 2850 coram
1377 2813 1667 2863 magistratibus

201 2879 356 2923 dixisse,
383 2879 520 2927 pariter
550 2875 748 2919 adscendi,
769 2883 803 2912 et
835 2874 870 2910 in
903 2874 1003 2911 idem
1026 2874 1272 2911 dicasterium
1290 2873 1504 2924 ingressus,
1533 2887 1665 2915 coram
