1822 3219
244 142 290 178 38
773 138 1148 178 ANTIPHONTlS

242 241 454 280 caedentem
473 248 546 286 est,
569 241 710 278 malum
729 248 856 278 autem
876 253 994 290 penes
1013 252 1098 277 eum
1124 239 1185 276 cui
1212 237 1250 274 id
1278 231 1418 274 evenit.
1475 237 1550 274 Hic
1578 235 1677 274 enim

242 302 339 339 illius
359 315 382 354 a
400 302 510 339 factis
529 302 793 352 interemptus,
808 313 886 338 non
907 313 976 338 sua
993 300 1053 337 cul
1061 313 1122 350 pa,
1136 298 1204 336 sed
1224 296 1426 342 caedentis,
1440 297 1569 347 periit:
1600 309 1680 333 ver·

240 365 389 401 berator
407 370 547 408 autem,
560 364 597 400 in
619 363 805 401 caedendo
825 362 924 398 ultra
943 374 1059 411 quam
1079 361 1251 398 voluerat
1264 365 1436 403 evectus,
1454 358 1678 396 infelicitate

245 435 313 461 sua
324 423 480 461 sustulit
495 423 698 468 hominem,
713 435 826 472 quam
843 422 978 459 tollere
993 434 1069 458 non
1085 421 1319 458 decreverat.
1369 418 1531 469 Culpam
1549 419 1680 456 mortis

242 484 280 521 in
301 484 489 521 medicum
506 496 593 521 cum
612 483 805 526 transfert,
821 483 934 519 miror
949 482 1133 532 profecto,
1146 482 1210 531 qui
1226 493 1301 518 non
1318 480 1452 518 eadem
1466 491 1582 529 opera
1593 491 1678 528 per·

237 551 412 594 ,emptum
433 557 455 581 a
475 544 583 582 nobis
603 544 692 589 aiat,
711 543 775 593 qui
798 543 868 593 ipsi
888 551 1064 580 auctores
1086 542 1226 579 fuimus
1247 549 1288 578 ut
1306 547 1423 591 caput
1441 551 1553 577 suum
1567 539 1681 589 hujus

245 605 379 642 medici
398 605 485 642 fidei
504 604 771 642 committeret.
828 604 928 640 Nam
948 603 978 639 si
998 602 1147 640 medico
1166 615 1253 639 eum
1274 602 1508 639 committere
1531 600 1683 650 insuper

245 664 524 708 habuissemus,
552 664 723 701 dicturus
752 670 855 701 esset
881 663 942 700 hic
973 676 1073 706 reus,
1099 662 1204 699 illum
1230 662 1383 700 defectu
1418 659 1682 698 medicationis

245 724 398 775 perisse.
454 726 506 760 At
524 723 584 761 fac
603 730 729 761 tamen
749 736 816 774 per
834 722 972 760 medici
993 722 1178 760 inscitiam
1200 722 1251 760 ita
1269 735 1354 759 eum
1369 721 1527 772 perisse,
1540 727 1582 758 ut
1596 733 1681 771 pro-

245 784 344 822 fecto
364 796 439 821 non
458 784 582 833 periit,
600 783 717 821 nihilo
737 791 863 821 tamen
883 783 969 820 ideo
988 783 1110 832 magis
1129 783 1321 820 homicida
1340 783 1422 833 ejus
1441 782 1539 819 foret
1563 780 1682 818 medi-

247 856 313 881 cus
327 866 380 871 —
393 856 482 881 nam
501 843 564 880 lex
584 856 668 880 eum
689 844 761 882 hoe
781 844 938 881 crimine
957 843 1120 881 absolvit
1133 866 1197 888 —‚
1218 844 1375 881 verbera
1394 850 1519 880 autem
1540 842 1588 881 ab
1609 842 1681 878 hoe

244 904 296 942 illi
315 905 467 954 ingesta
484 916 572 941 cum
592 916 662 941 nos
682 905 877 954 coegerint
895 904 1084 941 medicum
1103 916 1309 947 arcessere,
1329 904 1393 953 qui
1416 903 1493 947 fiat,
1516 909 1556 939 nt
1584 901 1682 939 alius

245 964 378 1014 aliquis
397 964 589 1002 homicida
605 965 666 1010 sit,
684 977 797 1014 quam
817 965 846 1002 is
866 965 931 1014 qui
946 977 1014 1001 nos
1029 965 1154 1015 coegit
1166 977 1281 1015 opera
1297 964 1432 1002 medici
1445 962 1522 1001 uti?
1551 963 1681 1006 Quan-

245 1040 359 1077 quam
377 1028 507 1078 itaque
526 1035 603 1065 tarn
624 1027 823 1078 perspicue
843 1039 982 1077 genere
1001 1028 1104 1064 omni
1124 1034 1435 1077 argumentorum
1451 1025 1683 1075 coarguitur,

247 1094 417 1126 nostrum
434 1087 655 1138 peremisse,
674 1100 721 1124 eo
740 1095 865 1125 tamen
886 1087 1057 1125 audaciae
1084 1094 1198 1138 atque
1223 1087 1468 1137 impudentiae
1494 1085 1683 1137 procedit,

245 1155 287 1186 ut
302 1161 380 1186 non
400 1149 491 1186 satis
510 1149 652 1186 habeat
667 1161 773 1186 suam
792 1149 1023 1198 impietatem
1039 1161 1217 1198 purgare,
1231 1161 1359 1185 verum
1375 1147 1489 1185 etiam
1504 1159 1591 1192 nos,
1603 1146 1682 1197 pia-

246 1209 374 1247 culum
394 1209 476 1259 ejus
504 1209 748 1253 insectantes,
770 1210 847 1246 aiat
864 1208 1062 1258 illegitima
1087 1216 1125 1246 et
1150 1208 1264 1258 impia
1289 1221 1417 1257 agere.
1475 1208 1552 1245 Sed
1579 1207 1684 1245 hunc

245 1269 415 1319 quidem,
434 1268 565 1306 talium
585 1268 794 1306 facinorum
815 1281 934 1312 reum,
954 1268 1050 1305 tales
1077 1280 1189 1305 voces
1218 1275 1258 1304 et
1287 1268 1413 1305 adhuc
1441 1268 1553 1305 etiam
1581 1275 1683 1305 atro-

249 1330 367 1367 ciores
379 1330 525 1379 jactare
545 1329 677 1366 decet:
707 1342 777 1366 nos
794 1336 934 1373 autem,
948 1329 1011 1378 qui
1028 1341 1158 1366 necem
1175 1329 1256 1365 sine
1271 1329 1530 1366 controversia
1542 1328 1687 1366 factam

247 1389 466 1435 doceamus,
480 1397 518 1427 et
536 1390 689 1440 plagam
711 1389 891 1427 lethalem
912 1389 1044 1434 fuisse,
1060 1397 1098 1426 et
1117 1389 1243 1438 legem
1264 1389 1496 1439 proferamus
1511 1390 1685 1426 verbera-

247 1450 317 1487 tori
336 1450 579 1488 homicidium
600 1451 863 1501 imputantem,
884 1450 1051 1486 subimus
1071 1449 1191 1486 vicem
1213 1449 1383 1487 defuncti
1410 1449 1570 1499 ejusque
1596 1448 1684 1486 loco

247 1517 358 1560 atque
378 1511 532 1548 nomine
555 1511 660 1548 vobis
682 1510 972 1555 demandamus,
990 1517 1031 1546 ut
1049 1510 1161 1560 hujus
1181 1510 1384 1548 homicidae
1404 1510 1591 1560 sanguine
1610 1509 1684 1547 ira-

248 1571 425 1608 cundiam
440 1571 596 1609 deorum
609 1571 810 1608 inferorum
826 1571 1029 1621 poenalium
1044 1570 1202 1620 placetis
1217 1576 1412 1620 totamque
1428 1571 1480 1608 sic
1494 1570 1686 1608 civitatem

247 1643 269 1668 a
285 1631 436 1681 piaculo
457 1631 679 1682 repurgetis.

372 1871 410 1907 4.
441 1870 716 1907 DEFENSIO
747 1871 1059 1908 POSTERIOR
1089 1871 1345 1909 EJUSDEM
1376 1872 1565 1910 CAEDIS.

302 1961 425 2000 URBE
444 1975 530 2000 reus
549 1963 726 2008 excessit,
753 1976 828 2000 non
847 1977 922 2014 qno
941 1977 1067 2002 causae
1091 1978 1171 2002 suoe
1188 1964 1381 2002 diffideret
1400 1978 1545 2016 suoque
1565 1972 1687 2003 semet

250 2022 332 2072 ipse
362 2023 583 2073 praejudicio
614 2024 902 2068 condemnaret,
930 2025 997 2062 sed
1020 2033 1286 2062 accusatorum
1315 2026 1602 2064 contentionem
1629 2040 1687 2064 re-

250 2082 482 2120 formidans:
537 2084 647 2121 nobis
693 2091 833 2130 autem,
867 2086 931 2134 qui
972 2086 1054 2136 ejus
1092 2087 1202 2123 amici
1240 2099 1385 2130 sumus,
1423 2087 1471 2123 ad
1509 2087 1684 2136 pietatem
1724 2107 1728 2110 ·

252 2143 431 2180 tuendam
466 2144 585 2181 satius
612 2152 684 2189 est,
713 2145 901 2194 superstiti
937 2145 1080 2190 adhuc,
1110 2159 1224 2194 quam
1257 2146 1423 2190 sublato,
1456 2159 1690 2185 succurrere.

253 2202 408 2252 Optime
433 2203 587 2252 quidem
609 2204 686 2253 ipse
717 2217 825 2241 suam
847 2205 1005 2242 dixisset
1023 2218 1201 2242 causam:
1231 2214 1491 2244 verumtamen
1512 2208 1599 2257 quia
1618 2221 1687 2259 po·-

252 2263 417 2299 sterioris
436 2263 668 2301 defensionis
689 2265 896 2314 periculum
918 2278 987 2302 nos
1008 2266 1132 2302 subire
1153 2267 1270 2303 tutius
1294 2276 1390 2313 erat,
1410 2281 1522 2317 quam
1549 2269 1687 2319 ipsum,

253 2335 322 2372 age
337 2329 462 2372 partes
478 2323 560 2373 ejus
574 2336 733 2372 agamus
747 2325 976 2375 nos,quibus
990 2325 1221 2363 desiderium
1237 2327 1319 2377 ejus
1335 2328 1527 2378 ingentem
1541 2329 1687 2367 luctum

252 2384 300 2422 sit
315 2385 530 2422 allaturum.
587 2386 747 2424 Videtur
768 2387 891 2437 itaque
913 2388 1000 2425 mihi
1018 2389 1168 2438 quidem
1191 2390 1329 2439 injuria
1345 2403 1460 2440 penes
1481 2392 1687 2442 principem

252 2446 448 2483 verberum
472 2445 649 2484 residere.
708 2448 830 2490 Quem
852 2448 1091 2486 adversarius
1113 2450 1230 2494 aiens,
1253 2464 1328 2488 non
1350 2459 1600 2501 peremptum,
1621 2454 1688 2490 sed

252 2506 413 2544 amicum
435 2514 607 2543 nostrum
633 2520 729 2551 esse,
751 2510 814 2558 qui
836 2519 971 2558 sponte
994 2523 1063 2548 sua
1082 2511 1261 2561 procellae
1284 2512 1411 2556 cessit,
1436 2513 1552 2549 utitur
1581 2525 1689 2563 argu-

254 2566 388 2603 mentis
425 2578 558 2616 parum
595 2569 874 2605 consentaneis.
944 2570 1042 2606 Nam
1082 2571 1126 2616 si,
1159 2571 1482 2621 quemadmodum
1519 2572 1639 2610 oculis
1666 2586 1689 2611 a

254 2634 388 2663 natura
414 2626 545 2664 datum
579 2635 637 2665 est
666 2635 708 2665 ut
733 2637 907 2674 cernant,
933 2639 970 2667 et
999 2631 1154 2668 auribus
1182 2638 1222 2668 ut
1247 2631 1419 2676 audiant,
1450 2633 1503 2669 ita
1531 2645 1687 2683 quoque

254 2687 334 2736 pari
354 2687 467 2724 modo
490 2687 685 2738 juventuti
709 2697 875 2739 cognata
903 2698 1006 2727 esset
1034 2692 1253 2736 insolentia,
1276 2700 1314 2729 et
1343 2693 1449 2730 senio
1477 2694 1614 2743 pudor,
1636 2695 1687 2732 nil

254 2758 452 2794 egeremus
483 2755 606 2785 restra
632 2748 921 2799 disceptatione,
941 2751 1116 2801 judices;
1149 2751 1234 2802 ipsa
1260 2753 1361 2790 enim
1386 2761 1480 2791 aetas
1503 2754 1688 2805 juvenem

257 2805 553 2847 condemnaret:
589 2809 669 2857 jam
694 2822 782 2847 vero
814 2817 946 2848 contra
974 2818 1045 2856 est,
1075 2811 1115 2849 id
1145 2812 1247 2862 quod
1278 2826 1370 2851 usus
1401 2814 1538 2858 docet;
1580 2814 1688 2852 multi
