1822 3219
237 498 762 547 ANTIPHONTIS
783 506 786 507 ’
810 499 1303 548 TETRALOGIA
1358 502 1456 548 III.

289 718 319 753 l.
350 717 598 755 ACCUSATIO
630 730 764 767 CAEDIS
797 731 850 754 AB
885 731 932 756 Eo
960 731 1107 756 FACTAE
1144 730 1220 759 QUI
1249 732 1293 756 SE
1324 729 1510 755 DICERET

407 791 488 815 VIM
510 790 718 816 OBLATAM
744 773 1026 816 DEFENDISSE.

311 865 319 873 .
351 838 570 876 DEFENsto
591 851 726 876 CAEDIS
748 847 1018 876 AGGRE‘SSORI
1041 832 1231 876 dBLATAE·

311 925 319 933 .
349 890 595 936 ACCUSATIO
620 911 852 936 POSTERIOR
875 912 1070 937 EJUSDEM
1093 911 1241 936 CAEDIS.

309 985 316 993 .
350 958 568 996 DEFENSIO
592 971 825 996 POSTERIOR.
849 971 889 997 Ε]
903 971 1044 995 USDEM
1066 971 1217 996 CAEDIS.

283 839 304 872 (Ο

280 899 304 993 ἥλω

129 1194 161 1230 l.
193 1192 499 1232 ACCUSATIO
520 1195 693 1231 CAEDIS
722 1195 792 1232 AB
815 1196 882 1231 EO
906 1196 1094 1232 FACTAE
1117 1195 1210 1238 QUI
1233 1195 1294 1231 SE
1316 1193 1556 1231 DICERET

452 1255 553 1291 VIM
585 1254 840 1291 OBLATAM
873 1254 1225 1291 DEFENDISSE.

654 1377 1030 1408 ARGUMENTUM.

163 1445 290 1476 Juvenis
316 1451 346 1474 et
368 1456 462 1475 senex
498 1444 640 1475 convitiis
665 1451 879 1475 concurrentes
906 1451 1125 1485 pugnaverunt.
1171 1444 1340 1475 violentius
1359 1442 1560 1480 verojuniore

121 1495 320 1534 percutiente,
348 1505 441 1524 senex
466 1495 666 1534 iuteremptus
681 1501 727 1525 est
741 1508 746 1524 :
765 1506 855 1534 quare
877 1497 998 1534 quidam
1010 1497 1151 1534 juvenem
1162 1500 1295 1529 accusat,
1312 1499 1451 1531 tanquam
1464 1491 1560 1520 homi—

120 1546 192 1575 cidii
207 1550 388 1585 patratorem
406 1556 412 1573 τ
435 1546 495 1584 Qui
519 1546 594 1574 dicit
618 1556 717 1576 senem
744 1547 874 1585 primum
892 1547 1030 1575 manibus
1050 1547 1161 1575 iaedere
1180 1546 1321 1584 ooepisse.
1366 1544 1455 1573 Unde
1470 1551 1562 1572 causa

121 1600 216 1626 status
231 1595 434 1626 recriminatio
450 1602 507 1626 est.

174 1701 320 1743 Rncm
340 1712 377 1742 et
393 1705 478 1755 lege
495 1704 576 1742 lata
593 1712 632 1742 et
649 1705 720 1742 ritu
736 1712 887 1743 vetusto
907 1711 1062 1742 cautum
1083 1711 1154 1747 est,
1180 1709 1223 1739 ut
1235 1702 1386 1753 judices
1401 1698 1559 1738 homici-

122 1765 265 1803 diorum
299 1762 435 1803 causas
467 1766 727 1816 disceptantes
757 1766 830 1803 hoc
863 1766 1025 1802 maxime
1054 1763 1278 1816 provideant
1309 1761 1561 1810 sedulamque

123 1825 215 1862 dent
234 1838 402 1876 operam,
424 1833 466 1863 ut
483 1832 521 1863 et
541 1834 783 1864 accusatores
801 1834 838 1863 et
859 1834 976 1864 testes
996 1838 1106 1874 aequo
1127 1832 1164 1862 et
1182 1837 1283 1870 vero,
1296 1831 1372 1861 tam
1393 1823 1431 1859 in
1447 1834 1561 1859 accu-

123 1886 244 1923 sando
282 1899 396 1936 quam
426 1888 464 1924 in
490 1887 683 1932 testando,
718 1887 896 1925 studeant
912 1902 920 1929 ;
960 1900 1036 1936 quo
1065 1899 1189 1936 neque
1223 1893 1351 1923 sontes
1384 1881 1560 1933 impuniti

122 1947 426 1985 transmittantur
456 1961 578 1997 neque
616 1948 786 1985 insontes
817 1961 883 1998 per
913 1948 1019 1984 nefas
1052 1946 1345 1984 inss‘discrimina
1380 1942 1560 1994 capitalia

122 2006 385 2054 conjiciantur.
442 2008 550 2044 Deus
575 2008 672 2044 enim
704 2008 913 2048 humanum
946 2021 1068 2057 genus
1095 2019 1177 2043 esse
1199 2014 1315 2055 atque
1347 2015 1556 2054 perennare

118 2069 251 2114 voluit,
267 2069 305 2106 id
320 2069 423 2118 quod
443 2082 488 2106 eo
506 2076 667 2106 testatus
687 2076 759 2113 est,
783 2069 884 2118 quod
900 2082 976 2105 non
997 2068 1117 2105 solum
1141 2080 1262 2117 genus
1282 2066 1355 2102 hoc
1370 2064 1557 2108 condidit,

119 2129 188 2166 sed
203 2130 314 2167 etiam
331 2129 564 2180 principibus
579 2130 758 2178 generisa
771 2142 812 2166 se
824 2129 986 2166 conditis
1001 2136 1039 2165 et
1053 2128 1144 2165 satis
1164 2136 1385 2182 terramque·
1396 2132 1435 2163 et
1453 2136 1556 2161 mare

118 2189 296 2233 attribuit,
316 2190 380 2239 qui
400 2190 538 2227 altores
559 2202 688 2226 eorum
709 2196 838 2226 essent
857 2190 1147 2238 necessariaque
1168 2188 1254 2223 vitae
1283 2185 1436 2223 tuendae
1457 2196 1554 2233 prae-

117 2249 212 2287 sidia
225 2251 454 2294 sufficerent,
469 2263 543 2299 quo
563 2255 719 2299 possent
735 2248 906 2286 homines
927 2249 973 2285 ad
996 2248 1112 2285 senile
1135 2259 1253 2296 usque
1273 2246 1393 2283 fatum
1413 2243 1553 2294 perdu-

117 2323 197 2348 rare
212 2324 332 2361 neque
346 2312 447 2361 prius
463 2324 484 2347 a
500 2310 656 2360 penuria
673 2310 796 2347 victus
808 2309 1011 2346 necessarii
1025 2308 1258 2345 tollerentur.
1288 2305 1402 2348 Quod
1415 2306 1445 2342 si
1462 2316 1553 2353 ergo

117 2371 266 2420 aliquis,
279 2372 393 2408 tantis
402 2371 510 2408 bonis
523 2371 603 2420 ipse
614 2383 636 2407 a
650 2370 723 2406 deo
732 2369 1101 2418 oruatus,indignum
1113 2368 1156 2404 iis
1170 2381 1211 2405 se
1225 2380 1269 2404 eo
1283 2365 1434 2404 exhibet
1449 2363 1551 2414 quod

116 2431 230 2467 alium
245 2432 473 2481 quempiam,
486 2431 575 2467 item
589 2430 748 2479 dignum
762 2443 784 2466 a
797 2430 870 2466 deo
884 2430 1054 2467 habitum
1070 2428 1132 2478 qui
1149 2427 1256 2464 bonis
1269 2426 1328 2463 his
1343 2431 1551 2466 ornaretur,

115 2504 201 2528 cum
216 2491 292 2529 vita
310 2504 382 2528 usu
401 2491 549 2528 illorum
561 2491 747 2527 bonorum
759 2502 826 2540 per
840 2490 945 2526 nefas
961 2489 1094 2539 privat,
1115 2488 1144 2526 is
1159 2501 1232 2524 non
1254 2484 1492 2524 solummodo
1512 2483 1550 2519 in

116 2551 208 2588 deos
238 2559 296 2588 est
324 2550 473 2601 impius,
499 2550 567 2587 sed
600 2549 712 2586 etiam
741 2549 828 2599 jura
857 2548 1024 2586 humana
1052 2548 1266 2586 conturbat.
1324 2546 1549 2592 Peremptus

115 2612 225 2655 enim,
247 2612 299 2648 nil
320 2612 454 2648 mirum
475 2611 543 2648 sed
565 2610 621 2647 vel
647 2610 807 2646 maxime
831 2617 1131 2646 consentaneum
1158 2615 1230 2651 est,
1250 2608 1280 2643 si
1308 2602 1549 2655 peremptori,

117 2683 139 2706 a
157 2683 233 2720 quo
251 2672 360 2709 bonis
385 2671 561 2709 divinitus
586 2669 686 2708 datis
708 2670 874 2719 privatus
893 2669 1018 2713 fuerit,
1043 2668 1206 2704 divinam
1233 2665 1435 2702 vindictam
1459 2674 1549 2699 con-

116 2729 258 2774 sciscit,
279 2743 344 2780 per
362 2731 542 2767 furiarum
561 2730 700 2768 infesta
719 2729 924 2767 ministeria
942 2728 1179 2770 saevientem3
1214 2738 1324 2775 quam
1344 2724 1486 2761 cientes
1510 2728 1549 2759 et

115 2788 232 2838 iniqui
245 2790 396 2839 judices
415 2797 454 2828 et
472 2790 557 2828 falsi
577 2797 710 2836 testes,
729 2802 774 2827 eo
794 2790 898 2840 quod
915 2790 995 2839 pari
1014 2788 1158 2826 scelere
1179 2798 1219 2822 se
1238 2784 1413 2834 obligant
1432 2790 1546 2831 atque

113 2848 313 2886 homicidae
333 2850 417 2900 ipsi,
431 2851 624 2900 piaculum
639 2850 804 2889 alienum
821 2849 923 2889 ultro
941 2848 1011 2898 ipsi
1030 2859 1118 2885 suas
1134 2846 1172 2881 in
1188 2845 1322 2882 domos
1335 2843 1519 2882 inducunt
1535 2854 1544 2878 τ

786 2918 795 2923 ·
825 2922 846 2945 F
