1822 3219
534 174 606 212 DE
623 165 798 212 ‘CAEDE
828 171 1093 211 HERODIS.
1492 168 1538 204 61

65 288 68 290 ·
93 285 254 311 necesse
283 280 342 310 est
362 279 404 310 ut
423 280 664 311 accusatores
685 274 760 311 reis
788 273 957 311 caedium
975 270 1205 310 denuntient
1228 286 1275 310 ne
1307 271 1475 311 audeant
1493 271 1544 311 ad

83 333 178 371 ¹loca.
200 333 315 371 vetita
340 333 468 378 adire;
506 335 643 371 tacebo
670 334 828 384 reliqua,
857 347 944 384 quae
969 346 1053 372 mos
1084 340 1123 371 et
1148 334 1238 370 ritus
1267 341 1326 370 est
1351 334 1389 370 in
1415 335 1543 372 causis

82 394 376 432 vhomicidiorum
396 395 586 432 observari
606 395 769 432 multum
788 394 936 432 diversa
954 395 1002 432 ab
1022 394 1068 431 iis
1084 394 1233 445 juribus
1259 401 1374 443 atque
1394 395 1543 439 ritibus,

89 451 156 504 qui
180 455 263 493 aliis
295 455 331 492 in
353 456 480 494 causis
510 455 671 505 aliisque
698 455 745 499 in,
766 455 981 493 dicasteriis
1007 455 1272 492 observantun
1329 454 1434 495 Quid
1463 455 1544 492 ita?

90 515 171 552 Res
192 516 382 562 nimirum,
411 516 458 552 de
478 515 618 564 quibus
635 515 697 553 hic
717 522 896 560 certatur,
926 515 1049 552 multo
1068 513 1278 564 plurimum
1307 513 1422 551 refert
1441 520 1546 552 recta

90 582 129 612 et
147 588 236 613 vera
253 575 444 613 sententia
458 575 626 612 definiri:
657 589 745 613 nam
761 576 792 613 si
808 588 855 613 ex
871 581 975 613 recto
991 582 1030 612 et
1041 587 1131 613 vero
1146 574 1391 619 definiantur,
1407 575 1546 612 satisfit

91 635 266 673 manibus
295 636 436 685 injusta
468 635 577 673 caede
609 636 716 679 laesi;
750 636 939 673 insontem
972 648 1064 673 vero
1099 635 1131 672 si
1162 635 1355 672 homicidii
1387 635 1547 672 damnet

91 695 222 745 iniqua
230 695 405 745 judicum
421 696 679 746 improborum
694 696 898 742 sententia,
915 696 1096 733 delictum
1109 695 1184 733 hoc
1200 701 1273 739 est,
1287 708 1366 733 non
1378 695 1546 733 humana

90 755 220 800 modo,
232 756 298 792 sed
313 755 441 792 divina
454 769 607 806 quoque
617 757 706 807 jura
722 757 885 794 violans.
943 757 1042 793 Nam
1060 755 1217 806 perinde
1230 755 1281 793 ad
1295 755 1544 793 offensionem

91 823 451 860 est‚·accusatorem
481 830 557 854 non
589 823 691 854 recte
712 830 906 862 accusare,
937 824 1052 867 atque
1071 830 1155 863 vos,
1174 817 1240 866 qui
1263 816 1417 866 judices
1447 816 1544 861 sitis,

91 891 169 915 non
199 878 549 915 rectedecernere.
607 879 709 915 Nam
741 879 935 916 accusatio
963 878 1038 915 vim
1069 877 1229 915 effectus
1259 878 1298 914 in
1329 890 1370 915 se
1399 877 1544 914 nullam

91 937 221 982 habet,
242 943 379 974 vestrae
409 945 537 975 autem
563 938 764 976 sententiae
791 951 837 975 ea
869 946 927 976 est
958 939 1184 983 auctoritas,
1213 945 1257 975 ut
1287 937 1369 988 ejus
1401 937 1547 975 dictata

92 997 329 1035 exsecutioni
343 998 424 1043 dari
439 1012 598 1037 necesse
612 999 683 1036 sit:
705 1006 909 1037 accusator
925 999 1060 1036 erroris
1076 999 1114 1035 in
1124 998 1335 1048 judicando
1349 998 1545 1035 commissi

91 1058 243 1108 culpam
263 1058 302 1095 in
323 1071 390 1096 vos
410 1060 614 1096 transferre
633 1060 768 1109 possit,
798 1061 977 1109 quoniam
999 1071 1021 1096 a
1040 1065 1167 1096 vestra
1188 1057 1416 1095 auctoritate
1435 1057 1545 1095 dere-

91 1118 183 1156 licta
202 1119 319 1169 ipsius
337 1119 531 1156 accusatio
551 1119 691 1157 effectu
711 1120 849 1157 fuisset
867 1120 1051 1161 caritura;
1081 1132 1148 1156 vos
1169 1125 1298 1156 autem
1317 1119 1354 1156 in
1373 1131 1544 1169 pronun-

92 1179 364 1229 tiandorlapsn
395 1192 562 1229 quonam
593 1181 728 1218 erroris
758 1180 911 1229 culpam
932 1180 1101 1216 referetis
1117 1180 1139 1219 ?5
1161 1192 1327 1228 quonam
1356 1186 1546 1229 praetextu

93 1251 179 1276 eum
201 1240 461 1276 excusabitis?
491 1240 615 1289 Ecqui
645 1253 736 1289 ergo
765 1247 869 1276 recte
888 1246 927 1278 et
957 1239 1126 1289 legitime
1155 1239 1228 1276 hac
1257 1239 1295 1275 in
1315 1251 1432 1276 causa
1459 1251 1547 1277 mea

86 1299 342 1348 judicabitis?
372 1300 435 1337 Sic
456 1299 645 1345 nimirum,
665 1300 696 1337 si
714 1300 782 1337 hos
804 1313 879 1337 non
906 1300 1024 1350 prius,
1044 1313 1159 1349 quam
1179 1301 1245 1336 ubi
1272 1300 1543 1351 jusjurandum

92 1359 166 1396 ritu
178 1366 330 1397 vetusto
344 1359 535 1397 sancitum
549 1360 726 1405 dixerint,
741 1361 789 1397 ad
803 1361 1062 1398 accusandum
1078 1360 1302 1405 admittatis,
1316 1361 1545 1410 copiamque

84 1419 183 1456 vmihi
197 1420 346 1458 faciatis
362 1420 486 1470 ipsum
503 1421 642 1458 crimen
656 1422 858 1472 purgandi.
917 1421 1038 1471 Ecqui
1052 1428 1178 1458 autem
1195 1434 1277 1459 eam
1292 1421 1382 1458 mihi
1395 1423 1545 1472 copiam

92 1480 273 1519 facietis?
317 1481 357 1518 Si
388 1495 523 1532 nempe
553 1495 613 1518 me
646 1482 720 1519 hoc
751 1482 936 1532 temporis
962 1481 1124 1519 articulo
1151 1482 1373 1518 absolvatis.
1408 1482 1546 1528 Nam,

86 1542 352 1580 etiamsi-hoc
387 1543 567 1588 feceritis,
598 1556 673 1580 non
709 1543 795 1580 ideo
829 1550 954 1580 tamen
985 1550 1124 1580 vestrae
1157 1542 1357 1579 sententiae
1390 1542 1547 1592 laqueos

92 1603 209 1653 effugi
226 1616 235 1640 ε
265 1615 370 1648 nam,
388 1603 453 1653 qui
473 1616 576 1641 nunc
595 1604 736 1640 sedetis
752 1604 921 1654 judices,
944 1616 1011 1640 vos
1032 1603 1144 1640 iidem
1167 1609 1245 1639 tum
1265 1615 1417 1652 quoque
1435 1603 1547 1640 sede-

92 1664 196 1708 bitis,
216 1676 304 1702 cum
327 1665 465 1702 crimen
493 1664 686 1702 homicidii
706 1665 795 1701 mihi
815 1677 860 1701 ex
879 1665 1054 1714 professo
1076 1663 1301 1700 diluendum
1323 1663 1407 1707 erit,
1429 1670 1467 1701 et
1486 1677 1545 1701 me

92 1726 352 1763 condemnare
380 1726 411 1762 si
434 1732 513 1763 tum
534 1726 683 1770 voletis,
706 1725 836 1763 licebit
854 1725 973 1762 vobis.
1030 1724 1220 1761 Absoluto
1249 1737 1309 1761 me
1334 1736 1436 1761 nunc
1465 1731 1545 1761 tum

92 1794 220 1824 tamen
240 1787 494 1824 'nihilominus
521 1787 568 1824 de
597 1787 793 1824 voluntate
821 1786 876 1823 uti
906 1786 942 1822 in
967 1792 1160 1836 potestate
1185 1791 1313 1822 vestra
1339 1785 1434 1828 erit;
1467 1786 1545 1835 [sin

85 1854 219 1884 ‘autem
247 1860 307 1884 me
334 1860 437 1884 nunc
465 1847 841 1895 condemnaveritis]‚
871 1859 947 1883 non
979 1846 1106 1883 licebit
1136 1846 1386 1895 postmodum
1419 1845 1546 1883 denuo

92 1908 234 1945 crimen
256 1921 418 1958 purgare
439 1914 505 1945 aut
524 1907 572 1945 de
595 1920 653 1944 me
671 1907 705 1943 in
726 1907 1041 1944 deliberationem
1062 1907 1128 1943 ire.
1185 1906 1235 1943 Et
1252 1905 1281 1942 si
1302 1905 1363 1942 vel
1382 1907 1545 1943 maxime

95 1981 169 2018 ego
186 1981 273 2006 vere
292 1969 361 2006 sim
382 1968 574 2005 homicidii
596 1981 696 2013 reus,
718 1976 757 2005 et
777 1981 844 2005 vos
862 1981 934 2013 me,
951 1967 1081 2017 utique
1098 1973 1263 2012 son-tem,
1278 1972 1406 2003 tamen
1424 1967 1549 2004 absoln

84 2031 236 2076 veritis,
256 2043 407 2080 semper
427 2037 551 2066 tamen
575 2030 644 2066 erit
663 2029 830 2066 sanctius
852 2037 966 2078 atque
983 2041 1069 2065 cuni
1084 2028 1267 2077 religione
1284 2027 1440 2064 deorum
1457 2039 1547 2064 con-

94 2091 321 2136 venientius,
352 2098 501 2128 sontem
521 2091 617 2128 adeo
648 2104 715 2140 per
746 2090 853 2126 nefas
874 2090 1089 2135 absolvere,
1118 2102 1231 2138 quam
1258 2090 1448 2125 insontem
1478 2101 1546 2138 per

96 2152 203 2190 nefas
222 2152 503 2189 condemnare:
535 2151 695 2188 alterum
716 2151 815 2187 enim
840 2150 936 2187 illud
958 2150 1062 2186 aliud
1083 2149 1173 2186 nihil
1196 2156 1265 2194 est,
1286 2161 1400 2198 quam
1422 2161 1546 2185 errore

95 2212 197 2260 labi3
227 2211 387 2249 alterum
407 2225 509 2256 vero,
536 2218 790 2261 praeterquam
812 2211 1044 2260 quodperror
1073 2216 1148 2253 est,
1173 2209 1286 2246 etiam
1307 2208 1461 2245 violatio
1490 2216 1549 2246 est

96 2272 306 2309 divinorum
332 2273 487 2322 jurium.
556 2272 771 2309 Versamini
797 2284 889 2320 ergo
917 2271 953 2307 in
987 2271 1074 2307 loco
1101 2283 1282 2320 perquam
1313 2269 1484 2314 lubrico,v
1512 2270 1548 2306 in

96 2347 172 2383 quo
210 2334 392 2371 acerrima
429 2333 606 2370 cautione
636 2346 731 2382 opus
762 2340 823 2369 est
859 2345 906 2368 ne
934 2331 1125 2375 labamini,
1159 2344 1235 2368 rem
1267 2331 1548 2380 aggredientes,

98 2401 142 2430 ut
190 2395 307 2431 semel
345 2394 494 2431 effectui
533 2394 623 2431 data
666 2393 792 2436 fuerit,
844 2392 1088 2442 postmodum
1126 2391 1422 2442 irreparabilem.
1505 2392 1549 2427 In

99 2454 285 2504 ejusmodi
315 2454 468 2504 quidem
498 2467 626 2499 causa,
657 2454 721 2490 ubi
752 2454 940 2490 admissus
973 2465 1075 2489 error
1107 2453 1235 2489 denuo
1266 2459 1395 2489 tamen
1421 2464 1548 2501 repre—

98 2514 216 2552 hendi
244 2522 283 2552 et
310 2516 445 2565 corrigi
475 2522 605 2564 queat,
633 2515 755 2551 minus
784 2514 969 2564 peccetis,
991 2513 1137 2551 etiamsi
1167 2515 1244 2551 sive
1275 2515 1322 2551 ab
1355 2513 1552 2550 iracundia

99 2575 309 2613 evehamini
328 2576 405 2613 sive
427 2589 448 2612 a
467 2575 667 2613 calumniis
687 2575 891 2625 capiamini
915 2582 1028 2624 atque
1052 2575 1366 2625 obstringamini;
1397 2586 1483 2610 nam
1501 2574 1551 2609 ibi

98 2636 205 2673 {ocus
223 2643 283 2673 est
301 2643 339 2673 et
353 2636 588 2686 poenitentiae
603 2642 638 2673 et
653 2636 899 2673 consiliorum
917 2636 1181 2672 restaurationi
1198 2648 1206 2672 z
1235 2636 1270 2671 in
1284 2635 1408 2671 causis
1424 2642 1549 2671 autem

100 2695 422 2742 irrevocabilibus,
444 2697 507 2733 ubi
531 2697 579 2734 ad
603 2709 768 2734 errorem
795 2697 939 2746 agnitio
965 2695 1099 2733 erroris
1125 2707 1286 2745 eamque
1312 2706 1550 2744 consequens

100 2757 322 2806 poenitentia
350 2758 565 2803 accesserit,
588 2758 782 2808 geminum
811 2758 849 2794 id
877 2758 1058 2795 damnum
1089 2764 1160 2794 est.
1218 2755 1334 2792 Haud
1356 2761 1448 2793 'raro
1471 2756 1549 2805 jam

99 2816 244 2853 factum
265 2824 336 2863 est,
354 2825 396 2854 ut
415 2831 501 2855 cum
524 2831 590 2856 vos
611 2819 886 2869 praecipitantia
907 2818 1040 2868 judicii
1065 2818 1236 2853 insontes
1263 2817 1552 2866 pessumdedisn

103 2877 209 2921 setis,
222 2880 463 2928 postmodum
481 2880 549 2930 ipsi
565 2887 729 2917 vestrum
748 2893 908 2918 errorem
926 2885 1195 2928 agnoscentes,
1214 2878 1437 2928 poenitentia
1454 2878 1552 2928 ejus,
