1822 3219
225 147 274 184 ‚52
756 142 1122 182 AN'l'lPHONTlS

224 252 328 289 vobis
349 252 416 302 ipsi
437 252 659 301 arrogastis.
715 250 831 300 Atqui
854 263 900 286 ne
921 249 974 287 illi
990 248 1144 299 quidem
1158 246 1270 291 servi,
1289 246 1355 295 qui
1373 245 1485 285 heros
1499 257 1670 296 pereme-

222 313 295 350 rint
309 319 347 350 et
363 313 401 350 ‘m
417 313 603 362 flagrante
624 311 766 349 delicto
784 310 1010 361 deprehensi
1027 309 1180 352 fuerint,
1200 319 1247 344 ne
1274 307 1328 343 sic
1347 305 1498 355 quidem
1515 319 1538 344 a
1554 307 1672 357 jugu-

222 373 385 410 latorum
403 372 631 410 necessariis
650 371 890 413 occiduntur,
910 371 980 408 sed
1009 370 1212 408 traduntur
1228 367 1398 418 legitimo
1418 368 1671 417 magistratui,

221 445 297 482 quo
316 432 528 471 secundum
547 433 652 483 leges
672 440 822 470 nostras
842 431 982 482 patrias
1002 430 1222 481 puniantur.
1278 429 1444 465 Tantum
1464 427 1671 466 deferimus

224 493 356 538 servis,
388 500 429 531 ut
466 493 637 531 sinamus
671 505 737 530 eos
775 492 957 530 adversus
989 491 1181 541 ingenuos
1222 488 1377 527 testari:
1414 487 1508 525 hero
1540 489 1572 526 si
1609 487 1673 526 cui

223 566 356 592 servus
377 555 626 605 interemptus
652 555 699 591 ab
721 554 889 603 ingenuo
905 552 1032 597 fuerit,
1051 552 1139 589 licet
1160 551 1213 588 illi
1227 550 1320 588 hero
1340 550 1444 586 hunc
1462 549 1672 599 ingenuum

223 614 270 652 de
289 615 354 652 illo
373 615 580 653 homicidio
598 615 636 651 in
661 616 726 664 jus
746 627 894 658 vocare,
916 615 946 651 si
968 614 1094 651 facere
1124 611 1226 656 velit,
1247 619 1285 649 et
1304 618 1383 648 tum
1405 610 1673 661 sententiaju-

224 675 353 713 dicum
373 676 453 726 pari
470 676 670 713 severitate
684 676 722 712 in
742 675 971 712 homicidam
993 674 1106 718 servi,
1124 681 1239 723 atque
1261 673 1298 710 in
1317 671 1552 711 homicidam
1572 672 1677 722 inge-

223 735 602 781 nui‚animadvertit;
633 735 812 785 quocirca
829 747 895 784 par
914 735 1037 772 fuerat
1065 735 1179 771 etiam
1204 733 1278 770 hoc
1311 733 1359 770 de
1391 743 1501 770 servo
1520 732 1674 782 judices

226 808 478 846 cognoscere,
499 809 576 833 non
597 802 725 832 autem
747 808 828 840 VOS,
851 807 970 832 causa
996 795 1139 832 indicta
1167 794 1429 843 inauditaque,
1448 800 1567 831 morte
1585 805 1675 831 eum

224 856 422 894 mulctare.
479 856 605 893 Multo
625 856 758 906 majori
785 868 878 906 ergo
902 856 989 906 jure
1020 868 1093 905 ego
1125 866 1190 892 vos
1216 854 1410 892 homicidii
1441 866 1526 892 reos
1545 866 1674 904 agam,

223 929 335 966 quam
358 929 458 955 nunc
479 917 619 967 injuste
635 929 704 953 vos
724 928 784 954 me
805 929 909 953 reum
930 916 1055 966 agitis.

277 978 313 1012 8.
344 976 420 1013 Sed
441 989 488 1014 ex
502 976 594 1027 ipsis
613 988 765 1026 quoque
782 976 979 1013 amborum
998 976 1198 1013 tormentis
1214 975 1473 1026 subjectorum
1488 973 1675 1025 praedica-

222 1036 391 1075 tionibus
408 1038 519 1075 velim
546 1049 627 1082 vos,
653 1036 820 1087 judices,
840 1049 954 1087 aequa
971 1037 1224 1087 aestimatione
1239 1040 1387 1084 Justum
1415 1044 1453 1074 et
1471 1043 1677 1074 consenta-

222 1109 336 1134 neum
357 1097 550 1148 colligere.
581 1097 690 1134 Alter
709 1109 855 1141 eorum,
869 1110 1000 1134 servus
1013 1097 1228 1147 puta,duas
1243 1096 1363 1134 edidit
1382 1095 1675 1147 praedicationes

227 1157 322 1194 inter
337 1170 377 1195 se
393 1165 663 1208 repugnantes,
679 1157 794 1195 modo
807 1157 912 1195 aiens
931 1170 993 1195 me
1015 1157 1164 1195 facinus
1180 1164 1366 1208 patrasse,
1378 1157 1493 1194 modo
1507 1169 1677 1207 negans:

225 1218 415 1268 ingenuus
438 1226 580 1263 autem,
601 1218 723 1256 eidem
740 1225 930 1256 tormento
956 1218 1166 1268 subjectus,
1187 1217 1278 1255 nihil
1296 1230 1356 1255 me
1373 1217 1520 1255 laedens
1541 1218 1675 1255 edidit.

224 1279 330 1322 Quid
347 1278 426 1316 ita?
455 1280 632 1329 primum,
655 1291 731 1317 non
753 1285 931 1330 poterant
945 1279 1062 1323 hunc,
1093 1279 1250 1330 perinde
1271 1287 1386 1329 atque
1406 1291 1570 1324 servum,
1589 1291 1679 1329 pro·

226 1339 405 1389 ponenda
433 1353 500 1391 spe
527 1340 709 1378 libertatis
729 1340 892 1378 illicere:
923 1347 1004 1377 turn
1025 1339 1173 1377 animus
1189 1339 1223 1376 ei
1238 1346 1319 1377 erat
1337 1352 1451 1390 quam
1473 1352 1582 1377 servo
1602 1353 1680 1377 ere-

223 1400 332 1446 ctior,
349 1408 391 1438 ut
410 1401 604 1438 veritatem
625 1402 721 1439 tueri
737 1402 854 1439 etiam
872 1413 959 1439 cum
977 1400 1113 1451 capitis
1130 1400 1187 1438 sui
1207 1399 1423 1438 discrimine
1444 1399 1546 1438 haud
1566 1412 1677 1438 recu-

225 1468 338 1507 saret,
360 1461 506 1499 etiamsi
528 1474 689 1499 necesse
705 1462 774 1500 sibi
795 1468 900 1500 esset
919 1474 965 1499 eo
984 1462 1022 1498 in
1037 1461 1254 1499 discrimine
1269 1462 1496 1499 occumbere
1512 1474 1522 1505 ;
1553 1474 1641 1499 nam
1656 1473 1678 1498 e

226 1534 265 1558 re
289 1534 358 1559 sua
379 1521 472 1572 quid
496 1522 619 1572 magis
636 1530 754 1567 esset,
775 1523 906 1573 utique
926 1522 987 1560 hic
1003 1534 1157 1572 quoque
1178 1535 1254 1559 non
1274 1521 1398 1559 minus
1417 1534 1531 1572 quam
1546 1535 1679 1560 servus

226 1582 478 1632 intelligebat,
498 1583 669 1620 futurum
689 1583 850 1628 scilicet,
872 1590 914 1621 ut
934 1583 973 1620 hi
989 1596 1010 1620 a
1027 1583 1245 1632 torquendo
1265 1595 1304 1620 se
1325 1583 1566 1627 desisterent,
1583 1583 1613 1619 si
1633 1596 1679 1621 ea

226 1642 454 1692 praedicaret
472 1656 558 1693 quae
577 1643 650 1680 illis
664 1643 796 1681 auditu
813 1650 922 1693 grata
935 1650 975 1681 et
988 1651 1147 1694 accepta
1159 1650 1299 1681 essent.
1342 1643 1424 1681 Utri
1442 1643 1523 1694 jam
1541 1644 1678 1682 horum

227 1715 295 1752 par
315 1709 375 1740 est
395 1716 461 1740 vos
482 1703 596 1740 fidem
615 1703 785 1741 habere?
815 1703 917 1741 illine
937 1704 1002 1753 qui
1018 1711 1240 1742 constanter
1257 1717 1378 1755 usque
1400 1705 1450 1742 ad
1464 1711 1675 1743 extremum

225 1763 360 1801 eadem
383 1763 420 1800 in
443 1764 713 1814 praedicatione
734 1766 1003 1815 perseveravit,
1023 1778 1072 1802 an
1093 1765 1180 1802 huic
1200 1765 1265 1816 qui
1297 1766 1451 1803 alternis
1479 1765 1680 1803 affirmavit

226 1823 325 1860 idem
346 1831 459 1874 atque
489 1824 672 1862 infitiatus
705 1825 790 1862 est?
858 1827 980 1876 Atqui
1008 1825 1039 1862 si
1070 1826 1169 1875 quis,
1201 1826 1307 1864 nulla
1333 1826 1369 1863 vi
1402 1833 1676 1865 tormentorum

226 1891 405 1934 cogente,
417 1884 485 1922 sed
500 1885 613 1930 ultro,
629 1886 761 1924 eadem
776 1886 824 1924 de
839 1899 956 1924 causa
966 1894 1189 1924 constanter
1204 1887 1339 1925 eadem
1355 1888 1553 1938 praedicet,
1569 1888 1678 1926 istius

226 1944 447 1994 praedicatio
468 1945 587 1983 multo
603 1947 783 1997 majorem
804 1947 972 1984 invenire
992 1947 1090 1985 solet
1110 1947 1239 1994 fidem,
1254 1961 1369 1998 quarn
1383 1948 1539 1986 alterius
1559 1949 1678 1987 vacil-

227 2005 342 2041 lantis
369 2005 600 2055 alternisque
620 2019 642 2042 a
661 2019 702 2043 se
723 2007 825 2044 dicta
848 2007 1089 2046 destruentis.
1146 2009 1198 2045 At
1224 2015 1306 2046 esto
1331 2016 1460 2046 tamen
1482 2010 1677 2060 utriusque

227 2065 463 2103 auctoritatis
484 2078 552 2116 par
575 2066 749 2116 pondus:
781 2080 913 2105 sumus
943 2082 1034 2118 ergo
1057 2082 1127 2106 nos
1148 2082 1258 2119 pares
1275 2069 1421 2107 ratione
1441 2070 1677 2108 testimonio-

226 2138 331 2162 rum:
362 2139 493 2163 servus
514 2126 627 2163 modo
647 2140 714 2176 pro
735 2141 793 2164 me
820 2129 1051 2178 praedicavit,
1073 2130 1186 2166 modo
1214 2130 1312 2167 idem
1334 2138 1467 2167 contra
1488 2143 1570 2168 me:
1595 2145 1677 2168 rur·

229 2199 296 2222 sus
312 2198 359 2222 ex
380 2188 568 2223 ambobus
583 2188 690 2224 tortis
711 2189 806 2225 alter
821 2189 1020 2225 affirmavit
1035 2202 1093 2226 me
1111 2189 1259 2227 facinus
1275 2198 1459 2240 patrasse,
1476 2192 1571 2229 alter
1586 2206 1677 2230 con-

226 2252 371 2283 stanter
398 2246 578 2283 infitiatus
594 2254 668 2283 est.
725 2248 847 2285 vinco
867 2255 996 2285 tamen
1011 2248 1070 2285 vel
1083 2250 1138 2286 sic
1153 2262 1305 2299 quoque
1326 2251 1362 2287 iu
1377 2251 1450 2289 ista
1465 2252 1673 2302 ponderum

227 2306 444 2356 aequalitate
462 2319 470 2344 :
493 2313 684 2344 momenta
703 2308 802 2344 enim
817 2309 1120 2346 testimoniorum
1144 2311 1207 2347 ubi
1222 2318 1312 2348 sunt
1327 2319 1525 2362 utramque
1542 2314 1578 2350 in
1593 2328 1679 2365 par-

232 2372 308 2403 tem
329 2366 504 2416 aequalia,
525 2379 630 2404 reum
659 2368 807 2405 obtinet
836 2381 986 2418 semper
1011 2369 1176 2414 vincere,
1208 2372 1346 2409 cadere
1379 2386 1496 2411 causa
1523 2387 1680 2414 accusa-

227 2435 374 2471 torem;
404 2428 564 2478 paritate
583 2441 735 2478 quoque
759 2429 993 2467 calculorum
1018 2431 1167 2480 judices
1191 2432 1311 2482 magis
1337 2446 1457 2479 reum,
1477 2448 1592 2485 quam
1613 2450 1676 2476 ac-

228 2495 458 2533 cusatorem,
475 2489 669 2539 adjuvant.

283 2552 320 2587 9.
353 2549 526 2600 Exposui
562 2551 683 2593 vobis,
716 2551 882 2601 judiceS‚
920 2559 1076 2590 torturae
1112 2554 1293 2598 rationes,
1331 2566 1408 2604 qua
1443 2555 1606 2594 fidentes
1641 2558 1679 2597 hi

230 2612 350 2655 aiunt,
384 2612 502 2660 probe
537 2624 578 2648 se
611 2623 725 2648 nosse
755 2619 956 2661 certosque
984 2626 1084 2658 esse,
1116 2614 1306 2651 Herodem
1341 2628 1363 2651 a
1390 2627 1451 2652 me
1483 2617 1676 2657 sublatum

228 2684 326 2709 esse.
383 2672 468 2721 Ego
506 2684 594 2708 vero
634 2672 664 2708 si
708 2671 798 2721 quid
837 2673 914 2709 tale
952 2686 1120 2723 unquam
1155 2681 1362 2724 patrassem
1400 2675 1561 2726 ejusque
1587 2680 1676 2718 mihi

232 2732 410 2768 conscius
447 2732 620 2776 fuissem,
648 2732 877 2769 studuissem
919 2733 992 2770 hoc
1033 2747 1101 2784 par
1130 2735 1326 2771 hominum
1366 2735 1414 2773 de
1450 2737 1573 2775 medio
1609 2741 1680 2778 tol·

232 2792 322 2835 lere,
344 2792 420 2829 sive
439 2805 589 2830 mecum
611 2792 659 2830 ad
681 2792 819 2830 AEnum
841 2793 1072 2831 abducendo
1093 2795 1171 2831 sive
1193 2795 1228 2831 in
1253 2795 1409 2846 Epirum
1440 2797 1675 2848 trajiciendo.

231 2863 308 2888 non
338 2859 463 2889 autem
488 2853 708 2891 metuendos
741 2853 828 2890 mihi
858 2853 1093 2903 reliquissem
1126 2855 1282 2900 indices
1309 2856 1481 2895 homines
1499 2859 1675 2897 facinoris
