1822 3219
528 108 746 145 CONTRA
779 105 1100 144 AGORATUM.
1478 107 1558 144 237

94 214 273 255 stituere;
307 213 473 263 nihilque
494 212 628 250 studiis
650 212 726 249 suis
755 211 984 248 obstiturum
1011 210 1276 247 existimantes
1303 217 1557 261 praeterquam

95 274 265 311 tribunos
286 274 409 325 plebis
429 281 467 310 et
488 281 680 323 strategos
702 280 813 322 atque
831 271 1051 309 taxiarchos
1072 272 1157 320 [seu
1188 271 1437 321 imperatores
1458 271 1557 309 mili-

96 347 198 374 tares
227 345 341 387 atque
374 335 652 382 centuriones]‚
677 334 996 372 machinabantur
1023 332 1092 370 hos
1112 345 1344 382 quoeunque
1374 333 1489 371 modo
1509 333 1558 371 de

98 399 221 436 medio
252 398 398 442 tollere,
429 410 504 447 quo
536 397 684 433 facilius
720 410 796 446 quo
825 396 968 432 vellent
1001 408 1047 431 eo
1077 394 1330 445 pervenirent.
1388 395 1559 432 Primum

97 461 224 510 itaque
246 458 525 508 Cleophontem
545 457 617 494 hac
639 457 805 494 versutia
826 457 1164 507 aggrediebantur.
1222 454 1370 493 Concio
1396 455 1443 493 de
1462 468 1559 506 pace

96 533 183 558 cum
204 520 406 556 haberetur
426 517 562 567 prima,
582 516 700 567 legati
721 516 1101 554 Lacedaemoniorum
1120 516 1359 554 conditiones
1379 516 1560 562 edebant,

98 582 136 618 in
163 593 258 630 quas
289 578 410 628 parati
441 585 569 615 essent
602 577 881 615 Lacedaemonii
917 590 1051 628 pacem
1086 577 1286 615 vobiscum
1319 576 1558 616 instaurare:

98 647 182 678 erat
199 640 238 677 in
268 639 343 676 illis
363 639 648 676 conditionibus
675 639 787 676 etiarn
809 638 906 683 haec,
927 646 970 676 ut
991 638 1095 690 longi
1117 638 1258 690 gemini
1286 639 1384 676 muri
1402 651 1491 690 pars
1510 640 1560 678 ad

96 701 231 739 decem
258 701 436 751 utrinque
468 700 595 737 stadia
625 700 709 737 solo
739 699 994 750 dejiceretur:
1026 708 1103 738 tam
1137 700 1273 738 duram
1301 699 1560 739 conditionem

99 779 167 803 vos
188 778 237 803 ne
257 765 411 802 auribus
427 763 583 814 quidem
605 764 703 801 ferre
718 763 918 814 poteratis,
932 771 971 801 et
987 763 1160 815 Cleopho
1176 778 1244 816 pro
1260 764 1367 803 vobis
1382 765 1560 802 omnibus

98 828 379 880 obloquebatur
408 827 489 865 fieri
512 826 617 864 nullo
637 827 753 864 modo
772 840 888 878 posse
915 833 957 864 ut
987 827 1168 865 moenium
1195 828 1401 879 quicquam
1418 827 1562 879 dejice-

100 897 216 929 retur.

152 952 188 989 3.
220 949 445 988 Secundum
478 949 582 988 hunc
603 950 865 988 Theramenes
900 950 948 988 ad
983 950 1187 989 dicendum
1221 952 1463 1002 assurgebat,
1492 951 1558 1002 qui

97 1013 262 1052 libertati
283 1013 405 1063 plebis
426 1012 623 1057 insidians,
644 1012 673 1050 si
696 1025 737 1050 se
758 1012 806 1049 de
826 1025 922 1063 paee
943 1012 1112 1063 legatum
1129 1013 1246 1064 plena
1264 1026 1352 1051 cum
1366 1020 1560 1064 potestate

99 1075 277 1126 Spartam
308 1074 496 1119 miseritis,
525 1074 734 1124 recipiebat
754 1073 993 1119 effecturum,
1024 1081 1067 1112 ut
1094 1088 1220 1126 neque
1244 1074 1425 1112 moenium
1453 1075 1560 1125 quic-

97 1150 213 1187 quam
233 1136 511 1174 disturbaretur
531 1148 657 1185 neque
672 1135 894 1186 respublica
908 1135 989 1173 ulla
1005 1135 1079 1173 alia
1098 1135 1156 1173 sui
1175 1142 1284 1186 parte
1300 1135 1559 1180 minueretur;

98 1199 220 1250 quid?
250 1199 355 1250 quod
376 1212 526 1250 sperare
546 1199 717 1235 futurum
739 1198 867 1235 aiebat
894 1204 938 1235 ut
954 1199 1045 1235 honi
1066 1198 1180 1236 etiam
1201 1199 1330 1236 nescio
1351 1199 1443 1249 quid
1464 1212 1563 1250 prae-

98 1267 205 1299 terea
223 1261 400 1312 precibus
430 1267 467 1298 et
487 1260 610 1310 gratia
640 1274 660 1296 a
684 1259 986 1297 Lacedaemoniis
1016 1260 1251 1310 impetraret.
1309 1260 1474 1311 Decepti
1493 1273 1562 1299 vos

97 1322 157 1360 his
177 1323 380 1360 verborum
409 1321 611 1372 praestigiis
634 1321 911 1358 'Theramenem
944 1320 1113 1370 legatum
1141 1321 1189 1359 de
1218 1334 1315 1372 pace
1335 1322 1452 1373 plena
1471 1335 1561 1360 cum

98 1390 288 1434 potestate
316 1383 364 1420 ad
394 1382 708 1419 Lacedaemonios
737 1382 960 1426 mittebatis,
992 1382 1184 1419 hominem
1207 1395 1275 1420 vos
1305 1396 1478 1429 exosum,
1499 1384 1562 1421 cui

97 1444 282 1495 imprimis
302 1443 474 1481 diffidere
494 1451 530 1480 et
550 1443 732 1493 poteratis
753 1451 792 1480 et
809 1443 1010 1481 debebatis
1031 1444 1141 1490 adeo,
1166 1457 1267 1482 anno
1288 1451 1376 1483 ante
1396 1445 1563 1496 graviter

99 1518 122 1543 a
147 1505 251 1542 vobis
281 1505 533 1555 ignominiosa
565 1504 720 1555 repulsa
751 1505 970 1542 offensum:
1001 1512 1214 1557 strategum
1245 1506 1345 1544 enim
1369 1507 1451 1558 jam
1482 1507 1561 1545 suf-

96 1567 227 1616 fragiis
258 1572 427 1604 creatum
456 1566 494 1602 in
526 1566 709 1603 scrutinio
734 1566 1031 1617 repudiaveratis
1059 1567 1160 1613 ideo,
1185 1567 1289 1618 quod
1319 1569 1424 1606 visus
1450 1569 1561 1608 vobis

97 1628 236 1666 fuisset
254 1641 276 1665 a
296 1627 465 1679 partibus
481 1626 604 1677 plebis
622 1626 792 1664 alienior.
850 1627 1106 1665 Theramenes
1130 1629 1307 1679 Spartam
1324 1629 1476 1667 delatus
1494 1630 1561 1668 diu

99 1690 151 1726 ibi
174 1690 329 1736 mansit,
350 1702 415 1726 vos
436 1688 651 1726 destituens
673 1701 769 1739 quos
800 1688 1001 1726 obsidione
1029 1689 1176 1727 cinctos
1208 1690 1457 1740 proficiscens
1476 1691 1562 1730 reli·

103 1750 263 1801 quisset,
281 1763 367 1787 cum
388 1749 504 1787 sciret
523 1749 673 1800 plebem
694 1757 857 1787 vestram
879 1757 918 1787 et
936 1751 1150 1789 incredibili
1169 1752 1416 1790 consiliorum
1432 1752 1563 1805 inopia

100 1811 319 1862 perplexam
350 1820 390 1848 et
421 1810 643 1848 arctissimis
676 1824 800 1848 rerum
833 1812 1131 1850 necessitatibus
1164 1813 1411 1851 constrictam
1441 1820 1481 1852 et
1511 1815 1559 1853 ab

100 1874 288 1911 alimentis
307 1874 531 1924 caeterisque
549 1873 637 1911 vitae
657 1874 812 1912 tuendae
838 1874 1080 1913 adminiculis
1100 1889 1168 1926 per
1188 1876 1333 1914 bellurn
1355 1884 1393 1914 et
1412 1878 1560 1929 reliqua

99 1935 320 1987 reipublicae
340 1936 440 1973 mala
460 1935 695 1974 denudatam
716 1948 822 1973 esse:
853 1936 992 1974 mansit
1006 1944 1133 1975 tamen
1154 1938 1296 1976 diutius
1311 1952 1427 1989 quam
1443 1953 1559 1991 opor-

98 1999 217 2042 tebat,
236 1997 273 2034 id
293 1997 396 2048 quod
417 1998 508 2035 data
527 1997 617 2034 fecit
635 2009 765 2047 opera,
784 1997 1023 2044 existimans,
1051 1999 1100 2036 ad
1120 2013 1185 2037 eas
1207 2000 1237 2038 si
1257 2013 1326 2038 vos
1346 2000 1561 2052 redegisset

100 2059 316 2109 angustiaS,
346 2058 395 2095 ad
415 2071 511 2108 quas
542 2057 705 2107 redegit,
736 2064 777 2094 ut
798 2058 939 2095 exitum
961 2060 1147 2098 malorum
1167 2067 1380 2099 vestrorum
1409 2063 1557 2101 nullum

98 2120 336 2164 inveniretis,
364 2119 412 2156 ad
441 2118 683 2156 conditiones
712 2118 819 2169 pacis
849 2120 975 2158 nullas
1006 2134 1082 2158 non
1113 2135 1180 2159 vos
1209 2135 1292 2161 esse
1321 2124 1462 2174 cupide
1492 2124 1560 2162 de-

99 2194 316 2218 scensuros.
375 2180 544 2224 Interim,
559 2192 656 2230 quos
674 2179 736 2216 ille
752 2179 1000 2231 proficiscens
1016 2182 1077 2220 hic
1093 2183 1301 2234 reliquerat
1316 2185 1559 2223 consiliorum

99 2256 255 2280 suorum
284 2244 576 2294 studiorumque
604 2242 779 2280 conscios
800 2252 838 2280 et
866 2244 1126 2291 administros,
1158 2246 1195 2284 hi
1222 2247 1436 2286 libertatem
1459 2249 1561 2299 plebi

98 2305 244 2355 eripere
281 2304 515 2349 laborantes,
553 2304 785 2355 Cleophonti
822 2305 923 2343 diem
959 2307 1154 2353 dicebant,
1189 2308 1369 2359 frigidam
1402 2323 1559 2348 causam

99 2362 369 2417 praetexentes,
387 2366 489 2416 quod
520 2379 542 2403 a
561 2365 698 2403 castris
727 2366 926 2410 abfuisset,
947 2368 1049 2407 facto
1070 2369 1105 2406 in
1137 2371 1269 2407 urbem
1302 2384 1473 2418 secessu,
1503 2386 1561 2410 re-

100 2427 268 2478 spirandi
288 2427 432 2478 gratia:
462 2439 595 2476 reapse
611 2434 753 2470 autem,
772 2427 876 2477 quod
898 2429 1026 2467 studio
1047 2432 1162 2469 vestri
1182 2432 1412 2483 turpissimae
1434 2440 1561 2470 aucto-

100 2489 202 2527 ritati
222 2488 270 2527 de
291 2488 438 2526 moeniis
460 2488 542 2526 solo
561 2488 763 2539 aequandis
793 2489 1087 2529 intercessisset.
1147 2493 1233 2531 Hoc
1256 2494 1371 2544 igitur
1391 2494 1448 2530 usi
1464 2507 1559 2544 prae-

99 2556 221 2594 textu,
240 2550 303 2601 qui
324 2563 509 2588 summam
528 2563 650 2587 rerum
672 2550 720 2587 ad
742 2563 951 2600 paucorum
972 2552 1167 2591 libidinem
1189 2555 1416 2592 translatum
1437 2555 1558 2601 ibant,

94 2610 284 2661 judicium
311 2618 582 2662 compararunt
610 2625 632 2649 a
652 2625 693 2649 se
722 2612 951 2650 instructum
982 2623 1099 2665 atque
1128 2616 1394 2660 subornatum,
1425 2616 1463 2653 in
1483 2630 1560 2667 quo

95 2671 248 2722 judices
277 2671 453 2712 sederent
481 2673 552 2710 sibi
586 2672 728 2711 dediti:
761 2673 798 2711 hi
831 2674 1127 2726 Cleophontem‚
1159 2676 1318 2726 perinde
1347 2684 1462 2728 atque
1490 2692 1558 2717 vos

101 2732 221 2776 exosi,
240 2731 534 2770 condemnatum
557 2733 642 2770 neci
663 2733 868 2772 dederunt.

154 2796 193 2830 4.
222 2792 479 2830 Theramenes
511 2794 707 2844 aliquanto
728 2802 817 2844 post
836 2797 976 2846 Sparta
998 2809 1173 2833 reversus
1193 2810 1324 2848 pacem
1347 2813 1477 2838 secum
1500 2814 1558 2838 re-

100 2855 249 2893 ferebat
266 2865 365 2898 eam,
385 2853 494 2903 cujus
516 2854 704 2894 diritatem
726 2857 890 2894 nulla're
912 2857 1034 2907 magis
1059 2871 1174 2907 quarn
1202 2859 1286 2910 ipso
1311 2875 1383 2899 usu
1411 2875 1557 2912 cogno-
