1822 3219
259 149 334 187 238
905 152 1081 191 LYSIAE

259 254 408 292 vimus:
439 261 633 293 recentem
654 267 676 293 a
697 255 823 293 reditu
851 257 1010 306 strategi
1037 255 1191 306 quidam
1217 263 1255 294 et
1283 257 1470 295 taxiarchi
1497 258 1668 305 adibant,
1685 258 1723 297 in

257 316 396 366 quibus
429 329 516 354 cum
549 317 831 356 Strombichide
862 325 900 356 et
934 317 1224 368 Dionysodoro,
1244 317 1360 356 etiam
1380 318 1443 356 alii
1465 319 1574 357 multi
1602 328 1725 366 erant,

259 390 310 416 ex
339 391 387 416 eo
413 385 680 430 percontatum
700 392 886 430 quasnam
908 379 1015 430 pacis
1035 378 1277 417 conditiones
1299 379 1478 418 referret:
1509 381 1646 431 quibus
1671 382 1724 419 illi

257 440 439 490 cognitis,
457 447 500 478 nt
519 447 628 478 erant
648 453 742 491 erga
768 454 836 478 vos
865 441 1009 491 optime
1035 440 1206 485 animati,
1225 439 1263 478 id
1286 440 1390 490 quod
1425 441 1538 479 faotis
1565 442 1725 480 demon·

259 509 441 547 strarant,
463 503 688 553 gravissime
709 503 1068 541 stomachabantur.
1123 503 1321 541 Afferebat
1336 504 1436 541 euim
1453 505 1644 556 ejusmodi
1665 518 1728 557 pa-

257 575 355 609 cem,
377 577 464 614 quae
484 577 573 601 cum
602 564 732 602 multis
760 577 831 602 nos
853 564 1014 602 fortibus
1045 572 1160 614 atque
1193 565 1358 615 egregiis
1390 565 1478 603 viris
1511 566 1727 613 mulctavit,

257 633 338 663 tum
359 625 720 676 Trigintatyrannos
750 626 963 664 cervicibus
997 627 1138 663 nostris
1168 626 1363 677 imposuit,
1383 640 1405 664 a
1432 628 1572 678 quibus
1604 628 1728 678 patria

257 687 497 737 fortunisque
536 688 678 726 nostris
717 688 831 738 eJecti
870 701 1017 726 sumus.
1077 688 1342 738 Imperal)atur
1381 689 1479 726 enim
1526 702 1647 735 nunc,
1682 696 1727 728 ut

256 749 414 795 moenia,
434 762 524 793 non,
549 757 591 786 ut
611 758 715 797 aute,
738 749 786 787 ad
807 750 941 788 decern
964 749 1080 787 modo
1110 750 1250 794 stadia,
1273 751 1339 788 sed
1364 758 1445 788 tota
1467 764 1625 802 prorsus
1655 751 1725 789 de-

256 812 490 855 moliremur,
509 820 549 849 et
567 819 715 849 tantum
748 813 880 849 aberat
911 812 1174 849 Theramenes
1195 821 1236 849 ut
1257 813 1530 862 promissorum
1566 825 1724 851 suorum

256 872 305 911 de
325 874 428 912 bono
455 873 585 910 nescio
617 886 695 923 quo
722 873 796 910 alio
827 873 1048 924 reipublicae
1080 886 1101 910 a
1135 873 1333 924 Spartanis
1365 875 1601 925 acquirendo
1633 875 1728 913 libe-

255 942 379 973 rasset
395 935 523 980 fidem,
542 943 582 972 ut
597 935 726 986 potius
741 948 843 973 nova
863 935 895 972 ei
918 934 1019 972 mala
1036 948 1157 985 eaque
1178 935 1416 973 atrocissima
1435 944 1724 986 comparasset:

254 997 418 1034 classem
439 998 541 1035 enim
562 997 876 1034 Lacedaemoniis
897 997 1049 1034 tradere
1070 996 1287 1046 moeniaque
1310 997 1456 1034 Piraeeo
1476 998 1724 1049 circumjecta

253 1058 339 1096 solo
372 1071 525 1109 aequare
553 1060 800 1109 jubebamur.
860 1059 961 1096 Haec
994 1058 1045 1095 illi
1076 1071 1161 1095 cum
1189 1071 1209 1094 e
1239 1057 1476 1095 Theramene
1510 1058 1726 1104 audissent,

254 1129 458 1159 cernentes
488 1134 574 1159 eam
610 1134 744 1171 pacem
780 1121 903 1159 afferri
936 1135 1025 1171 quae
1056 1120 1161 1157 nulla
1190 1127 1305 1164 esset,
1326 1120 1398 1156 nisi
1427 1116 1617 1170 quatenus
1650 1119 1726 1158 hoc

253 1184 422 1228 nomine,
442 1183 510 1221 sed
531 1184 730 1227 ementito,
760 1183 1034 1234 appellaretur,
1055 1195 1191 1232 reapse
1220 1190 1349 1220 autem
1371 1181 1443 1218 hoc
1465 1181 1527 1232 agi
1546 1189 1590 1218 ut
1607 1194 1727 1233 popu-

252 1245 341 1284 laris
362 1245 586 1296 reipublicae
607 1245 889 1283 administratio
919 1245 1091 1282 funditus
1125 1243 1335 1288 tolleretur,
1358 1244 1556 1293 negabant
1583 1256 1624 1282 se
1653 1257 1725 1281 un-

252 1322 367 1358 quam
389 1309 427 1345 in
449 1308 635 1356 ejusmodi
657 1307 899 1345 conditiones
921 1320 1147 1344 assensuros
1170 1315 1235 1344 aut
1256 1319 1321 1343 eas
1341 1305 1494 1343 effectui
1526 1304 1607 1342 dari
1633 1318 1724 1357 pas-

253 1384 379 1416 suros,
409 1383 502 1415 non,
530 1369 698 1421 judices,
731 1383 810 1419 quo
840 1370 1022 1406 moeniurn
1065 1368 1296 1405 ducerentur
1334 1367 1665 1404 commiseratione
1694 1366 1724 1404 si

254 1432 529 1483 dejicerentur,
561 1444 685 1481 neque
716 1444 795 1481 quo
829 1431 1013 1468 rationem
1047 1430 1182 1467 classis
1222 1430 1408 1466 haberent
1443 1428 1620 1465 hostibus
1655 1428 1723 1467 de-

254 1492 583 1531 dendae—nihil
617 1493 716 1530 enim
751 1492 885 1530 horum
919 1505 987 1529 eos
1015 1491 1188 1542 privatim
1228 1491 1367 1541 magis,
1399 1503 1516 1540 quam
1547 1498 1724 1528 nostrum

252 1568 503 1606 quemquam,
523 1556 711 1606 tangebat
723 1577 789 1600 —‚
805 1554 874 1592 sed
894 1554 998 1604 quod
1017 1553 1380 1597 animadverterent,
1397 1552 1483 1590 haee
1502 1565 1596 1590 ausa
1611 1551 1727 1591 vestri

243 1618 343 1670 juris
364 1618 486 1656 civilis
515 1617 811 1655 exstinctionem
846 1629 933 1654 esse
966 1623 1158 1658 tractura;
1190 1628 1267 1652 non
1287 1614 1339 1652 illi
1361 1614 1468 1652 nullo
1494 1615 1726 1653 tenebantur

250 1680 359 1732 pacis
386 1680 593 1724 desiderio,
613 1679 764 1716 tametsi
792 1686 883 1716 sunt
912 1678 977 1728 qui
1008 1677 1045 1714 id
1076 1676 1336 1720 criminentur,
1365 1676 1434 1714 sed
1462 1676 1657 1714 meliorem
1679 1689 1726 1715 ea

251 1755 350 1793 pace
377 1741 651 1779 desiderabant
678 1753 794 1790 quam
817 1739 1076 1777 Theramenes
1097 1738 1308 1775 retulerat:
1340 1750 1466 1787 neque
1497 1736 1545 1774 de
1578 1750 1625 1775 ea
1651 1738 1723 1775 im—

251 1803 444 1855 petranda
459 1803 745 1852 desperabant3
774 1809 813 1838 et
833 1801 1013 1838 videntur
1035 1800 1181 1850 utique,
1204 1799 1278 1836 nisi
1300 1800 1347 1836 ab
1368 1799 1441 1836 hoc
1465 1799 1641 1848 Agorato
1663 1799 1722 1837 in-

252 1865 414 1916 tercepti
445 1865 620 1905 fuissent,
641 1864 689 1901 ad
718 1870 859 1900 metam
891 1861 1150 1900 contentionis
1189 1860 1349 1911 speique
1387 1872 1467 1897 suae
1507 1861 1723 1910 perventuri

251 1929 387 1966 fuisse.
446 1927 596 1965 Videris
628 1928 757 1977 itaque
788 1926 1049 1963 Theramenes
1081 1923 1223 1973 aliique
1251 1930 1390 1959 vestrae
1421 1921 1607 1960 libertatis
1626 1935 1723 1973 prae-

254 1992 393 2037 dones,
422 1991 562 2043 pariter
592 1998 710 2041 atque
738 1989 801 2027 ille
832 1988 1025 2039 majestati
1046 1994 1184 2024 vestrae
1205 1985 1445 2030 insidiantes,
1467 1997 1552 2022 esse
1573 1984 1638 2034 qui
1659 1985 1724 2022 ab·

252 2054 444 2106 rogationi
464 2053 660 2105 popularis
681 2050 876 2102 regiminis
896 2064 918 2088 a
938 2063 978 2087 se
999 2049 1152 2098 agitatae
1172 2047 1414 2085 intercessuri
1429 2059 1554 2096 neque
1572 2045 1740 2097 passuri*

252 2117 474 2156 viderentur
497 2119 587 2164 jura
618 2124 657 2153 et
688 2114 830 2152 decora
864 2119 989 2150 vestra
1018 2110 1149 2153 minui,
1179 2122 1334 2161 operam
1370 2109 1528 2153 dabant,
1549 2116 1603 2152 ut,
1622 2121 1721 2159 quos

253 2179 334 2216 suis
374 2177 724 2216 machinationibus
762 2175 1031 2213 adversaturos
1074 2172 1344 2223 praeviderent,
1379 2183 1459 2214 eos,
1493 2171 1719 2219 priusquam

253 2240 388 2278 concio
408 2241 456 2278 de
478 2253 571 2291 pace
592 2237 772 2276 habenda
796 2237 929 2279 eoiret,
950 2234 1154 2273 calumniis
1186 2240 1363 2270 oneratos
1395 2231 1431 2266 in
1463 2230 1720 2280 suspicionem

255 2302 495 2339 adducerent
524 2309 640 2350 atque
662 2300 697 2336 in
716 2298 850 2348 capitis
878 2297 1081 2334 discrimen
1103 2294 1351 2344 conjicerent,
1374 2304 1422 2328 ne
1450 2291 1535 2341 quis
1565 2291 1635 2329 sibi
1656 2304 1722 2329 su-

254 2372 430 2416 peresset
461 2364 546 2414 ipsa
579 2363 615 2399 in
650 2360 836 2398 concione
865 2357 1106 2396 adversarius
1134 2363 1346 2392 vestrorum
1374 2353 1517 2403 jurium
1550 2360 1655 2391 tut'or
1685 2360 1724 2392 et

254 2426 410 2465 vindex.

309 2491 348 2527 5.
379 2486 599 2525 Machinam
619 2486 748 2534 itaque
769 2484 869 2521 hanc
893 2488 1139 2520 construunt.
1196 2476 1440 2516 Persuadent
1467 2476 1653 2526 Agorato,
1680 2483 1724 2515 ut

255 2551 441 2589 adversus
461 2556 654 2598 strategos
674 2555 712 2584 et
738 2544 958 2582 taxiarchos
988 2542 1169 2581 indicium
1203 2541 1273 2578 sibi
1301 2537 1547 2577 commodare
1581 2537 1721 2584 vellet;

257 2625 335 2650 non
367 2624 445 2663 quo
475 2610 656 2649 conscius
683 2607 758 2644 illis
786 2605 903 2643 ullius
934 2605 1022 2642 mali
1040 2603 1220 2642 facinoris
1239 2598 1540 2639 esset—nullius
1560 2598 1724 2651 fuit‚ju—

257 2674 381 2720 dices,
400 2684 526 2723 neque
545 2683 632 2709 esse
652 2669 799 2720 potuit:
829 2678 933 2712 narn,
954 2678 1090 2716 quaeso
1107 2677 1190 2709 vos,
1211 2663 1360 2700 adeone
1380 2660 1487 2698 vobis
1508 2660 1543 2696 hi
1570 2660 1635 2698 viri
1656 2669 1724 2699 aut

257 2735 370 2786 fungi
402 2734 579 2772 videntur
607 2731 726 2770 fuisse
752 2737 820 2767 aut
849 2729 897 2766 ab
928 2727 1061 2764 amicis
1092 2733 1208 2776 atque
1239 2722 1474 2762 administris
1503 2721 1661 2768 deserti,
1680 2730 1724 2761 ut

203 2827 206 2830 »
257 2797 372 2835 tantis
397 2796 445 2834 de
469 2794 584 2833 rebus
613 2792 871 2831 deliberantes
900 2801 1061 2827 necesse
1086 2787 1274 2824 haberent
1292 2784 1508 2834 Agoratum
1536 2782 1724 2822 advocare

257 2859 372 2910 eique
391 2870 532 2897 areana
552 2869 623 2894 sua
641 2852 891 2896 committere,
912 2849 1023 2901 quasi
1051 2848 1128 2886 fido
1158 2846 1304 2885 homini
1325 2847 1500 2896 beneque
1529 2852 1598 2883 aut
1629 2857 1723 2896 erga

259 2934 301 2960 se
328 2927 396 2959 aut
416 2932 509 2971 erga
534 2931 601 2956 vos
621 2916 806 2965 animato,
824 2913 889 2964 qui
909 2923 1042 2950 servus
1063 2918 1167 2948 esset
1186 2915 1225 2947 et
1244 2921 1264 2946 e
1284 2908 1403 2945 servis
1421 2905 1611 2944 oriundus
1624 2904 1641 2942 2
1654 2928 1722 2952 -‚
