1822 3219
614 159 684 195 DE
712 157 1011 194 MYSTERIIS.
1483 155 1528 191 81

87 257 183 295 urbe
202 265 241 296 et
257 258 370 310 hujus
379 259 517 310 judicii
535 260 736 298 discrimen
756 259 853 301 obii;
885 270 1044 296 cernens
1065 257 1152 295 item
1174 270 1240 295 vos
1260 264 1299 296 et
1317 256 1470 308 privatis
1490 262 1529 293 et

80 318 252 368 -publicis
271 320 309 357 in
328 322 451 359 causis
470 321 543 359 hoc
561 333 679 358 unum
698 320 835 357 summi
856 320 980 357 facere
997 318 1108 369 eique
1131 319 1198 356 uni
1221 331 1377 369 operam
1401 316 1530 368 impri-

85 379 159 416 mis
177 379 280 425 dare,
300 388 343 419 ut
361 382 400 419 in
417 381 701 433 pronuntiando
723 381 948 432 religionem
967 387 1164 431 pactorum
1177 378 1422 430 jurejurando
1441 392 1529 416 san-

88 440 251 478 citorum
276 443 468 488 tueamini,
488 456 574 492 quae
601 455 680 480 una
702 455 762 480 res
791 442 874 480 sola
899 441 1092 479 civitatem
1117 440 1302 485 continet,
1329 438 1453 476 invitis
1472 439 1529 482 iis,

87 501 155 550 qui
177 502 216 539 id
241 503 294 540 ita
317 516 400 540 esse
427 503 562 540 nolint.
617 503 730 553 Rogo
749 516 832 548 VOS,
852 511 895 540 ut
919 503 1094 540 benevoli
1113 514 1172 539 me
1191 501 1356 539 audiatis
1375 511 1532 537 causam

89 575 215 600 meam
242 563 443 609 dicentem,
462 576 601 613 neque,
622 563 796 614 deposita
815 563 991 614 judicum
1023 576 1138 612 quam
1168 561 1296 613 geritis
1325 559 1531 611 provincia,

90 634 289 672 personam
302 631 566 662 accusatorum
579 623 809 676 suscipiatis,
822 637 946 675 neque
960 624 1158 662 veritatem
1172 637 1195 661 a
1207 636 1267 661 me
1281 621 1530 660 dicendorum

92 692 310 734 suspectam
325 686 494 724 habeatis
511 699 634 737 neque
643 686 832 725 vocabula
844 685 1085 737 aucupemini
1095 700 1105 729 3
1127 685 1198 723 sed
1213 698 1236 723 a
1249 683 1431 735 principio
1442 682 1531 719 inde

88 744 137 781 ad
152 745 264 783 finem
283 746 416 784 attenti
435 754 474 785 et
492 747 643 798 propitii
664 747 922 785 defensionem
942 760 1066 784 meam
1086 746 1264 790 audiatis,
1280 752 1409 795 atque,
1422 751 1530 794 post-

85 818 201 854 quam
214 819 455 857 peroravero,
470 816 552 846 tum
572 808 725 846 demum
744 809 783 847 id
804 809 1071 859 pronuntietis,
1083 807 1188 858 quod
1203 807 1310 845 vobis
1331 814 1370 844 et
1384 805 1530 843 verissi-

85 879 189 905 mum
209 876 323 919 atque
338 869 589 908 rectissimum
605 879 643 907 et
658 884 747 908 cum
760 870 1010 921 jurejurando
1026 870 1167 907 avobis
1183 868 1286 906 dicto
1300 866 1532 905 convenien-

84 927 272 966 tissimum
292 930 483 968 videbitur
501 944 603 969 esse.
660 932 819 969 Tenebo
842 939 982 976 autem,
1005 931 1041 969 id
1062 931 1163 981 quod
1184 931 1307 981 recepi
1327 930 1531 974 facturum,

85 987 318 1028 defensionis
334 991 435 1029 hunc
454 991 640 1037 ordinem,
655 1000 698 1030 ut
717 993 844 1030 eundo
863 1006 930 1042 per
950 992 1104 1042 singula
1121 990 1148 1029 a
1161 991 1287 1041 capite
1307 991 1356 1028 ad
1375 990 1532 1034 calcem,

85 1050 250 1100 primum
267 1052 350 1102 ipso
370 1053 418 1090 de
438 1053 595 1099 delicto,
624 1054 726 1091 unde
754 1053 854 1091 actio
874 1053 957 1091 haec
988 1052 1169 1098 ἐνδείξεως
1198 1065 1264 1089 seu
1291 1051 1534 1088 iudicationis

87 1110 246 1157 coaluit,
266 1125 353 1162 quoe
373 1112 463 1150 mihi
485 1113 751 1151 necessitatem
784 1113 897 1163 hujus
931 1112 1163 1150 defensionis
1189 1111 1460 1162 circumposuit
1496 1119 1535 1148 et

87 1170 162 1209 hoc
191 1172 227 1209 in
255 1173 455 1212 discrimen
482 1187 543 1212 me
568 1175 746 1224 conjecit,
772 1174 821 1211 de
849 1173 966 1210 sacris
998 1182 1093 1222 puta
1126 1172 1327 1209 Eleusiniis
1350 1171 1533 1222 profana·

87 1231 150 1278 tis,
169 1233 222 1270 ita
250 1246 377 1283 agam,
409 1242 452 1272 ut
480 1235 636 1285 planum
667 1235 817 1279 faciam,
847 1247 970 1283 neque
999 1234 1235 1283 impietatem
1274 1233 1389 1269 ullam
1417 1246 1439 1270 a
1471 1246 1531 1268 me

87 1293 332 1331 commissam
366 1308 467 1340 esse,
494 1309 620 1346 neque
658 1302 876 1333 consortem
907 1294 1113 1344 impietatis
1144 1306 1363 1343 quenquam
1391 1293 1533 1331 indica-

84 1361 179 1398 tum,
199 1367 322 1405 neque
338 1368 423 1394 mea
439 1363 580 1394 memet
596 1355 837 1394 consessione
864 1368 979 1405 super
1003 1355 1076 1392 hoc
1103 1354 1255 1404 quidem
1275 1355 1430 1391 crimine
1448 1367 1532 1404 gra-

85 1424 212 1452 vatum
233 1430 330 1463 esse,
348 1430 476 1468 neque
496 1418 585 1455 mihi
608 1425 783 1456 constare
809 1429 945 1455 verane
966 1416 1043 1453 sint
1061 1429 1110 1454 an
1137 1416 1251 1461 falsa,
1272 1429 1358 1466 quae
1383 1415 1530 1453 indices

83 1477 132 1516 de
152 1479 458 1529 profanatoribus
480 1493 674 1518 sacrorum
695 1478 975 1517 Eleusiniorum
996 1477 1231 1515 retulerunt:
1260 1477 1344 1514 haec
1365 1484 1456 1514 sunt
1475 1489 1533 1523 ea,

83 1541 266 1592 quaejam
286 1556 388 1582 nunc
407 1556 476 1581 vos
496 1542 658 1581 docebo.

139 1604 176 1640 3.
207 1603 428 1642 Habebatur
446 1617 491 1642 ea
506 1605 654 1650 concio,
669 1616 746 1654 qua
761 1605 944 1642 mandata
962 1611 1091 1642 essent
1112 1602 1242 1640 danda
1259 1602 1396 1640 creatis
1418 1601 1532 1651 paulo

84 1669 172 1701 ante
182 1664 471 1715 imperatoribus
481 1666 616 1704 classis
625 1666 662 1703 in
673 1665 839 1704 Siciliam
851 1666 1182 1710 mittendae,Niciae
1193 1672 1286 1715 puta
1295 1673 1332 1702 et
1342 1665 1531 1702 Lamacho

85 1732 123 1763 et
135 1726 340 1765 Alcibiadi:
359 1731 439 1776 Jam
453 1728 611 1766 triremis
624 1728 701 1772 illa,
716 1741 804 1779 quae
816 1728 1080 1778 imperatorem
1096 1726 1328 1764 Lamachum
1345 1725 1433 1762 illuc
1449 1734 1531 1762 erat

83 1795 321 1838 pervectura,
336 1796 443 1826 extra
456 1798 607 1840 portum
621 1791 747 1828 stabat
766 1791 803 1827 in
820 1789 1004 1828 anchora:
1030 1789 1081 1827 ibi
1097 1787 1348 1837 Pythonicus,
1363 1800 1450 1825 cum
1472 1800 1531 1824 as-

86 1848 388 1894 surrexisset,ita
400 1863 485 1887 curn
498 1851 640 1902 populo
653 1851 752 1902 egit:
780 1851 845 1888 Vo
856 1864 873 1889 s
893 1864 918 1901 q
929 1851 1083 1889 uidem
1098 1849 1250 1900 (inquit)
1266 1848 1448 1886 exercit
1461 1861 1483 1885 u
1494 1861 1531 1885 m

87 1910 328 1960 ablegatis
349 1919 528 1949 tantum
553 1919 686 1951 tanto
712 1926 816 1950 cum
846 1920 1092 1963 apparatu,
1113 1918 1159 1949 et
1186 1918 1373 1949 tantum
1400 1910 1531 1947 adire

87 1971 241 2020 parati
267 1972 384 2010 estis
409 1973 695 2024 periculum:
723 1987 812 2023 ego
830 1986 941 2011 vero
967 1974 1159 2024 planum
1180 1972 1316 2009 vobis
1343 1970 1530 2014 faciam,

86 2030 426 2081 imperatorem
458 2042 667 2071 vestrum
699 2034 1004 2073 Alcibiadem
1039 2046 1178 2072 sacra
1206 2031 1455 2069 Eleusinia
1486 2032 1532 2068 in

85 2092 221 2132 domo
242 2096 431 2145 quadam
456 2109 546 2135 una
564 2110 665 2134 cum
685 2097 793 2135 aliis
811 2097 1096 2148 quibusdam
1116 2094 1364 2136 factitare3
1387 2102 1431 2131 et
1451 2107 1530 2131 vos

83 2154 132 2191 id
162 2155 199 2192 si
223 2156 456 2201 feceritis,
485 2162 619 2206 cujus
645 2171 734 2209 ego
754 2159 884 2197 vobis
903 2165 1073 2196 auctor
1099 2169 1211 2201 sum,
1230 2163 1278 2193 ut
1305 2155 1531 2193 sciscatis

81 2215 271 2267 impune
302 2218 342 2256 ei
372 2219 471 2256 fore
504 2232 640 2269 quem
668 2233 754 2270 ego
787 2220 930 2272 hujus
962 2219 1168 2258 sceleris
1199 2218 1404 2255 indicem
1430 2231 1531 2268 pro-

85 2276 278 2326 duxero,
308 2280 568 2330 producam
608 2281 665 2318 ad
704 2294 784 2319 vos
815 2294 999 2320 servum
1031 2279 1241 2330 alicujus
1270 2279 1360 2316 viri
1394 2278 1529 2326 clari,

84 2337 170 2377 hac
207 2340 254 2377 in
294 2342 530 2379 concione
571 2355 723 2381 coram
754 2343 1029 2389 assidentis,
1058 2342 1137 2392 qui
1168 2353 1346 2386 servus,
1376 2340 1533 2378 initia-

84 2407 159 2438 tus
190 2414 292 2439 cum
320 2415 412 2439 non
446 2403 520 2449 sit,
550 2410 706 2442 tamen
736 2417 1016 2442 arcanorum
1047 2415 1292 2441 sacrorum
1323 2402 1531 2439 eaerimo-

82 2460 187 2499 nias
207 2475 370 2501 omnes
393 2464 530 2502 vobis
550 2465 807 2503 enarrabit.
868 2465 1004 2508 Quod
1027 2465 1066 2502 si
1087 2477 1253 2501 servus
1272 2463 1356 2500 ille
1375 2464 1530 2500 minus

83 2522 268 2568 fecerit,
290 2537 448 2576 eoque
477 2538 563 2576 ego
589 2526 828 2564 mendacii
857 2526 980 2564 dicti
1008 2525 1286 2571 convincar,
1315 2524 1372 2562 do
1393 2525 1531 2561 vobis

84 2585 301 2635 corporis
339 2587 427 2624 mei
456 2594 768 2637 potestatem,
816 2595 866 2626 ut
903 2588 958 2626 de
994 2600 1061 2625 me
1102 2585 1428 2638 quodcunque
1463 2599 1533 2622 vo-

85 2641 197 2682 letis
226 2647 477 2686 statuatis.
535 2648 634 2686 Haec
666 2649 915 2701 Pythonicus.
974 2649 1046 2686 Cui
1077 2662 1165 2685 cum
1197 2647 1262 2683 diu
1296 2645 1532 2696 multumque

86 2704 288 2746 oblocutus
315 2716 420 2747 esset
457 2709 691 2755 Alcibiades,
726 2712 867 2749 factum
914 2710 1158 2761 pertinaciter
1189 2708 1371 2754 insitiens,
1407 2708 1530 2746 visum

85 2764 157 2803 fuit
183 2770 402 2819 prytanibus
431 2771 641 2810 discessum
667 2785 686 2810 e
721 2773 907 2810 concione
933 2786 1010 2809 non
1033 2770 1188 2809 initiatis
1217 2770 1431 2820 imperare3
1461 2770 1532 2820 ipsi

84 2833 213 2865 autem
233 2829 282 2866 ad
301 2843 458 2880 puerum
472 2834 593 2880 ibant,
614 2834 662 2871 ad
685 2847 797 2882 quem
818 2833 1055 2884 Pythonicus
1076 2846 1141 2869 eos
1172 2831 1392 2881 ablegabat.
1450 2831 1527 2869 Re-

83 2888 181 2926 versi
210 2890 247 2926 in
284 2892 501 2931 concionem
543 2908 670 2933 secum
704 2895 952 2933 adducebant
986 2907 1134 2931 servum
1169 2892 1431 2931 Polemarchi:
1463 2892 1524 2929 cui

794 2970 820 2992 M
