1822 3219
207 182 283 220 338
553 179 722 218 LYSIAE
750 179 977 218 CONTRA
1008 179 1322 218 ERGOCLEM.

205 281 324 320 nostri
353 281 601 332 magistratus
629 288 720 319 sunt
744 281 900 326 faciunt,
933 286 976 318 ut
1006 278 1129 317 multo
1154 291 1257 318 nunc
1285 279 1424 318 diriora
1451 279 1658 318 toleremus

204 355 319 394 quarn
339 355 509 393 unquam
531 344 578 381 ab
597 342 688 393 ipsis
710 343 885 380 hostibus
906 341 1168 379 toleravimus.

255 407 293 442 4.
327 404 445 454 Atqui
468 404 599 448 nostis,
613 404 651 440 in
672 404 747 441 fide
765 411 881 454 atque
902 402 1106 440 sanctitate
1128 407 1343 440 vestrorum
1362 400 1658 452 magistratuum

203 466 356 503 unicam
376 465 485 502 vobis
511 477 712 515 superesse
735 476 842 514 spem
862 463 1012 507 salutis,
1033 475 1155 513 eaque
1175 463 1211 500 in
1232 469 1340 513 parte
1361 463 1391 500 si
1418 462 1542 500 minus
1569 474 1657 513 pro-

205 539 318 577 spera
339 527 494 564 fortuna
525 525 700 571 utamini,
719 537 786 563 vos
814 525 989 562 funditus
1014 530 1053 562 et
1077 524 1172 561 citra
1197 537 1304 574 spem
1335 523 1495 574 perisse.
1553 523 1658 566 Qua-

203 594 357 639 propter
377 599 531 638 aequum
559 586 799 637 dignumque
822 585 927 624 vobis
958 592 1030 630 est,
1055 585 1222 636 judices,
1249 592 1292 622 ut
1319 584 1390 635 ipsi
1418 597 1487 622 vos
1518 584 1659 622 mutuis

202 648 534 686 adhortationibus
555 647 775 685 accendatis
797 646 846 684 ad
864 659 998 697 poenas
1028 647 1075 683 ab
1104 645 1162 683 his
1190 645 1420 683 sumendum
1444 657 1535 696 quae
1561 644 1660 682 sumi

201 715 370 760 possunt
388 709 630 753 saevissimas,
649 715 688 745 et
708 708 757 745 ad
779 707 1081 745 confirmandum
1109 707 1264 756 reliquis
1291 706 1438 744 Graecis
1457 719 1525 744 vos
1551 706 1661 744 datas

201 770 336 807 noxias
353 769 391 805 in
411 769 641 806 nocentibus
662 769 830 818 exsequi,
844 776 883 806 et
897 768 995 806 velle
1015 768 1236 817 hujusmodi
1256 767 1440 818 exemplis
1459 766 1661 817 magistra·

200 836 262 867 tus
282 837 430 867 vestros
451 828 501 866 ad
523 828 797 866 continentiam
814 836 853 866 et
866 829 1081 866 honestatis
1099 829 1268 866 studium
1285 840 1481 865 revocare:
1505 827 1543 865 id
1555 827 1660 877 quod

200 889 274 928 hoc
295 899 408 940 pacto
425 889 637 927 certissime
658 889 737 926 fiet.
796 889 845 926 Et
873 888 923 926 ad
948 889 1032 926 haec
1060 901 1136 938 ego
1155 901 1220 926 vos
1251 888 1429 938 equidem
1457 888 1659 926 adhortor:

201 963 269 988 vos
287 957 413 988 autem
434 956 561 988 certos
581 955 733 1000 oportet
751 962 849 994 esse,
863 962 959 986 meae
979 949 1135 999 quidem
1149 949 1180 986 si
1193 948 1416 986 concedatis
1430 948 1661 993 auctoritati,

200 1023 269 1049 vos
290 1011 434 1061 optime
454 1009 642 1047 vobismet
660 1009 752 1060 ipsis
773 1022 858 1046 esse
873 1009 1140 1053 consulturos;
1172 1009 1230 1046 sin
1251 1014 1379 1045 autem
1400 1008 1541 1054 minus,
1552 1009 1659 1058 pejo-

203 1072 308 1109 ribus
340 1071 488 1108 civibus
515 1083 668 1108 usuros.
726 1070 933 1114 Praeterea‚
955 1070 1227 1114 Athenienses,
1245 1069 1391 1106 nullam
1411 1069 1517 1106 vobis
1543 1068 1662 1108 habe-

201 1135 299 1172 bunt
320 1133 487 1172 absoluti
507 1133 683 1184 gratiam,
704 1132 773 1170 sed
798 1145 950 1170 omnem
978 1132 1143 1169 nummis
1164 1132 1316 1177 vestris,
1341 1144 1438 1181 quos
1457 1126 1661 1172 ex'aerario

201 1201 330 1233 vestro
348 1207 437 1233 cum
458 1201 588 1232 essent
607 1193 734 1239 furati,
755 1206 858 1230 nunc
878 1199 1024 1244 partem
1045 1205 1176 1230 eorum
1197 1193 1235 1230 in
1265 1187 1486 1242 largitiones
1513 1193 1660 1231 insum-

201 1263 373 1306 pserunt,
395 1256 535 1305 quibus
561 1261 720 1305 sperant
743 1254 897 1305 judices
925 1253 1189 1305 hujusjudicii
1214 1260 1437 1304 corruptum
1456 1253 1518 1291 iri:
1547 1255 1661 1293 relin—

202 1317 329 1366 quetis
359 1316 488 1366 itaque
510 1316 618 1353 vobis
644 1315 801 1366 quidem
825 1328 944 1366 penes
970 1328 1037 1352 eos
1056 1315 1284 1359 simultates,
1303 1327 1390 1352 cum
1408 1313 1576 1354 minaces
1595 1328 1660 1354 ve-

202 1385 302 1414 stros
335 1376 465 1414 vultus
498 1376 739 1426 tabellasque
772 1375 821 1413 ad
855 1377 914 1413 sui
946 1375 1309 1413 condemnationem
1340 1375 1421 1425 jam
1458 1376 1658 1427 expeditas

201 1438 527 1481 recordabuntur;
550 1437 605 1475 illi
621 1445 749 1475 autem
764 1436 1030 1487 largitionibus
1045 1437 1122 1474 suis
1139 1437 1304 1474 salutem
1317 1449 1426 1474 suam
1440 1436 1479 1474 in
1492 1438 1662 1489 acceptis

199 1500 378 1538 referent.
437 1500 615 1550 Denique
640 1512 775 1549 poenas
803 1499 850 1536 ab
874 1499 933 1536 his
959 1511 1047 1536 cum
1070 1499 1252 1549 repetetis
1280 1498 1561 1546 acerbissimas,
1579 1507 1659 1538 tum

199 1559 364 1604 facietis,
385 1567 429 1598 ut
447 1560 815 1597 Halicarnassenses
834 1572 1004 1610 quoque,
1017 1565 1057 1597 et
1076 1559 1107 1596 si
1127 1559 1193 1609 qui
1212 1559 1275 1596 alii
1296 1557 1396 1596 male
1415 1559 1463 1597 ab
1483 1559 1542 1598 his
1560 1560 1662 1599 mul·

201 1620 277 1659 cati
309 1628 415 1667 sunt,
434 1621 668 1666 existiment,
689 1634 758 1671 per
786 1620 857 1658 hos
886 1621 1043 1671 quidem
1075 1633 1117 1658 se
1149 1621 1310 1671 perisse,
1340 1633 1408 1673 per
1434 1633 1502 1658 vos
1531 1629 1662 1660 autem

202 1689 376 1721 servatos
395 1695 502 1721 esse:
529 1683 586 1720 sin
609 1689 738 1723 autem
756 1682 827 1720 hos
847 1681 1063 1727 servabitis,
1077 1681 1171 1718 nulli
1186 1681 1421 1718 dubitabunt
1437 1681 1530 1719 socii
1543 1683 1660 1720 vestri

203 1755 292 1780 cum
313 1743 572 1794 proditoribus
593 1743 672 1780 suis
694 1755 760 1780 vos
792 1742 1010 1780 collusisse.
1068 1742 1198 1785 Quare
1224 1741 1419 1786 convenit,
1440 1754 1521 1788 vos,
1541 1743 1660 1782 Athe-

204 1804 373 1850 nienses,
399 1804 536 1842 horum
565 1803 735 1842 omniurn
764 1815 964 1848 memores,
995 1815 1073 1841 una
1099 1809 1138 1840 et
1163 1802 1296 1840 amicis
1327 1802 1463 1842 vestris
1493 1802 1660 1842 debitam

205 1865 347 1904 referre
368 1865 529 1917 gratiam
552 1871 592 1904 et
611 1878 634 1903 a
652 1863 879 1903 facinorosis
898 1863 1071 1922 meritam
1091 1876 1246 1915 poenam
1263 1862 1429 1915 exigere.
