1822 3219
214 190 288 226 154
450 184 617 223 LYSIAE
648 183 754 224 pao
785 182 946 221 CAEDE
979 163 1419 219 ERATOST'HENIS.

213 288 360 326 nullam
386 285 621 325 invenietis.
672 286 809 336 Neque
841 285 942 323 enim
967 283 1034 321 ille
1062 295 1123 321 me
1151 294 1323 333 unquam
1355 280 1565 332 majestatis
1598 285 1667 317 aut

211 347 484 399 perduellionis
512 360 617 386 reum
638 348 731 397 egit,
755 347 792 384 id
818 346 923 396 quod
953 345 1205 396 sycophantae
1235 343 1362 382 facere
1388 342 1526 388 solent,
1545 354 1668 393 neque

212 409 338 460 patria
355 421 417 446 me
436 408 627 459 expellere
644 407 806 451 studuit,
825 419 949 456 neque
970 405 1125 456 privatis
1142 405 1191 443 de
1210 404 1338 442 causis
1357 403 1398 441 in
1421 395 1506 441 soro
1518 412 1670 441 mecum

213 470 387 515 certavit,
414 482 540 520 neque
566 468 746 506 facinoris
774 469 1006 517 cujusquam
1035 466 1125 504 mihi
1152 466 1225 504 fuit
1250 464 1443 510 conscius,
1463 463 1570 514 quod
1597 475 1672 513 ego

213 537 389 570 metuens
421 544 468 568 ne
497 543 563 581 per
591 542 678 567 eum
709 528 758 567 ad
788 528 987 566 hominum
1009 539 1232 578 quenquam
1263 531 1478 569 emanaret,
1498 524 1604 562 illum
1625 524 1675 561 de

215 592 343 630 medio
362 592 496 630 tollere
516 590 766 634 studuissem,
785 602 910 639 neque
931 588 1102 633 tandem,
1118 587 1182 625 ubi
1203 585 1545 637 pollicitationibus
1560 584 1680 622 silen-

216 653 311 690 tium
330 652 412 703 ejus
430 651 521 688 mihi
547 650 782 699 obligassem
802 656 845 687 ut
864 649 1013 687 scelera
1031 661 1117 687 mea
1136 648 1291 688 occulta
1306 661 1421 698 penes
1441 659 1483 685 se
1502 647 1678 691 haberet,

220 727 328 765 spem
348 714 430 764 ejus
455 712 619 763 pecunia
641 711 832 762 promissa
852 710 1045 748 fraudavi:
1075 723 1165 748 nam
1187 723 1291 761 saepe
1310 711 1354 747 fit
1372 722 1439 760 per
1458 707 1680 759 hujusmodi

221 787 376 820 causas,
403 781 446 811 ut
464 773 528 811 alii
556 772 640 810 aliis
659 772 817 810 exitium
840 771 1120 809 machinentur.
1173 771 1345 809 Tantum
1364 783 1476 821 porro
1496 771 1618 814 abest,
1638 774 1683 806 ut

222 842 290 874 aut
308 834 524 874 convicium
545 840 613 872 aut
631 833 713 870 rixa
740 846 808 884 per
837 832 1100 871 temulentiam
1126 837 1194 869 aut
1213 831 1332 869 ullum
1353 830 1458 869 aliud
1477 829 1681 868 discidium

224 896 334 934 nobis
353 894 624 939 intercesserit,
644 900 688 931 ut
709 895 837 944 potius
863 893 1056 931 hominem
1076 893 1180 930 hunc
1199 905 1395 943 nunquam
1415 899 1530 930 antea
1552 888 1684 941 quoad

226 955 469 995 commemini
497 955 556 993 his
583 955 706 993 oculis
726 954 898 999 viderim,
923 953 992 991 sed
1024 953 1090 991 illa
1113 953 1269 991 demum
1301 959 1416 991 nocte
1445 953 1609 1003 primum
1643 957 1684 988 et

229 1017 493 1055 novissimum.
535 1015 715 1059 Quonam
725 1015 927 1065 igiturego
942 1013 1105 1051 consilio
1122 1019 1270 1050 tantum
1286 1012 1489 1050 discrimen
1503 1011 1684 1056 adissem,

229 1078 300 1115 nisi
324 1076 498 1124 injuriam
518 1082 679 1121 tantam,
697 1082 882 1126 quantam
900 1074 1016 1112 homo
1041 1075 1089 1112 ab
1109 1074 1266 1112 homine
1286 1073 1491 1110 maximam
1510 1072 1689 1122 accipere

231 1144 374 1190 potest,
395 1138 442 1175 ab
469 1149 515 1175 eo
534 1135 801 1184 accepissem?
832 1135 971 1186 Neque
991 1134 1084 1173 satis
1105 1133 1329 1172 habuissem
1347 1133 1431 1184 ipse
1450 1145 1510 1171 me
1529 1131 1689 1171 claude-2

231 1199 333 1237 stino
357 1198 502 1237 scelere
531 1197 719 1248 polluere,
738 1196 809 1234 sed
836 1196 950 1234 etiam
971 1195 1066 1233 alios
1095 1194 1195 1233 ultro
1222 1194 1426 1245 impietatis
1449 1205 1547 1232 meae
1566 1198 1688 1230 testes

230 1261 379 1298 futuros
400 1258 706 1298 convocassem'?
734 1258 799 1296 ubi
815 1257 987 1295 licuisset
1005 1257 1132 1294 scelus
1153 1257 1234 1294 sine
1254 1262 1350 1294 teste
1376 1263 1541 1307 patrare,
1559 1254 1592 1293 si
1605 1254 1692 1305 quia

232 1321 321 1358 dem
342 1320 490 1358 animus
509 1320 627 1358 semel
643 1319 804 1370 gestiret
819 1331 904 1356 eum
926 1318 976 1356 de
997 1317 1122 1355 medio
1141 1317 1288 1355 tollere.

292 1383 353 1419 ll.
384 1383 469 1432 Ego
501 1381 696 1432 equidem,
731 1380 813 1426 viri,
844 1379 1052 1417 vindictam
1084 1378 1187 1416 hanc
1214 1377 1306 1415 mihi
1329 1377 1462 1416 videor
1487 1382 1692 1415 exsecutus

232 1457 319 1481 esse
356 1443 577 1494 injuriarum
610 1454 688 1479 non
718 1440 811 1478 mihi
845 1440 916 1477 soli
945 1440 1174 1483 oblatarum,
1203 1438 1274 1476 sed
1307 1437 1496 1475 universae
1527 1437 1693 1475 civitatis

234 1504 398 1542 nomine.
457 1502 593 1540 Dediti
611 1501 713 1540 enim
731 1500 838 1538 malis
852 1499 1076 1550 hujusmodi
1091 1499 1228 1537 studiis
1243 1510 1332 1535 cum
1351 1498 1550 1544 videbunt,
1566 1496 1696 1549 qualia

235 1572 370 1615 parata
396 1564 472 1600 sint
488 1561 711 1613 hujusmodi
735 1560 967 1598 facinoribus
984 1560 1157 1610 praemia,
1177 1558 1301 1597 minus
1321 1559 1520 1596 audebunt
1542 1559 1581 1596 in
1598 1558 1697 1596 alios

237 1623 446 1663 insolentia
461 1631 578 1673 atque
598 1622 743 1672 injuriis
764 1620 943 1671 grassari,
960 1620 1149 1664 videntes,
1168 1631 1237 1657 vos
1257 1632 1412 1670 quoque
1431 1631 1562 1670 parem
1576 1618 1617 1657 in
1636 1630 1698 1657 se-

239 1686 440 1724 veritatem
460 1683 663 1721 exarsisse.
723 1682 790 1719 Sin
811 1688 938 1719 autem
953 1681 1093 1726 minus,
1117 1680 1237 1718 multo
1255 1687 1337 1718 erat
1351 1681 1471 1719 satius
1483 1681 1590 1732 leges
1604 1681 1699 1718 fixas

242 1745 350 1796 refigi
371 1752 487 1795 atque
515 1744 686 1794 expungi
709 1742 824 1793 plane
858 1742 1020 1793 aliisque
1047 1742 1287 1786 commutari,
1317 1755 1404 1793 quae
1428 1756 1519 1781 cum
1545 1742 1701 1781 maritos

245 1806 421 1844 mulctari
434 1806 615 1856 jubeant,
629 1805 661 1841 si
677 1804 743 1855 qui
759 1816 900 1841 uxores
917 1802 1152 1849 custodiant,
1165 1809 1246 1840 tum
1260 1803 1419 1842 liberam
1432 1803 1478 1842 iis
1491 1803 1704 1842 decernant

244 1873 477 1918 potestatem
505 1866 775 1917 impunemque
795 1864 1001 1910 licentiam,
1017 1864 1050 1902 si
1063 1863 1129 1916 qui
1149 1870 1345 1903 matronas
1373 1865 1514 1916 stupris
1532 1864 1705 1916 polluere

247 1930 431 1967 audeant.
479 1927 607 1965 Multo
622 1926 723 1965 enim
740 1926 812 1963 hoc
825 1926 925 1965 foret
938 1938 1051 1976 aequo
1059 1925 1136 1976 juri
1151 1925 1455 1971 convenientius,
1470 1937 1587 1975 quam
1599 1925 1704 1964 cives

250 1992 297 2029 ab
330 1991 374 2028 iis
407 1989 557 2039 legibus
590 1988 729 2038 quibus
756 1987 924 2025 serviunt
949 1987 988 2024 in
1017 1986 1196 2036 laqueum
1227 1986 1412 2037 pertrahi,
1445 1986 1706 2025 sancientibus

248 2051 404 2101 quidem
423 2049 499 2087 illis
519 2056 636 2099 atque
655 2048 912 2092 edicentibus‚
933 2048 1155 2100 quicunque
1184 2047 1374 2085 moechum
1400 2046 1708 2098 deprehenderit,

250 2112 285 2150 ei
304 2112 418 2149 licere
437 2110 620 2160 quicquid
640 2109 803 2147 voluerit
822 2109 859 2146 in
875 2121 963 2147 eum
991 2115 1178 2146 statuere:
1209 2114 1472 2145 verumtamen
1498 2108 1709 2146 certamina

249 2171 419 2210 forensia
437 2171 476 2209 in
495 2170 712 2219 hujusmodi
735 2169 862 2207 causis
886 2169 1123 2208 decertanda
1140 2169 1444 2219 proponentibus
1465 2168 1584 2206 multo
1603 2180 1709 2206 acer-

252 2233 359 2270 biora
377 2231 551 2282 injuriam
567 2230 704 2281 passiS,
731 2243 846 2280 quam
868 2230 941 2275 his,
963 2231 1041 2280 qui,
1062 2229 1210 2279 legibus
1232 2229 1358 2267 invitis
1383 2235 1423 2266 et
1449 2228 1712 2267 interdicenti-

254 2295 341 2336 bus,
362 2292 505 2329 alienas
526 2303 667 2329 uxores
687 2291 995 2329 comminxerint.
1052 2291 1136 2340 Ego
1157 2289 1256 2328 enim
1283 2302 1385 2327 nunc
1410 2288 1459 2326 de
1488 2289 1614 2339 capite
1635 2288 1712 2327 for-

256 2354 437 2403 tunisque
466 2353 560 2391 meis
579 2359 619 2391 et
642 2365 884 2403 quaecunque
914 2351 1006 2390 mihi
1027 2364 1116 2391 cara
1145 2358 1236 2390 sunt
1261 2351 1349 2390 ideo
1380 2350 1585 2403 periclitor,
1604 2351 1712 2401 quod

261 2414 394 2466 patriae
412 2413 561 2463 legibus
581 2412 860 2452 obsecundavi.
