1822 3219
469 119 696 158 CONTRA
726 118 1195 156 ERATOSTHENEM.
1493 121 1573 157 219

104 225 257 274 busque
293 224 536 262 contumeliis
573 230 688 273 atque
726 221 871 274 injuriis
909 220 1229 264 offendissemus3
1265 233 1486 272 quanquam
1521 221 1574 259 ita

106 286 155 323 de
186 287 342 324 civitate
371 293 499 323 vestra
535 285 658 322 meriti
691 297 767 322 non
806 295 958 320 eramus
995 289 1038 318 ut
1068 281 1171 320 hanc
1203 282 1418 320 mercedem
1457 282 1572 320 ferre-

105 360 190 384 mus
211 348 258 384 ab
288 347 361 384 illis
389 345 504 384 studii
534 358 627 395 erga
656 344 934 395 rempublicam
962 356 985 380 a
1009 343 1118 380 nobis
1140 342 1269 379 multis
1291 344 1412 381 modis
1442 344 1572 382 decla-

105 409 189 453 rati,
218 407 408 457 choregiis
440 406 555 443 nullis
590 419 667 444 non
700 406 824 443 functi
859 417 1026 451 eramus,
1058 404 1257 454 permultis
1292 418 1447 455 quoque
1477 419 1568 443 con·

103 469 374 507 tributionibus
402 467 624 518 spontaneis
645 476 858 517 egestatem
878 466 1068 517 publicam
1089 466 1443 510 sublevaveramus,
1464 466 1566 516 ipsos

101 544 172 568 nos
203 529 392 579 pudentes
414 537 530 579 atque
562 530 707 567 sobrios
737 540 995 579 gesseramus,
1018 527 1203 577 imperata
1233 526 1363 564 omnia
1393 528 1567 564 exsecuti

99 603 264 634 eramus,
292 591 506 628 simultates
537 604 625 628 cum
652 591 803 627 nemine
829 589 943 638 culpa
970 596 1102 625 nostra
1130 595 1460 632 contraxeramus,
1489 601 1565 625 non

95 665 240 702 paucos
262 660 398 690 contra
417 653 553 690 civium
581 651 874 689 Atheniensium
901 649 1075 700 captivos
1097 649 1218 686 factos
1241 649 1405 686 nummiS
1426 649 1565 686 nostris

30 720 39 723 ⁷
93 725 141 751 ex
157 713 325 751 hostium
343 721 535 765 potestate
552 713 859 754 redemeramus;
891 711 1072 760 denique,
1089 710 1262 761 inquilini
1275 724 1364 748 cum
1380 724 1564 754 essemus,

93 776 284 826 ejusmodi
301 789 388 813 cum
406 776 574 812 moribus
593 774 734 811 versati
750 773 946 810 fueramus
961 772 998 808 in
1017 772 1230 822 republica,
1246 779 1289 808 ut
1303 784 1427 808 mores
1444 772 1562 809 nostri

91 844 175 874 toto
196 837 295 875 coelo
322 837 508 874 distarent
531 837 580 874 ab
606 837 765 873 istorum
791 834 963 871 moribus
990 833 1055 882 qui
1082 833 1185 870 cives
1209 833 1290 870 nati
1308 840 1451 870 essent.
1511 832 1561 869 Hi

91 897 193 935 enim
213 897 351 935 civium
373 910 527 934 suorum
549 896 761 947 permultos
782 908 804 932 a
825 908 865 932 se
897 894 979 931 solo
999 894 1122 943 patrio
1143 893 1327 944 expulsos
1347 901 1561 944 coegerunt

91 958 261 996 hostium
287 959 326 996 in
357 959 440 996 solo
471 958 698 1000 considere;
732 957 871 994 multos
893 970 914 993 a
936 969 978 994 se
1010 969 1075 1006 per
1105 970 1298 994 summum
1325 957 1433 994 nefas
1460 957 1560 994 inte-

91 1028 260 1071 remptos
291 1021 409 1071 justis
430 1020 575 1057 funeris
598 1019 850 1060 fraudarunt;
889 1018 1047 1062 multos,
1077 1019 1217 1068 quibus
1236 1032 1281 1056 ea
1309 1019 1447 1056 fuisset
1469 1019 1558 1056 vitae

90 1079 280 1131 famaeque
307 1082 474 1131 dignitas
510 1089 552 1118 ut
582 1088 622 1118 et
646 1080 734 1131 jure
764 1081 1018 1131 petendorum
1050 1080 1240 1118 honorum
1272 1081 1490 1130 gauderent
1521 1090 1560 1119 et

91 1143 270 1190 gerendis
290 1142 497 1180 honoribus
519 1142 667 1179 habiles
695 1142 942 1181 haberentur.
962 1142 1086 1191 capite
1109 1142 1344 1187 minuerunt,
1364 1142 1502 1192 etjure
1520 1144 1557 1180 in

88 1202 170 1239 foro
197 1204 324 1240 standi
355 1211 393 1240 et
426 1204 461 1240 in
497 1204 582 1240 luce
615 1203 838 1253 reipublicae
871 1203 1049 1240 versandi
1083 1203 1321 1253 spoliarunt;
1350 1203 1554 1241 multorum

88 1262 186 1300 filias
205 1265 372 1308 nubiles,
400 1264 436 1300 in
459 1265 542 1314 ipsa
569 1277 635 1314 spe
667 1263 988 1314 amplissimarum
1019 1264 1286 1301 conditionum
1318 1264 1552 1310 uxmiarum,

86 1335 132 1360 eo
153 1324 397 1362 obscuritatis
425 1332 539 1374 atque
561 1325 723 1362 miseriae
750 1325 1025 1375 depresserunt
1045 1332 1086 1362 ut
1113 1325 1253 1362 elocari
1276 1339 1351 1362 non
1372 1338 1551 1376 possent;

85 1397 132 1422 eo
152 1386 319 1436 denique
339 1395 613 1437 processerunt
634 1386 884 1437 impudentiae
903 1394 943 1424 et
962 1387 1150 1431 audaciae‚
1171 1396 1213 1424 ut
1233 1388 1282 1424 ad
1302 1401 1367 1425 vos
1389 1389 1554 1438 prodire,

85 1447 214 1484 vultus
235 1455 385 1485 vestros
408 1448 506 1485 ferre
527 1456 565 1484 et
586 1461 741 1486 causam
764 1449 899 1498 capitis
922 1448 1049 1485 dicere
1077 1449 1308 1494 sustineant,
1330 1458 1553 1501 negentque

84 1521 126 1546 se
146 1509 236 1546 mali
256 1510 464 1559 quicquam
495 1509 735 1547 commisisse
759 1509 870 1560 cujus
890 1523 931 1547 se
957 1511 1102 1560 pudere
1131 1517 1319 1559 oporteat.
1378 1511 1413 1547 O
1435 1525 1549 1561 quam

82 1582 156 1619 ego
176 1570 291 1607 velim
312 1570 396 1607 haec
410 1570 606 1621 jactantes
634 1584 699 1607 eos
722 1583 798 1607 non
822 1571 995 1608 mentiri!
1026 1584 1114 1608 nam
1135 1571 1184 1608 ad
1205 1584 1264 1608 me
1284 1585 1386 1622 quoq
1396 1587 1441 1610 ue
1464 1588 1550 1623 pars

81 1630 208 1669 laudis
236 1631 350 1683 hujus
380 1645 500 1682 eaque
525 1644 602 1668 non
629 1632 784 1669 minima
811 1632 1031 1682 pertineret.
1090 1632 1177 1669 Jam
1197 1645 1285 1670 vero
1307 1646 1431 1684 neque
1457 1648 1550 1686 erga

83 1693 355 1742 rempublicam
378 1706 503 1744 neque
524 1707 617 1743 erga
633 1707 691 1731 me
706 1694 855 1744 jactare
875 1693 1012 1731 laudes
1026 1702 1101 1731 tam
1122 1694 1255 1732 inanes
1273 1701 1312 1732 et
1327 1703 1406 1732 tam
1423 1709 1550 1735 emen-

82 1751 172 1789 titas
187 1761 371 1803 possunt;
404 1754 519 1803 longe
541 1756 651 1792 aliter
670 1762 709 1792 et
729 1755 776 1792 de
798 1755 997 1806 republica
1019 1764 1058 1793 et
1078 1755 1126 1793 de
1148 1769 1206 1793 me
1227 1757 1400 1807 privatim
1425 1759 1549 1797 meriti

83 1820 198 1852 sunt:
226 1814 381 1851 fratrem
412 1815 511 1853 enim
542 1830 683 1862 meum,
712 1816 750 1853 id
780 1817 884 1866 quod
914 1817 1028 1854 modo
1054 1817 1206 1854 memini
1233 1831 1293 1855 me
1323 1820 1547 1869 praedicare,

82 1874 143 1912 hic
158 1875 435 1914 Eratosthenes
452 1877 537 1915 neci
556 1877 677 1922 dedit,
695 1891 819 1928 neque
833 1879 980 1928 privata
994 1879 1072 1916 ulla
1088 1879 1168 1929 ejus
1183 1879 1317 1930 injuria
1333 1881 1414 1931 ipse
1429 1882 1545 1920 laesus

81 1948 208 1986 neque
229 1937 265 1974 in
288 1938 510 1988 reipublicae
542 1939 747 1977 commoda
776 1947 1001 1989 peccantem
1024 1953 1200 1985 cernens,
1227 1941 1296 1978 sed
1324 1942 1407 1979 sola
1435 1952 1544 1981 actus

79 2000 328 2036 contentione
348 2000 546 2037 indomitae
569 2014 648 2037 suae
669 2001 853 2050 legesque
875 2010 913 2038 et
935 2002 1175 2051 jura-omnia
1203 2004 1420 2052 aspernanti
1443 2005 1547 2056 cupi-

78 2058 190 2095 ditati
219 2060 466 2099 inserviendi.
525 2064 650 2104 Quem
670 2062 976 2108 Eratosthenem,
999 2077 1088 2100 cum
1104 2077 1199 2114 pace
1220 2066 1542 2116 vestra,judices‚

75 2119 113 2156 in
134 2120 236 2158 hunc
259 2124 430 2160 evocabo
456 2130 700 2173 suggestum,
721 2123 824 2160 unde
853 2137 956 2161 nunc
976 2124 1024 2161 ad
1054 2137 1122 2161 vos
1146 2126 1260 2162 verba
1288 2126 1401 2171 facio,
1423 2135 1543 2179 atque

74 2181 333 2232 interrogabo.
393 2184 572 2221 Animum
594 2184 693 2222 enim
716 2185 770 2222 sic
790 2184 924 2221 induxi
945 2198 1087 2230 meum,
1105 2195 1148 2222 ut
1163 2186 1222 2223 vel
1243 2199 1332 2224 cum
1350 2188 1424 2225 alio
1443 2203 1541 2239 quo—

75 2256 228 2293 cunque
249 2245 293 2281 iis
314 2244 362 2281 de
383 2246 496 2283 rebus
518 2259 646 2296 agere,
668 2259 755 2296 quae
779 2246 828 2283 ad
850 2246 958 2284 istius
991 2247 1155 2284 salutem
1176 2249 1361 2286 tuendam
1384 2251 1540 2296 faciant,

73 2305 184 2342 nefas
200 2313 238 2341 et
259 2305 416 2355 impium
437 2307 576 2344 ducam
595 2321 603 2350 ;
635 2321 722 2357 quae
738 2316 867 2345 autem
885 2307 956 2358 ipsi
978 2316 1127 2358 pestem
1141 2309 1305 2348 allatura
1324 2312 1539 2359 videantur,

70 2372 115 2402 ut
130 2365 178 2402 de
192 2366 235 2403 iis
248 2366 306 2403 vel
323 2379 409 2404 cum
424 2367 507 2418 ipso
531 2369 807 2415 Eratosthene,
828 2382 942 2418 agere
963 2369 1051 2406 mihi
1074 2383 1140 2418 per
1160 2370 1364 2420 religiones
1379 2373 1537 2411 deorum

59 2426 214 2464 licitum
236 2440 431 2465 censeam.
493 2429 577 2479 Age
600 2442 707 2479 erg0,
731 2430 1002 2475 Eratosthene,
1028 2430 1224 2468 adscende
1246 2432 1322 2470 huc
1343 2446 1474 2483 quaeso
1499 2442 1538 2471 et

69 2489 260 2538 responde
282 2489 373 2526 mihi
394 2490 441 2527 ad
461 2490 708 2541 interrogata.

124 2549 162 2586 6.
192 2550 449 2588 Adduxistine
465 2552 763 2590 Polemarciium
787 2552 836 2590 ad
857 2552 1157 2597 undecimviros,
1176 2567 1246 2591 nec
1268 2553 1345 2591 ne?
1403 2554 1534 2607 Magi-

73 2614 260 2647 stratuum
286 2611 442 2662 imperio
474 2613 595 2663 parui,
624 2622 730 2650 metu
751 2627 891 2664 poenae,
922 2615 952 2651 si
976 2627 1196 2651 recusarem
1226 2628 1364 2652 morem
1387 2630 1531 2667 gerere.

72 2668 347 2717 Interfuistine,
376 2687 463 2711 cum
494 2675 790 2714 deliberationes
813 2689 927 2726 super
954 2677 1064 2713 nobis
1087 2677 1122 2712 in
1147 2676 1252 2713 curia
1271 2677 1532 2717 haberentur?

70 2730 244 2768 Interfui.
309 2734 548 2773 Assensusne
568 2737 612 2774 iis
634 2751 674 2775 es
697 2738 760 2788 qui
789 2751 858 2775 nos
880 2737 1068 2774 tollendos
1089 2737 1296 2775 censebant
1323 2752 1531 2792 eorumque

69 2798 196 2843 partes
225 2794 396 2831 oratione
415 2802 481 2833 tua
507 2797 678 2842 firmasti,
700 2812 748 2835 an
769 2806 906 2837 contra
932 2797 1090 2834 dixisti?
1147 2798 1384 2838 Contradixi.
1442 2804 1531 2846 Quo

71 2867 140 2892 nos
162 2867 209 2892 ne
228 2854 518 2895 occideremur?
557 2859 645 2902 Quo
665 2873 804 2911 nempe
825 2873 872 2897 ne
893 2859 1179 2897 occideremini.
1239 2861 1412 2900 Censens
1434 2864 1532 2915 inju-
