1822 3219
206 179 278 214 148
856 178 1026 214 LYSIAE

205 277 313 323 inire,
333 288 490 315 uxorem
519 275 611 314 duxi
637 276 810 322 domum,
832 285 948 328 atque
969 278 1022 315 ita
1041 289 1101 314 me
1121 288 1212 327 erga
1232 287 1317 313 eam
1338 276 1456 326 gessi,
1479 282 1520 314 ut
1541 288 1664 326 neque

191 337 408 377 ⁷severitate
439 345 478 375 et
511 337 797 388 importunitate
833 338 1018 375 molestus
1054 337 1087 375 ei
1119 349 1243 374 essem
1277 349 1403 386 neque
1434 349 1563 374 rursus
1596 335 1668 386 ipsi

205 399 340 436 liceret
359 398 568 435 admodum
590 411 657 448 pro
679 398 832 436 arbitrio
853 411 924 436 suo
957 412 1068 448 agere
1091 410 1332 448 quaecunque
1351 397 1481 442 vellet,
1502 397 1569 434 sed
1599 398 1668 434 ob-

207 460 406 498 servabam
438 472 522 496 eam
556 473 673 509 quam
705 467 877 509 poteram
914 459 1224 509 diligentissime,
1260 459 1504 508 animumque
1535 457 1569 494 ei
1595 470 1671 507 qua

206 521 374 558 decebat
396 520 668 557 attendebam:
700 527 741 556 ut
770 527 896 557 autem
926 520 1129 570 puerulum
1160 533 1206 557 ex
1237 533 1283 557 ea
1312 531 1569 569 susceperam,
1591 518 1671 569 jam

206 581 326 619 fidere
345 581 379 618 ei
398 581 497 631 coepi
526 588 564 618 et
593 581 723 618 omnia
753 594 840 619 mea
872 581 954 631 ejus
984 581 1073 618 fidei
1105 581 1294 625 commisi,
1316 580 1540 618 existimans
1574 578 1672 617 hanc

207 641 360 679 fiduciae
391 641 764 680 demonstrationem
806 641 1074 679 familiaritatis
1111 640 1305 678 vinculum
1345 639 1601 677 arctissimum
1637 646 1676 676 et

208 702 464 740 certissimum
501 716 601 741 esse.
662 703 775 740 Initio
808 702 964 752 quidem
997 702 1125 752 igitur,
1160 701 1432 746 Athenienses,
1467 712 1563 737 uxor
1592 698 1676 737 erat

209 763 378 800 omnium
411 764 581 813 optima;
611 763 754 814 quippe
775 776 862 814 quae
882 776 960 800 rem
991 762 1239 801 domesticam
1270 761 1406 800 sedulo
1439 760 1676 810 solerterque

209 823 505 869 administraret,
526 824 740 874 frugalitati
774 824 906 862 dedita
941 823 1225 875 diligentiaeque
1256 830 1368 873 atque
1395 822 1518 860 ordini
1550 833 1676 858 rerum

209 883 378 922 omnium
410 884 577 923 tuendo:
608 898 738 923 verum
763 898 812 923 ex
843 897 919 935 quo
948 893 1068 923 mater
1094 884 1186 922 mihi
1210 884 1392 930 decessit,
1411 890 1559 921 mutata
1578 895 1675 920 uxor

210 944 247 981 in
268 945 379 994 pejus
408 951 480 982 est.
539 945 646 983 Mors
676 946 805 984 matris
836 946 947 983 malis
982 947 1076 984 meis
1110 946 1287 983 omnibus
1317 951 1468 996 portam
1500 943 1675 994 aperuit:

212 1017 309 1042 uxor
336 1006 435 1043 enim
467 1005 740 1044 sunus'socrus
760 1019 1013 1057 prosequens,
1033 1008 1080 1044 ab
1113 1007 1187 1044 hoc
1214 1005 1383 1050 homine,
1405 1003 1676 1044 Eratosthene,

211 1065 309 1102 forte
329 1066 488 1103 fortuna
506 1067 754 1117 conspicitur,
782 1079 805 1104 a
835 1080 912 1117 quo
943 1067 1193 1118 postmodum
1222 1072 1402 1116 corrupta
1431 1073 1492 1103 est
1524 1072 1563 1109 et
1590 1077 1687 1114 pes·>

214 1125 406 1172 sumdata,
425 1127 635 1165 ministerio
663 1128 831 1173 ancillae,
851 1141 928 1179 qua
949 1141 1019 1166 nos
1039 1128 1089 1166 ad
1109 1128 1379 1166 obsonandum
1400 1141 1420 1165 e
1441 1127 1525 1164 foro
1545 1127 1678 1164 uteba·

214 1200 311 1224 mur.
357 1187 470 1225 Hanc
486 1188 665 1226 ancillam
683 1189 962 1227 Eratosthenes
975 1203 1062 1227 cum
1074 1190 1318 1227 observasset
1332 1189 1446 1227 domo
1461 1194 1678 1233 exeuntem,

220 1248 463 1286 sermonibus
483 1261 705 1299 aggressus,
726 1250 1005 1287 internunciam
1027 1250 1161 1287 habuit
1180 1249 1228 1287 ad
1247 1249 1393 1287 heram.

270 1310 308 1346 3.
338 1308 400 1345 Ad
419 1321 533 1358 quam
555 1309 659 1346 initio
674 1309 827 1360 quidem
843 1310 970 1348 aditus
988 1317 1070 1348 erat
1084 1310 1199 1361 paulo
1215 1309 1453 1360 impeditior;
1483 1309 1682 1347 habitabat

217 1369 318 1407 enim
353 1369 528 1420 primitus
557 1370 595 1406 in
625 1370 783 1408 editiore
815 1371 1015 1408 tabulato:
1048 1372 1200 1421 praefari
1231 1372 1330 1408 enim
1361 1370 1434 1408 hoc
1463 1383 1523 1407 me
1543 1368 1592 1406 ad
1612 1381 1680 1405 vos

218 1442 379 1467 necesse
392 1432 467 1475 est,
478 1430 644 1477 judices,
658 1431 936 1468 domunculam
953 1431 1043 1468 mihi
1060 1445 1145 1468 csse
1160 1431 1322 1468 duarum
1336 1429 1682 1480 contignationum,

218 1490 332 1527 rebus
352 1489 530 1527 omnibus
551 1490 603 1528 ita
621 1491 719 1527 inter
738 1503 778 1527 se
798 1491 991 1535 similium,
1006 1498 1048 1528 ut
1063 1491 1238 1541 superius
1257 1498 1444 1528 secretum
1460 1487 1682 1526 mulieribus

218 1555 490 1587 consecratum
523 1553 639 1594 esset,
659 1549 836 1588 inferiora
859 1550 982 1600 spatia
1003 1551 1167 1602 negotiis
1196 1551 1356 1588 marium
1378 1549 1555 1600 gerendis
1576 1555 1683 1599 pate-

218 1616 314 1647 rent.
372 1609 431 1646 Ex
465 1623 542 1660 quo
573 1617 701 1648 autem
731 1624 825 1649 uxor
853 1611 1014 1649 filiolum
1050 1611 1277 1662 peperisset,
1311 1619 1528 1662 permutare
1559 1609 1682 1646 visum

219 1670 293 1709 fuit
321 1671 607 1715 habitationes3
639 1685 688 1710 ne
718 1673 833 1711 toties
862 1686 1022 1711 necesse
1042 1674 1202 1711 haberet
1232 1687 1317 1710 cum
1337 1672 1507 1724 periculo
1527 1684 1597 1710 suo
1617 1684 1686 1722 per

222 1731 344 1770 scalas
371 1731 420 1769 ad
455 1733 644 1770 infantem
665 1733 902 1771 descendere
924 1741 990 1771 aut
1007 1734 1212 1772 lavandum
1233 1740 1300 1771 aut
1319 1733 1419 1772 lacte
1440 1732 1682 1776 satiandum

221 1792 316 1829 uber
335 1792 435 1830 enim
455 1792 542 1843 ipsa
560 1800 682 1830 mater
702 1794 842 1832 dabat:
874 1795 928 1833 sic
958 1795 1101 1832 factum
1123 1803 1193 1839 est,
1214 1803 1254 1832 ut
1275 1808 1399 1832 rerum
1420 1808 1493 1845 ego
1513 1807 1683 1832 mearum

222 1859 436 1902 satagerem
459 1853 496 1889 in
517 1854 702 1903 superiori
722 1854 910 1900 tabulato,
931 1855 1164 1893 mulierculae
1183 1856 1221 1892 in
1242 1856 1372 1906 plano.
1427 1856 1568 1893 Tractu
1589 1863 1685 1893 tem-

221 1913 322 1964 poris
354 1914 408 1951 ita
439 1914 728 1952 insueveramus
755 1915 844 1953 huic
869 1917 979 1961 mori,
1001 1924 1042 1953 ut
1068 1929 1163 1954 uxor
1183 1930 1286 1968 saepe
1306 1924 1406 1954 totas
1434 1925 1570 1955 noctes
1590 1916 1687 1954 infe-

222 1973 308 2012 riori
328 1974 365 2011 in
387 1975 559 2013 tabulato
580 1988 700 2026 penes
721 1989 880 2026 puerum
900 1985 1086 2023 maneret,
1108 1991 1185 2028 quo
1217 1977 1425 2028 praebendo
1445 1978 1560 2014 ubere
1579 1977 1687 2027 vagi-

222 2041 351 2072 entem
372 2036 528 2086 sopiret,
585 2036 739 2074 Morem
758 2037 861 2075 hunc
881 2038 946 2075 diu
972 2051 1060 2076 cum
1081 2046 1312 2085 teneremus,
1333 2051 1406 2090 ego
1427 2046 1553 2076 tamen
1575 2037 1686 2075 malae

225 2096 388 2134 fraudis
408 2096 503 2134 nihil
541 2110 710 2147 unquam
743 2098 961 2149 suspicatus
998 2112 1097 2145 sum,
1136 2100 1218 2143 sed,
1257 2113 1334 2149 qua
1366 2112 1470 2136 eram
1508 2099 1688 2137 tarditate

225 2157 378 2203 mentis,
398 2161 553 2196 uxbrem
575 2166 835 2197 matronarum
856 2159 970 2210 hujus
991 2160 1154 2198 civitatis
1175 2162 1343 2198 omnium
1374 2160 1488 2210 longe
1520 2158 1688 2210 pudicis-

227 2216 362 2254 simam
383 2231 469 2257 esse
497 2219 754 2258 confidebam.

279 2281 318 2315 4.
349 2280 493 2317 Verum
514 2282 695 2331 temporis
716 2295 920 2332 processus
941 2296 1105 2321 errorem
1132 2284 1234 2321 hunc
1264 2283 1355 2321 mihi
1385 2283 1574 2320 detraxit:
1605 2295 1690 2320 rure

228 2339 422 2377 enimvero
442 2341 651 2391 aliquando
673 2350 809 2392 praeter
839 2344 1166 2395 exspectationem
1200 2358 1372 2382 meorum
1404 2345 1588 2382 redieram
1619 2343 1690 2381 do-

227 2413 344 2448 mum,
365 2401 620 2440 Eratosthene
640 2403 743 2440 intus
773 2403 934 2442 latente.
991 2405 1025 2440 A
1053 2418 1165 2443 coena
1197 2406 1327 2455 vagire
1359 2404 1558 2456 puerulus,
1576 2404 1693 2455 perti—

229 2461 362 2499 nacius
390 2463 587 2513 querulus,
607 2463 810 2502 vellicatus
842 2465 892 2502 de
919 2466 1106 2503 industria
1139 2467 1186 2503 ab
1215 2466 1369 2511 ancilla,
1389 2466 1427 2502 id
1446 2466 1554 2515 ,quod
1588 2468 1691 2514 post-

230 2521 389 2561 modum
409 2524 592 2574 comperi,
612 2538 690 2574 quo
711 2526 818 2562 uxori
837 2527 911 2563 mei
932 2526 1171 2577 relinquendi
1191 2534 1307 2577 atque
1338 2525 1563 2564 discedendi
1593 2537 1691 2575 prae-

230 2590 362 2622 textus
382 2584 582 2634 speciosus
603 2585 770 2623 daretur.
828 2586 912 2637 Ego
933 2595 1013 2624 tum
1034 2588 1220 2638 imperare
1242 2587 1362 2632 uxori,
1380 2594 1420 2624 ut
1440 2586 1693 2623 descenderet

231 2646 279 2684 ad
301 2646 500 2696 puerulum
529 2659 696 2696 eumque
726 2647 856 2685 dando
888 2649 1006 2686 ubere
1039 2657 1208 2699 pacaret.
1267 2648 1456 2685 Simulare
1488 2647 1554 2683 illa
1585 2645 1692 2683 initio

232 2707 610 2756 recusantem,'quasi
629 2707 676 2744 ab
697 2707 935 2757 amplexibus
953 2709 1045 2745 meis
1062 2709 1173 2746 avelli
1189 2708 1322 2753 nollet,
1342 2721 1456 2758 quem
1473 2721 1493 2745 e
1513 2707 1695 2744 diuturna

234 2766 410 2804 absentia
428 2779 625 2804 reversum
646 2766 808 2804 libenter
827 2774 865 2805 et
885 2781 972 2805 cum
993 2768 1322 2818 congratulatione
1355 2775 1558 2818 spectaret.
1615 2767 1694 2806 Ubi

235 2833 363 2864 autem
385 2840 456 2877 ego
476 2827 530 2865 illi
551 2827 764 2865 discessum
781 2840 846 2878 per
861 2828 1096 2866 iracundiam
1114 2836 1152 2866 et
1171 2841 1257 2865 cum
1279 2828 1388 2866 minis
1408 2829 1693 2880 imperaveram,

231 2886 301 2926 illa
330 2887 395 2924 Ut
436 2895 484 2925 tu
525 2901 691 2939 nempe
731 2889 922 2927 interim
950 2889 1036 2939 (ait)
1065 2889 1291 2928 ancillam
1330 2896 1519 2928 tentes:
1550 2889 1692 2928 etiarn
