1822 3219
430 120 538 157 PRO
569 119 732 158 BONIS
765 119 1192 157 ARISTOPHANIS.
1462 122 1539 158 ‘289

90 225 184 258 eret.
237 219 299 258 De
331 228 441 270 patre
471 227 613 265 autem,
633 219 821 270 ignoscite
848 219 953 264 mihi,
967 219 1136 269 judices,
1156 220 1187 255 si
1213 219 1458 269 praedicanda
1486 219 1537 258 ad

88 291 157 317 vos
176 279 416 326 liberalitate,
433 293 511 331 qua
526 287 564 318 et
577 280 670 333 reip.
687 288 725 318 et
745 279 876 318 amicis
895 279 1065 330 privatim
1087 280 1290 324 succurrit,
1307 281 1537 319 calumniam

89 340 311 390 cupiditatis
331 341 524 392 depellere
545 353 675 386 coner,
694 353 770 391 qua
788 354 876 381 eum
897 346 1141 378 accusatores
1163 353 1377 390 respersum
1398 343 1536 380 ierunt.

88 399 181 439 Non
208 401 336 440 studio
363 402 494 452 gloriae
523 402 629 441 istaec
651 402 822 452 jactabo,
843 401 911 441 sed
936 402 1010 440 hoc
1037 414 1111 451 ago
1130 408 1171 438 ut
1190 413 1258 438 vos
1279 402 1451 447 doceam,
1473 403 1539 452 qui

90 461 200 500 nulla
225 469 388 512 cogente
404 462 632 502 necessitate
653 469 781 500 tamen
801 461 946 499 effusus
968 462 1006 499 in
1025 462 1290 500 liberalitatem
1311 475 1402 512 erga
1422 477 1538 513 remp.

90 521 241 569 fuisset,
252 523 332 561 fieti
348 536 424 562 non
440 536 568 574 posse,
581 530 623 562 ut
639 523 738 560 idem
756 536 905 561 summo
921 536 1008 560 cum
1024 523 1194 573 periculo
1209 535 1280 562 suo
1294 523 1379 561 aeris
1395 524 1537 572 publici

89 589 236 632 partem
257 584 534 630 interverteret,
547 596 781 634 quamquam
800 597 860 621 me
881 585 1054 633 profecto
1073 597 1148 621 non
1170 585 1268 633 fugit
1283 598 1368 622 esse
1382 586 1446 634 qui
1467 585 1540 622 illi-

89 643 328 683 beralissima
342 645 390 682 de
408 658 524 684 causa
538 645 764 684 liberalitate
777 657 845 681 sua
858 657 925 682 vos
942 652 1242 693 promereantur.
1299 645 1349 681 Hi
1365 659 1540 684 nummos

87 704 129 742 in
147 718 216 743 vos
232 706 484 756 profundunt,
504 719 581 743 non
602 718 679 755 quo
699 705 947 743 necessitates
967 712 1114 743 vestras
1136 706 1353 750 sublevent,
1375 707 1442 744 sed
1463 720 1540 757 quo

90 765 269 803 fiduciam
290 766 602 815 voluntatemque
628 778 722 816 erga
749 779 788 803 se
807 774 972 804 vestram
1000 766 1171 811 mercati,
1190 767 1289 804 viam
1310 767 1381 804 sibi
1402 768 1449 805 ad
1469 768 1540 806 ho-

87 838 202 863 nores
217 827 404 872 muniant,
418 839 580 877 quorum
596 827 633 864 in
648 827 795 865 latebra
807 827 926 877 duplo
942 827 1028 877 plus
1041 827 1226 864 furentur.
1284 828 1396 865 Meus
1413 835 1542 866 autem

86 894 303 938 pateream
328 888 496 926 honores
524 901 722 937 nunquam
752 888 871 938 petiit,
891 896 971 926 tum
1002 901 1200 925 munerum
1228 896 1542 939 sumptuosorum

88 948 195 986 nullo
214 961 292 986 non
308 961 450 998 genere
468 949 622 986 functus
642 956 715 993 est,
728 949 918 998 choregus
934 948 1004 985 fuit
1018 949 1054 985 in
1070 949 1172 985 omni
1189 962 1330 998 genere
1347 949 1542 994 ludorum,

92 1010 233 1048 triremi
252 1023 276 1048 a
294 1022 335 1048 se
356 1011 552 1047 instructae
573 1010 651 1047 suis
673 1009 888 1059 sumptibus
906 1010 1046 1058 septies
1062 1009 1225 1058 praefuit,
1239 1011 1542 1049 contributiones

89 1071 233 1108 multas
261 1082 500 1121 magnasque
529 1069 706 1107 contulit.
763 1069 912 1112 Quibus
933 1069 982 1105 de
1001 1070 1114 1106 rebus
1140 1081 1217 1117 quo
1240 1070 1322 1107 sitis
1346 1071 1540 1117 certiores,

89 1132 216 1170 scriba
228 1132 337 1170 vobis
355 1131 458 1168 hunc
476 1130 641 1168 indicem
663 1130 905 1179 largitionum
923 1143 945 1166 a
959 1136 1066 1179 patre
1083 1129 1131 1166 ad
1148 1142 1267 1179 remp.
1283 1131 1540 1180 prosectarum

88 1194 287 1244 praeleget.

620 1259 1001 1296 LARGITIONES.

90 1329 304 1368 Audientes
323 1328 628 1380 magnitudinem
650 1327 736 1365 aeris
757 1340 779 1364 a
799 1328 908 1365 nobis
929 1329 965 1364 in
985 1341 1103 1378 remp.
1123 1328 1319 1379 insumpti,
1342 1330 1542 1375 miramini,

86 1392 252 1442 judices.
308 1391 358 1427 Et
377 1397 437 1426 est
455 1389 626 1439 profecto
647 1401 796 1426 summa
816 1389 950 1438 ingens
972 1395 1011 1425 et
1030 1402 1139 1439 paene
1160 1389 1407 1428 incredibilis.
1466 1392 1543 1428 Ve-

89 1459 303 1500 rumtamen
323 1452 489 1502 spatium
509 1449 693 1500 temporis
713 1449 924 1499 recogitare
943 1461 1012 1486 vos
1032 1462 1110 1486 una
1129 1449 1255 1496 decet,
1278 1462 1353 1499 quo
1377 1456 1486 1500 pater
1505 1458 1544 1488 et

89 1513 255 1552 nummis
270 1522 308 1552 et
321 1526 438 1564 opera
452 1519 592 1563 praesto
606 1512 714 1549 vobis
729 1511 813 1548 fuit.
871 1510 1163 1561 Quinquaginta
1178 1517 1267 1548 sunt
1282 1511 1384 1556 anni,
1404 1525 1450 1548 ex
1465 1525 1543 1562 quo

91 1582 130 1615 et
153 1573 369 1612 nummaria
394 1586 466 1624 ope
493 1579 532 1610 et
555 1572 724 1622 corporis
752 1584 869 1623 opera
892 1572 1002 1609 vobis
1027 1571 1208 1609 inservire
1237 1573 1370 1622 coepit;
1403 1580 1441 1609 et
1462 1579 1544 1611 toto

89 1648 217 1676 tamen
238 1637 304 1677 illo
324 1643 403 1674 tam
422 1635 540 1687 longo
560 1642 732 1685 tempore
756 1646 966 1683 numquam
986 1633 1071 1679 fuit,
1089 1634 1154 1684 qui
1172 1635 1320 1672 actione
1337 1635 1543 1685 peculatus

90 1688 213 1737 aliare
233 1711 319 1736 eum
335 1704 439 1735 esset
453 1697 664 1734 insectatus
681 1708 689 1732 :
719 1695 824 1745 atqui
841 1701 1020 1745 negatum
1037 1695 1147 1732 nobis
1163 1696 1245 1733 sine
1261 1696 1378 1733 dubio
1394 1695 1545 1742 fuisset,

89 1759 176 1797 lites
199 1758 419 1811 hujusmodi
448 1757 602 1801 evitare,
622 1756 654 1794 si
673 1756 838 1794 honores
858 1755 1115 1806 gessissemus
1137 1763 1202 1794 aut
1223 1760 1259 1793 in
1282 1756 1544 1807 suspicionem

90 1820 203 1858 malae
221 1819 365 1858 fraudis
383 1817 563 1855 admissae
581 1818 710 1867 reique
729 1816 924 1855 familiaris
953 1816 1162 1854 inhonestis
1182 1818 1322 1854 artibus
1342 1824 1467 1855 auctae
1488 1817 1545 1853 in-

90 1884 356 1922 currissemus.
411 1882 537 1918 Tanto
556 1887 698 1926 autem,
713 1879 813 1930 quod
836 1879 928 1923 dixi,
941 1880 1119 1929 temporis
1138 1880 1259 1930 spatio
1274 1892 1342 1917 nos
1359 1879 1544 1916 anemine

90 1952 250 1984 vexatos
279 1943 355 1980 litis
386 1941 500 1980 ullius
534 1940 710 1979 molestia
737 1940 870 1984 fuisse,
899 1941 1051 1978 tametsi
1083 1941 1175 1978 certi
1200 1941 1280 1991 jam
1310 1953 1377 1978 vos
1408 1952 1543 1977 ornnes

91 2006 197 2052 estis,
218 2017 295 2055 quo
314 2011 443 2042 tamen
464 2002 546 2040 sitis
567 2002 682 2039 etiarn
705 2001 900 2046 certiores,
921 2008 1040 2038 testes
1061 2001 1284 2050 producam.

711 2108 925 2146 TESTES.

92 2183 277 2235 Erogavit
295 2195 386 2234 ergo
403 2188 511 2232 pater
530 2180 568 2217 in
587 2192 706 2229 remp.
729 2179 901 2216 universe
922 2191 1058 2216 novem
1081 2178 1229 2216 talenta
1250 2192 1337 2216 cum
1358 2179 1416 2216 bis
1438 2179 1539 2217 mille

91 2245 298 2284 drachmis.
365 2243 560 2280 Praeterea
593 2240 767 2291 privatim
808 2253 963 2290 quoque
998 2239 1127 2277 multis
1160 2241 1257 2277 bene
1292 2247 1400 2291 pater
1430 2240 1543 2278 fecit:

91 2307 232 2345 civium
250 2304 357 2344 haud
376 2316 520 2354 paucos
541 2302 815 2351 indigentiores
836 2301 1105 2338 collationibus
1127 2300 1273 2351 adjuvit
1293 2301 1329 2337 in
1351 2300 1545 2338 elocandis

91 2367 243 2405 filiabus
271 2365 522 2409 sororibusve,
543 2362 637 2400 alios
666 2375 713 2399 ex
740 2362 905 2399 hostium
936 2362 1154 2412 captivitate
1184 2362 1360 2408 redemit,
1382 2363 1464 2400 aliis
1495 2363 1544 2399 ad

89 2428 225 2466 funera
244 2424 545 2463 necessariorum
565 2421 783 2460 contribuit.
841 2423 939 2465 Quae
959 2422 1086 2459 omnia
1107 2435 1153 2460 eo
1172 2422 1276 2468 fecit,
1296 2423 1401 2473 quod
1421 2423 1546 2460 existi-

89 2494 214 2526 maret
228 2487 320 2527 boni
339 2486 431 2523 civis
451 2484 520 2522 has
541 2496 626 2521 esse
650 2489 786 2533 partes,
808 2490 851 2520 ut
878 2482 1009 2520 amicis
1039 2483 1169 2533 prosit,
1190 2483 1340 2520 etiamsi
1368 2482 1544 2519 beneficii

91 2561 205 2586 nemo
226 2548 275 2586 sit
290 2546 467 2585 conscius
486 2545 660 2582 futurus:
683 2544 764 2594 jam
778 2557 882 2588 vero,
897 2550 1005 2594 patre
1026 2544 1138 2581 rebus
1158 2544 1335 2581 humanis
1351 2550 1540 2594 exempto,

91 2608 269 2648 convenit
283 2621 330 2646 ea
346 2620 415 2646 vos
435 2620 482 2644 ex
501 2619 562 2643 me
583 2605 725 2643 audire.
784 2604 870 2642 Cita
890 2612 929 2642 tu
953 2605 1040 2642 mihi
1059 2605 1163 2642 hunc
1184 2612 1222 2641 et
1242 2604 1360 2651 illum.

706 2706 918 2744 TESTES.

148 2780 208 2816 13.
237 2776 411 2814 Audistis
431 2777 477 2813 ab
495 2776 554 2814 his
575 2776 737 2814 testibus
757 2776 957 2813 affirmata.
1013 2774 1102 2810 Jam
1132 2772 1299 2821 cogitate
1320 2772 1406 2816 hoc,
1428 2783 1540 2821 posse

92 2851 216 2877 mores
231 2837 280 2875 ad
295 2837 409 2875 breve
423 2836 576 2885 quidem
587 2844 736 2887 tempus
747 2836 795 2874 ad
807 2835 970 2885 speciem
980 2833 1178 2883 probitatis
1191 2833 1316 2869 confir]
1324 2832 1359 2881 gi
1375 2833 1539 2881 fucoque

779 2899 801 2931 2
834 2909 854 2931 τ’
