1822 3219
242 169 314 207 136
816 173 1123 212 ANDOClDIS

237 270 494 320 praeficeretis,
514 272 626 310 sociis
647 272 779 312 vestris
809 274 950 312 tributa
979 272 1252 326 propemodum
1283 273 1516 325 duplicavit:
1546 275 1678 326 quain

236 344 276 368 re
297 345 382 369 eum
413 333 567 383 planum
593 342 706 386 atque
739 342 916 373 testatum
948 336 1113 380 fecisset,
1134 342 1319 385 quantum
1340 342 1471 386 posset
1496 344 1534 375 et
1561 349 1678 387 quam

236 400 339 430 esset
359 394 635 443 formidandus,
655 397 859 447 vectigalia
879 397 1033 448 publica
1052 410 1160 434 suam
1181 397 1216 434 in
1239 410 1315 434 rem
1335 397 1545 435 intervertit
1564 405 1677 448 atque

237 454 487 505 depeculatus
515 465 585 495 est.
641 458 728 496 Jam
759 459 926 508 cogitare
959 472 1025 496 vos
1057 459 1183 504 velim,
1211 460 1399 497 neminem
1433 460 1524 510 reip.
1544 468 1680 499 vestroe

234 524 380 567 pestem
407 518 539 557 afferre
560 521 855 570 praesentiorem,
873 533 988 570 quam
1019 533 1104 558 eum
1137 521 1202 571 qui
1229 521 1340 559 sociis
1375 522 1508 559 vestris
1540 522 1681 560 tributa

235 578 428 629 geminata
447 579 630 631 imponat,
656 581 694 618 in
714 581 893 618 confesso
919 595 1006 619 cum
1039 582 1087 620 sit
1116 591 1330 633 utrumque,
1352 590 1389 619 et
1409 582 1495 628 hoc,
1514 589 1680 620 vestram

234 652 385 678 omnem
407 641 569 678 salutem
588 642 625 679 in
646 642 769 680 salute
789 650 1001 681 vestrorum
1023 643 1209 681 sociorum
1243 657 1328 682 esse
1361 644 1486 690 sitam,
1507 651 1546 682 et
1564 644 1682 690 istud,

234 705 358 742 socios
387 705 507 742 multo
539 718 641 742 nunc
671 718 756 743 esse
785 705 957 744 teteriore
977 706 1062 744 loco
1082 712 1196 757 atque
1216 706 1305 744 olim
1322 706 1490 744 fuerunt.
1547 706 1681 745 Civem

232 765 361 817 itaque
393 767 535 804 bonum
567 774 605 805 et
627 767 774 819 justum
803 768 917 806 fuisse
937 768 1140 806 Aristidem
1177 769 1208 806 si
1243 769 1481 815 existimatis,
1502 769 1684 807 convenit

234 834 276 864 ut
306 827 546 866 Alcibiadem
575 828 677 867 hunc
710 829 830 867 civem
851 829 1022 867 habeatis
1043 843 1160 867 unum
1193 830 1360 867 omnium
1394 830 1680 881 nequissimum,

233 889 374 940 quippe
393 889 504 941 cujus
528 890 625 928 scita
653 898 690 929 et
718 890 893 929 instituta
922 891 1025 929 scitis
1059 898 1097 930 et
1115 891 1296 929 institutis
1319 891 1501 929 Aristidis
1521 891 1683 930 adversa

233 951 356 989 fronte
382 960 609 1003 repugnent.
667 953 769 995 Quid
805 953 902 990 enim
931 953 1002 992 hac
1036 966 1135 991 nova
1165 953 1392 992 tributorum
1424 953 1681 1004 descriptione

234 1012 414 1051 effectum
435 1014 521 1052 est?
578 1014 664 1052 Hoc
696 1027 850 1065 nempe,
871 1022 914 1052 ut
941 1015 1157 1066 complures
1192 1027 1212 1052 e
1242 1015 1471 1060 civitatibus,
1489 1028 1577 1065 quae
1598 1015 1682 1066 qui·
1720 1021 1723 1023 ’

232 1076 383 1126 busque
405 1084 496 1114 sunt
513 1077 659 1127 patriae,
678 1077 895 1116 exsulatum
915 1084 1018 1123 eant,
1036 1084 1074 1115 et
1093 1077 1129 1114 in
1150 1077 1312 1115 Thurios
1332 1077 1550 1116 concedant
1572 1077 1680 1115 habi-

232 1145 367 1177 tatum.
424 1138 569 1176 Prodet
599 1152 684 1177 sese
710 1139 795 1177 haec
823 1138 1014 1177 sociorum
1035 1151 1128 1189 erga
1147 1151 1219 1176 nos
1240 1138 1411 1176 simultas
1431 1146 1546 1190 atque
1564 1138 1682 1177 male-

232 1200 412 1246 volentia,
433 1201 711 1251 quamprimum
743 1201 809 1239 fiet
841 1208 883 1238 ut
911 1213 998 1238 cum
1030 1199 1329 1238 Lacedaemoniis
1359 1200 1461 1239 bello
1493 1200 1682 1239 maritimo

233 1262 529 1300 committamur.
586 1263 736 1300 Malum
769 1276 842 1313 ego
873 1275 958 1300 eum
984 1262 1116 1313 judico
1153 1262 1247 1313 reip.
1280 1262 1596 1313 dispensatorem,
1616 1262 1682 1313 qui

230 1324 430 1374 praesentis
465 1324 705 1362 solummodo
739 1324 917 1375 temporis
955 1323 1096 1361 habeat
1129 1323 1326 1368 rationem,
1365 1324 1511 1362 nullam
1549 1325 1680 1370 futuri,

233 1385 411 1437 plebique
432 1386 676 1424 consiliorum
704 1395 838 1424 auctor
869 1386 946 1431 fiat,
973 1385 1231 1433 jucundorum
1265 1385 1398 1436 magis,
1430 1398 1543 1436 quam
1577 1386 1681 1424 salu-

231 1448 382 1486 tarium.

286 1510 323 1547 6.
355 1510 456 1548 Satis
478 1510 653 1561 equidem
675 1522 805 1548 eorum
840 1509 966 1547 mirari
985 1521 1061 1546 non
1081 1521 1235 1559 possum
1256 1507 1474 1546 tarditatem
1495 1508 1560 1560 qui
1578 1508 1681 1547 Alci·

231 1572 383 1611 biadem
406 1580 528 1611 status
548 1573 741 1624 popularis
763 1572 976 1610 studiosum
999 1571 1176 1609 dictitant
1190 1584 1290 1617 esse,
1305 1571 1371 1621 qui
1391 1577 1513 1608 status
1533 1570 1684 1622 aequali-

232 1634 319 1673 tatis
343 1634 485 1686 jurium
508 1634 605 1672 inter
623 1647 755 1672 omnes
775 1633 987 1672 communis
1008 1633 1162 1670 tuendae
1181 1645 1271 1682 ergo
1298 1640 1358 1669 est
1384 1632 1623 1683 excogitatus
1643 1639 1682 1672 et

230 1695 267 1733 in
289 1696 404 1733 vitam
426 1696 746 1745 inductus‚,quam
766 1695 1023 1744 {equalitatem
1045 1707 1092 1732 ne
1112 1693 1265 1744 privatis
1286 1692 1437 1743 quidem
1451 1693 1489 1731 in
1504 1694 1616 1732 rebus
1634 1696 1682 1733 ab

231 1757 432 1797 Alcibiade
452 1758 642 1795 observari
664 1757 734 1808 ipsi
753 1764 881 1794 tamen
902 1762 1076 1801 cernunt,
1095 1754 1267 1793 videntes
1299 1754 1546 1805 cupiditatem
1567 1762 1682 1806 atque

230 1820 446 1871 superbiam
467 1826 508 1856 et
523 1818 779 1863 insolentiam,
801 1831 875 1869 qua
897 1817 1057 1855 Calliam
1087 1816 1218 1854 uxoris
1251 1829 1331 1854 suae
1361 1815 1518 1853 fratrem
1550 1816 1680 1867 exagi-

230 1883 347 1920 tavit:
379 1894 547 1919 sororem
569 1894 707 1931 nempe
728 1880 862 1918 Calliae
884 1893 970 1918 cum
1005 1879 1041 1915 in
1076 1877 1357 1916 matrimonium
1392 1876 1566 1915 duxisset
1593 1890 1680 1916 cum

231 1946 323 1984 dote
353 1945 487 1983 decem
520 1944 762 1989 talentorum,
793 1943 922 1994 coegit
955 1941 1118 1979 Calliam
1149 1940 1229 1978 doti
1259 1939 1420 1977 alterum
1454 1938 1680 1977 tantundem

231 2009 386 2054 addere,
414 2015 615 2060 postquam
649 2006 889 2058 Hipponicus
923 2004 1058 2043 Calliae
1082 2012 1120 2041 et
1151 2002 1316 2040 mulieris
1349 2011 1470 2053 pater,
1490 2001 1526 2039 in
1548 2002 1682 2040 castris

229 2071 332 2123 apud
349 2071 503 2108 Delium
517 2069 714 2120 imperium
730 2068 890 2106 militare
907 2079 1059 2117 gerens,
1074 2066 1151 2103 vita
1164 2065 1414 2108 excessisset3
1435 2064 1481 2102 ab
1493 2063 1566 2101 hoc
1583 2064 1681 2102 enim

232 2133 450 2185 Hipponico
480 2131 604 2169 aiebat
637 2129 858 2168 Alcibiades
890 2129 961 2167 sibi
992 2135 1129 2179 praeter
1158 2126 1285 2164 dotem
1305 2125 1434 2163 adhuc
1454 2125 1528 2164 alia
1545 2125 1680 2163 decem

231 2196 378 2233 talenta
397 2193 586 2244 promissa
605 2192 738 2237 fuisse,
758 2192 788 2229 si
808 2192 924 2229 filium
947 2204 968 2229 e
988 2190 1065 2228 filia
1085 2202 1155 2227 sua
1173 2188 1421 2239 suscepisset.
1477 2186 1528 2225 Et
1558 2200 1680 2238 quan-

232 2251 348 2307 tiuam
367 2255 603 2300 Alcibiades,
624 2254 659 2291 id
681 2254 784 2304 quod
804 2266 824 2290 e
845 2252 955 2290 dictis
971 2257 1136 2295 constat,
1156 2262 1312 2287 uxorem
1331 2248 1490 2286 haberet
1505 2248 1608 2286 domi
1628 2249 1682 2286 ita

233 2319 419 2364 dotatam,
440 2324 483 2355 ut
504 2317 577 2355 alia
596 2316 701 2353 nulla
719 2328 904 2365 unquam,
924 2327 969 2352 ex
989 2326 1066 2367 quo
1088 2312 1250 2350 Athenae
1271 2318 1374 2357 sunt,
1395 2324 1524 2362 parem
1551 2311 1679 2349 dotem

231 2380 296 2418 alii
315 2380 394 2418 viro
415 2379 600 2424 attulerit,
622 2378 743 2415 modis
764 2384 892 2415 tamen
914 2376 1014 2413 illam
1036 2373 1215 2412 tractavit
1247 2380 1322 2411 tam
1342 2373 1524 2424 indignis,
1543 2380 1622 2411 tam
1641 2385 1681 2411 se

232 2442 354 2495 gessit
385 2441 584 2486 lascivum,
615 2440 886 2491 importunum,
921 2438 1107 2488 iniquum,
1141 2434 1383 2479 insolentem,
1417 2434 1619 2485 impurum,
1641 2440 1682 2472 ut

231 2518 315 2544 eam
331 2505 369 2542 in
386 2503 554 2548 domum,
570 2515 685 2552 quam
703 2500 987 2539 materfamilias
1006 2500 1057 2537 ita
1075 2499 1177 2537 laute
1194 2498 1326 2536 dotata
1339 2496 1539 2541 incoleret,
1556 2503 1683 2535 scorta

233 2567 432 2605 induceret
460 2572 500 2602 et
528 2565 707 2615 ingenuae
735 2570 774 2600 et
803 2562 948 2600 servilis
981 2560 1226 2604 conditionis,
1253 2571 1376 2609 eoque
1408 2570 1567 2595 uxorem
1599 2558 1682 2597 adi-

235 2636 354 2680 geret,
377 2633 589 2665 matronam
619 2624 780 2675 insignis
815 2624 1022 2675 pudicitiae,
1054 2630 1097 2660 ut
1129 2622 1244 2659 domo
1276 2619 1398 2658 mariti
1418 2619 1602 2658 derelicta
1631 2621 1682 2659 ad

235 2691 457 2729 archontem
485 2695 661 2740 questum
694 2687 764 2724 iret
795 2686 842 2723 de
874 2685 982 2723 malis
1015 2692 1131 2735 atque
1163 2682 1300 2733 iniquis
1337 2681 1458 2719 modis
1489 2682 1626 2732 quibus
1659 2695 1683 2721 a

235 2753 373 2790 marito
410 2751 625 2796 haberetur,
662 2750 772 2799 cujus
818 2748 869 2784 rei
920 2747 1067 2797 copiam
1112 2745 1218 2795 leges
1256 2744 1363 2781 uxori
1404 2743 1502 2781 male
1540 2743 1682 2783 habitae

235 2814 396 2852 dabant.
453 2814 596 2851 Verum
622 2811 675 2849 ibi
699 2810 760 2849 vel
790 2810 953 2846 maxime
979 2808 1185 2860 potentiam
1218 2818 1325 2844 suam
1352 2804 1562 2844 declaravit
1580 2806 1683 2844 Alci-

237 2875 392 2913 biades:
422 2874 616 2912 conducta
649 2872 749 2911 enim
782 2870 986 2910 satellitum
1019 2876 1171 2907 caterva
1197 2866 1480 2919 impressionem
1500 2868 1538 2905 in
1559 2867 1680 2905 forum

239 2937 330 2975 fecit
359 2944 397 2974 et
417 2949 571 2974 uxorem
603 2935 690 2973 inde
720 2946 786 2985 per
804 2933 877 2971 vim
907 2939 946 2970 et
973 2938 1120 2970 armata
1144 2942 1258 2968 manu
1291 2929 1445 2973 eduxit;
1475 2942 1551 2979 quo
1578 2929 1681 2966 facto
