<?xml version="1.0" encoding="UTF-8"?>
<!DOCTYPE html PUBLIC "-//W3C//DTD XHTML 1.0 Transitional//EN"
    "http://www.w3.org/TR/xhtml1/DTD/xhtml1-transitional.dtd">
<html xmlns="http://www.w3.org/1999/xhtml" xml:lang="en" lang="en">
 <head>
  <title>
</title>
<meta http-equiv="Content-Type" content="text/html;charset=utf-8" />
  <meta name='ocr-system' content='tesseract 3.04.00' />
  <meta name='ocr-capabilities' content='ocr_page ocr_carea ocr_par ocr_line ocrx_word'/>
</head>
<body>
  <div class='ocr_page' id='page_1' title='image "./oratoresatticie13dobs_0071.png"; bbox 0 0 1822 3219; ppageno 0'>
   <div class='ocr_carea' id='block_1_1' title="bbox 570 155 1574 193">
    <p class='ocr_par' dir='ltr' id='par_1_1' title="bbox 570 155 1574 193">
     <span class='ocr_line' id='line_1_1' title="bbox 570 155 1574 193; baseline -0.002 -1"><span class='ocrx_word' id='word_1_1' title='bbox 570 157 641 192; x_wconf 89' lang='lat' dir='ltr'>DE</span> <span class='ocrx_word' id='word_1_2' title='bbox 671 156 830 193; x_wconf 87' lang='lat' dir='ltr'>CAEDE</span> <span class='ocrx_word' id='word_1_3' title='bbox 861 155 1123 193; x_wconf 83' lang='lat' dir='ltr'><strong>HERODIS.</strong></span> <span class='ocrx_word' id='word_1_4' title='bbox 1525 158 1574 192; x_wconf 71' lang='lat'>59</span> 
     </span>
    </p>
   </div>
   <div class='ocr_carea' id='block_1_2' title="bbox 106 253 1576 1940">
    <p class='ocr_par' dir='ltr' id='par_1_2' title="bbox 119 253 1576 488">
     <span class='ocr_line' id='line_1_2' title="bbox 122 253 1576 306; baseline 0.003 -17"><span class='ocrx_word' id='word_1_5' title='bbox 122 253 420 292; x_wconf 84' lang='lat' dir='ltr'>machinationes</span> <span class='ocrx_word' id='word_1_6' title='bbox 451 255 630 300; x_wconf 83' lang='lat' dir='ltr'>eludatis,</span> <span class='ocrx_word' id='word_1_7' title='bbox 650 262 691 293; x_wconf 90' lang='lat' dir='ltr'>ut</span> <span class='ocrx_word' id='word_1_8' title='bbox 722 256 774 293; x_wconf 91' lang='lat' dir='ltr'>nil</span> <span class='ocrx_word' id='word_1_9' title='bbox 795 255 941 294; x_wconf 81' lang='lat' dir='ltr'>efficere</span> <span class='ocrx_word' id='word_1_10' title='bbox 967 255 1275 293; x_wconf 80' lang='lat' dir='ltr'>contentionibus</span> <span class='ocrx_word' id='word_1_11' title='bbox 1307 256 1387 294; x_wconf 89' lang='lat' dir='ltr'>suis</span> <span class='ocrx_word' id='word_1_12' title='bbox 1417 257 1576 306; x_wconf 74' lang='lat' dir='ltr'>possint,</span> 
     </span>
     <span class='ocr_line' id='line_1_3' title="bbox 120 315 1574 365; baseline 0.003 -15"><span class='ocrx_word' id='word_1_13' title='bbox 120 319 201 351; x_wconf 87' lang='lat' dir='ltr'>tum</span> <span class='ocrx_word' id='word_1_14' title='bbox 223 327 290 352; x_wconf 90' lang='lat' dir='ltr'>vos</span> <span class='ocrx_word' id='word_1_15' title='bbox 311 317 359 353; x_wconf 85' lang='lat' dir='ltr'>ab</span> <span class='ocrx_word' id='word_1_16' title='bbox 377 316 553 354; x_wconf 89' lang='lat' dir='ltr'>omnibus</span> <span class='ocrx_word' id='word_1_17' title='bbox 572 316 846 354; x_wconf 87' lang='lat' dir='ltr'>honorabimini</span> <span class='ocrx_word' id='word_1_18' title='bbox 869 315 1071 365; x_wconf 82' lang='lat' dir='ltr'>magnique</span> <span class='ocrx_word' id='word_1_19' title='bbox 1091 315 1202 359; x_wconf 83' lang='lat' dir='ltr'>fietis,</span> <span class='ocrx_word' id='word_1_20' title='bbox 1225 322 1264 352; x_wconf 88' lang='lat' dir='ltr'>et</span> <span class='ocrx_word' id='word_1_21' title='bbox 1285 327 1432 354; x_wconf 83' lang='lat' dir='ltr'>summa</span> <span class='ocrx_word' id='word_1_22' title='bbox 1450 329 1574 355; x_wconf 87' lang='lat' dir='ltr'>rerum</span> 
     </span>
     <span class='ocr_line' id='line_1_4' title="bbox 119 376 1575 427; baseline 0.003 -16"><span class='ocrx_word' id='word_1_23' title='bbox 119 380 290 424; x_wconf 85' lang='lat' dir='ltr'>potestas</span> <span class='ocrx_word' id='word_1_24' title='bbox 319 389 436 426; x_wconf 90' lang='lat' dir='ltr'>penes</span> <span class='ocrx_word' id='word_1_25' title='bbox 457 389 525 414; x_wconf 90' lang='lat' dir='ltr'>vos</span> <span class='ocrx_word' id='word_1_26' title='bbox 554 376 648 419; x_wconf 87' lang='lat' dir='ltr'>erit;</span> <span class='ocrx_word' id='word_1_27' title='bbox 680 377 1008 426; x_wconf 87' lang='lat' dir='ltr'>quemadmodum</span> <span class='ocrx_word' id='word_1_28' title='bbox 1041 376 1156 414; x_wconf 87' lang='lat' dir='ltr'>etiam</span> <span class='ocrx_word' id='word_1_29' title='bbox 1177 388 1244 426; x_wconf 86' lang='lat' dir='ltr'>par</span> <span class='ocrx_word' id='word_1_30' title='bbox 1275 384 1313 414; x_wconf 83' lang='lat' dir='ltr'>et</span> <span class='ocrx_word' id='word_1_31' title='bbox 1341 391 1493 427; x_wconf 80' lang='lat' dir='ltr'>aequum</span> <span class='ocrx_word' id='word_1_32' title='bbox 1515 385 1575 416; x_wconf 86' lang='lat' dir='ltr'>est</span> 
     </span>
     <span class='ocr_line' id='line_1_5' title="bbox 119 437 1243 488; baseline 0 -16"><span class='ocrx_word' id='word_1_33' title='bbox 119 447 220 473; x_wconf 90' lang='lat' dir='ltr'>esse.</span> <span class='ocrx_word' id='word_1_34' title='bbox 277 437 480 474; x_wconf 79' lang='lat' dir='ltr'>Vindicate</span> <span class='ocrx_word' id='word_1_35' title='bbox 499 437 628 486; x_wconf 85' lang='lat' dir='ltr'>itaque</span> <span class='ocrx_word' id='word_1_36' title='bbox 652 449 792 488; x_wconf 89' lang='lat' dir='ltr'>meque</span> <span class='ocrx_word' id='word_1_37' title='bbox 812 450 965 487; x_wconf 89' lang='lat' dir='ltr'>unaque</span> <span class='ocrx_word' id='word_1_38' title='bbox 986 449 1139 487; x_wconf 89' lang='lat' dir='ltr'>aequum</span> <span class='ocrx_word' id='word_1_39' title='bbox 1164 437 1243 486; x_wconf 84' lang='lat' dir='ltr'>jus.</span> 
     </span>
    </p>

    <p class='ocr_par' dir='ltr' id='par_1_3' title="bbox 106 496 1574 1940">
     <span class='ocr_line' id='line_1_6' title="bbox 176 496 1574 548; baseline 0.002 -15"><span class='ocrx_word' id='word_1_40' title='bbox 176 498 238 534; x_wconf 88' lang='lat'>14.</span> <span class='ocrx_word' id='word_1_41' title='bbox 268 497 440 535; x_wconf 84' lang='lat' dir='ltr'>Audistis</span> <span class='ocrx_word' id='word_1_42' title='bbox 453 496 578 535; x_wconf 85' lang='lat' dir='ltr'>adbuc</span> <span class='ocrx_word' id='word_1_43' title='bbox 588 510 829 548; x_wconf 83' lang='lat' dir='ltr'>quaecunque</span> <span class='ocrx_word' id='word_1_44' title='bbox 843 505 1070 548; x_wconf 83' lang='lat' dir='ltr'>argumenta</span> <span class='ocrx_word' id='word_1_45' title='bbox 1080 511 1101 535; x_wconf 89' lang='lat' dir='ltr'>a</span> <span class='ocrx_word' id='word_1_46' title='bbox 1115 511 1175 535; x_wconf 88' lang='lat' dir='ltr'>me</span> <span class='ocrx_word' id='word_1_47' title='bbox 1193 497 1349 547; x_wconf 86' lang='lat' dir='ltr'>proferri</span> <span class='ocrx_word' id='word_1_48' title='bbox 1366 505 1574 548; x_wconf 84' lang='lat' dir='ltr'>potuerunt</span> 
     </span>
     <span class='ocr_line' id='line_1_7' title="bbox 119 557 1573 608; baseline 0.001 -14"><span class='ocrx_word' id='word_1_49' title='bbox 119 558 168 594; x_wconf 84' lang='lat' dir='ltr'>ab</span> <span class='ocrx_word' id='word_1_50' title='bbox 187 557 367 595; x_wconf 85' lang='lat' dir='ltr'>humanis</span> <span class='ocrx_word' id='word_1_51' title='bbox 387 557 465 596; x_wconf 89' lang='lat' dir='ltr'>sive</span> <span class='ocrx_word' id='word_1_52' title='bbox 496 557 721 595; x_wconf 80' lang='lat' dir='ltr'>testimoniis</span> <span class='ocrx_word' id='word_1_53' title='bbox 742 558 820 596; x_wconf 88' lang='lat' dir='ltr'>sive</span> <span class='ocrx_word' id='word_1_54' title='bbox 850 558 931 596; x_wconf 90' lang='lat' dir='ltr'>aliis</span> <span class='ocrx_word' id='word_1_55' title='bbox 957 558 1110 600; x_wconf 79' lang='lat' dir='ltr'>indiciis</span> <span class='ocrx_word' id='word_1_56' title='bbox 1136 558 1320 608; x_wconf 85' lang='lat' dir='ltr'>repetita:</span> <span class='ocrx_word' id='word_1_57' title='bbox 1352 559 1421 595; x_wconf 90' lang='lat' dir='ltr'>sed</span> <span class='ocrx_word' id='word_1_58' title='bbox 1445 559 1573 596; x_wconf 87' lang='lat' dir='ltr'>divina</span> 
     </span>
     <span class='ocr_line' id='line_1_8' title="bbox 117 618 1572 669; baseline 0.001 -15"><span class='ocrx_word' id='word_1_59' title='bbox 117 630 270 668; x_wconf 90' lang='lat' dir='ltr'>quoque</span> <span class='ocrx_word' id='word_1_60' title='bbox 285 631 361 655; x_wconf 89' lang='lat' dir='ltr'>non</span> <span class='ocrx_word' id='word_1_61' title='bbox 374 618 497 655; x_wconf 85' lang='lat' dir='ltr'>minus</span> <span class='ocrx_word' id='word_1_62' title='bbox 510 626 662 668; x_wconf 86' lang='lat' dir='ltr'>oportet</span> <span class='ocrx_word' id='word_1_63' title='bbox 677 625 829 657; x_wconf 85' lang='lat' dir='ltr'>ostenta</span> <span class='ocrx_word' id='word_1_64' title='bbox 841 619 1019 669; x_wconf 87' lang='lat' dir='ltr'>proferre,</span> <span class='ocrx_word' id='word_1_65' title='bbox 1033 631 1109 669; x_wconf 92' lang='lat' dir='ltr'>quo</span> <span class='ocrx_word' id='word_1_66' title='bbox 1123 632 1170 656; x_wconf 83' lang='lat' dir='ltr'>ex</span> <span class='ocrx_word' id='word_1_67' title='bbox 1183 619 1242 656; x_wconf 88' lang='lat' dir='ltr'>his</span> <span class='ocrx_word' id='word_1_68' title='bbox 1256 631 1410 668; x_wconf 89' lang='lat' dir='ltr'>quoque</span> <span class='ocrx_word' id='word_1_69' title='bbox 1423 631 1490 656; x_wconf 89' lang='lat' dir='ltr'>vos</span> <span class='ocrx_word' id='word_1_70' title='bbox 1503 620 1572 656; x_wconf 89' lang='lat' dir='ltr'>bo—</span> 
     </span>
     <span class='ocr_line' id='line_1_9' title="bbox 118 678 1570 730; baseline -0.001 -14"><span class='ocrx_word' id='word_1_71' title='bbox 118 678 275 716; x_wconf 87' lang='lat' dir='ltr'>nitatem</span> <span class='ocrx_word' id='word_1_72' title='bbox 288 691 417 716; x_wconf 87' lang='lat' dir='ltr'>causae</span> <span class='ocrx_word' id='word_1_73' title='bbox 431 692 525 716; x_wconf 87' lang='lat' dir='ltr'>meae</span> <span class='ocrx_word' id='word_1_74' title='bbox 541 679 645 717; x_wconf 82' lang='lat' dir='ltr'>docti</span> <span class='ocrx_word' id='word_1_75' title='bbox 660 680 873 718; x_wconf 91' lang='lat' dir='ltr'>seeundum</span> <span class='ocrx_word' id='word_1_76' title='bbox 895 692 954 716; x_wconf 91' lang='lat' dir='ltr'>me</span> <span class='ocrx_word' id='word_1_77' title='bbox 971 679 1227 730; x_wconf 83' lang='lat' dir='ltr'>pronuntietis</span> <span class='ocrx_word' id='word_1_78' title='bbox 1241 693 1250 721; x_wconf 90' lang='grc'><strong>;</strong></span> <span class='ocrx_word' id='word_1_79' title='bbox 1282 685 1320 715; x_wconf 90' lang='lat' dir='ltr'>et</span> <span class='ocrx_word' id='word_1_80' title='bbox 1336 685 1426 715; x_wconf 88' lang='lat' dir='ltr'>sunt</span> <span class='ocrx_word' id='word_1_81' title='bbox 1442 679 1570 728; x_wconf 83' lang='lat' dir='ltr'>utique</span> 
     </span>
     <span class='ocr_line' id='line_1_10' title="bbox 115 737 1570 789; baseline 0.001 -16"><span class='ocrx_word' id='word_1_82' title='bbox 115 737 256 776; x_wconf 86' lang='lat' dir='ltr'>indicia</span> <span class='ocrx_word' id='word_1_83' title='bbox 269 738 408 776; x_wconf 84' lang='lat' dir='ltr'>divinae</span> <span class='ocrx_word' id='word_1_84' title='bbox 426 738 633 777; x_wconf 85' lang='lat' dir='ltr'>voluntatis</span> <span class='ocrx_word' id='word_1_85' title='bbox 651 739 787 776; x_wconf 87' lang='lat' dir='ltr'>summi</span> <span class='ocrx_word' id='word_1_86' title='bbox 807 740 1002 778; x_wconf 85' lang='lat' dir='ltr'>momenti.</span> <span class='ocrx_word' id='word_1_87' title='bbox 1060 739 1130 776; x_wconf 89' lang='lat' dir='ltr'>His</span> <span class='ocrx_word' id='word_1_88' title='bbox 1145 738 1352 776; x_wconf 90' lang='lat' dir='ltr'>credentes</span> <span class='ocrx_word' id='word_1_89' title='bbox 1367 750 1435 776; x_wconf 93' lang='lat' dir='ltr'>vos</span> <span class='ocrx_word' id='word_1_90' title='bbox 1449 751 1570 789; x_wconf 86' lang='lat' dir='ltr'>remp.</span> 
     </span>
     <span class='ocr_line' id='line_1_11' title="bbox 115 799 1568 850; baseline 0.001 -15"><span class='ocrx_word' id='word_1_91' title='bbox 115 804 235 836; x_wconf 85' lang='lat' dir='ltr'>tutam</span> <span class='ocrx_word' id='word_1_92' title='bbox 256 805 296 836; x_wconf 89' lang='lat' dir='ltr'>et</span> <span class='ocrx_word' id='word_1_93' title='bbox 315 799 460 836; x_wconf 89' lang='lat' dir='ltr'>salvam</span> <span class='ocrx_word' id='word_1_94' title='bbox 476 799 621 848; x_wconf 87' lang='lat' dir='ltr'>geritis,</span> <span class='ocrx_word' id='word_1_95' title='bbox 638 808 800 850; x_wconf 77' lang='lat' dir='ltr'>utraque</span> <span class='ocrx_word' id='word_1_96' title='bbox 820 800 856 837; x_wconf 89' lang='lat' dir='ltr'>in</span> <span class='ocrx_word' id='word_1_97' title='bbox 879 801 1046 846; x_wconf 87' lang='lat' dir='ltr'>fortuna,</span> <span class='ocrx_word' id='word_1_98' title='bbox 1066 805 1145 836; x_wconf 89' lang='lat' dir='ltr'>tam</span> <span class='ocrx_word' id='word_1_99' title='bbox 1166 800 1201 836; x_wconf 92' lang='lat' dir='ltr'>in</span> <span class='ocrx_word' id='word_1_100' title='bbox 1221 799 1383 837; x_wconf 85' lang='lat' dir='ltr'>adversa</span> <span class='ocrx_word' id='word_1_101' title='bbox 1399 812 1514 849; x_wconf 89' lang='lat' dir='ltr'>quam</span> <span class='ocrx_word' id='word_1_102' title='bbox 1531 799 1568 835; x_wconf 90' lang='lat' dir='ltr'>in</span> 
     </span>
     <span class='ocr_line' id='line_1_12' title="bbox 115 859 1568 910; baseline 0 -14"><span class='ocrx_word' id='word_1_103' title='bbox 115 859 301 905; x_wconf 79' lang='lat' dir='ltr'>secunda,</span> <span class='ocrx_word' id='word_1_104' title='bbox 332 859 501 909; x_wconf 83' lang='lat' dir='ltr'>forisque</span> <span class='ocrx_word' id='word_1_105' title='bbox 527 860 721 910; x_wconf 88' lang='lat' dir='ltr'>domique.</span> <span class='ocrx_word' id='word_1_106' title='bbox 789 861 868 898; x_wconf 87' lang='lat' dir='ltr'>Sed</span> <span class='ocrx_word' id='word_1_107' title='bbox 887 867 926 898; x_wconf 89' lang='lat' dir='ltr'>et</span> <span class='ocrx_word' id='word_1_108' title='bbox 955 861 991 897; x_wconf 94' lang='lat' dir='ltr'>in</span> <span class='ocrx_word' id='word_1_109' title='bbox 1022 860 1176 910; x_wconf 86' lang='lat' dir='ltr'>privatis</span> <span class='ocrx_word' id='word_1_110' title='bbox 1197 861 1335 910; x_wconf 90' lang='lat' dir='ltr'>cuique</span> <span class='ocrx_word' id='word_1_111' title='bbox 1355 860 1433 897; x_wconf 89' lang='lat' dir='ltr'>suis</span> <span class='ocrx_word' id='word_1_112' title='bbox 1453 859 1568 897; x_wconf 88' lang='lat' dir='ltr'>rebus</span> 
     </span>
     <span class='ocr_line' id='line_1_13' title="bbox 114 920 1568 971; baseline 0.001 -15"><span class='ocrx_word' id='word_1_113' title='bbox 114 931 266 957; x_wconf 89' lang='lat' dir='ltr'>summa</span> <span class='ocrx_word' id='word_1_114' title='bbox 286 920 403 957; x_wconf 88' lang='lat' dir='ltr'>debet</span> <span class='ocrx_word' id='word_1_115' title='bbox 420 934 504 958; x_wconf 87' lang='lat' dir='ltr'>esse</span> <span class='ocrx_word' id='word_1_116' title='bbox 526 921 739 959; x_wconf 88' lang='lat' dir='ltr'>divinorum</span> <span class='ocrx_word' id='word_1_117' title='bbox 768 928 1002 960; x_wconf 86' lang='lat' dir='ltr'>ostentorum</span> <span class='ocrx_word' id='word_1_118' title='bbox 1032 921 1239 959; x_wconf 83' lang='lat' dir='ltr'>auctoritas</span> <span class='ocrx_word' id='word_1_119' title='bbox 1258 921 1451 969; x_wconf 88' lang='lat' dir='ltr'>fidesque:</span> <span class='ocrx_word' id='word_1_120' title='bbox 1482 934 1568 971; x_wconf 89' lang='lat' dir='ltr'>quae</span> 
     </span>
     <span class='ocr_line' id='line_1_14' title="bbox 113 980 1567 1032; baseline 0.001 -16"><span class='ocrx_word' id='word_1_121' title='bbox 113 992 173 1017; x_wconf 86' lang='lat' dir='ltr'>res</span> <span class='ocrx_word' id='word_1_122' title='bbox 193 980 229 1017; x_wconf 87' lang='lat' dir='ltr'>in</span> <span class='ocrx_word' id='word_1_123' title='bbox 250 980 408 1030; x_wconf 88' lang='lat' dir='ltr'>vulgum</span> <span class='ocrx_word' id='word_1_124' title='bbox 432 989 523 1018; x_wconf 87' lang='lat' dir='ltr'>nota</span> <span class='ocrx_word' id='word_1_125' title='bbox 541 989 612 1019; x_wconf 85' lang='lat' dir='ltr'>est.</span> <span class='ocrx_word' id='word_1_126' title='bbox 669 982 778 1032; x_wconf 89' lang='lat' dir='ltr'>Ipsos</span> <span class='ocrx_word' id='word_1_127' title='bbox 800 995 882 1027; x_wconf 91' lang='lat' dir='ltr'>vos,</span> <span class='ocrx_word' id='word_1_128' title='bbox 902 981 940 1018; x_wconf 90' lang='lat' dir='ltr'>ni</span> <span class='ocrx_word' id='word_1_129' title='bbox 960 981 1084 1026; x_wconf 86' lang='lat' dir='ltr'>fallor,</span> <span class='ocrx_word' id='word_1_130' title='bbox 1104 980 1208 1018; x_wconf 88' lang='lat' dir='ltr'>haud</span> <span class='ocrx_word' id='word_1_131' title='bbox 1228 981 1339 1030; x_wconf 84' lang='lat' dir='ltr'>fugit,</span> <span class='ocrx_word' id='word_1_132' title='bbox 1361 993 1464 1031; x_wconf 81' lang='lat' dir='ltr'>saepe</span> <span class='ocrx_word' id='word_1_133' title='bbox 1486 981 1567 1030; x_wconf 87' lang='lat' dir='ltr'>jam</span> 
     </span>
     <span class='ocr_line' id='line_1_15' title="bbox 113 1041 1567 1091; baseline 0.001 -14"><span class='ocrx_word' id='word_1_134' title='bbox 113 1053 185 1078; x_wconf 90' lang='lat' dir='ltr'>usu</span> <span class='ocrx_word' id='word_1_135' title='bbox 219 1041 382 1086; x_wconf 87' lang='lat' dir='ltr'>venisse,</span> <span class='ocrx_word' id='word_1_136' title='bbox 415 1054 501 1078; x_wconf 88' lang='lat' dir='ltr'>cum</span> <span class='ocrx_word' id='word_1_137' title='bbox 537 1041 709 1080; x_wconf 87' lang='lat' dir='ltr'>homines</span> <span class='ocrx_word' id='word_1_138' title='bbox 742 1049 809 1079; x_wconf 87' lang='lat' dir='ltr'>aut</span> <span class='ocrx_word' id='word_1_139' title='bbox 840 1054 972 1080; x_wconf 90' lang='lat' dir='ltr'>cruore</span> <span class='ocrx_word' id='word_1_140' title='bbox 1005 1048 1071 1079; x_wconf 86' lang='lat' dir='ltr'>aut</span> <span class='ocrx_word' id='word_1_141' title='bbox 1104 1041 1178 1079; x_wconf 87' lang='lat' dir='ltr'>alio</span> <span class='ocrx_word' id='word_1_142' title='bbox 1208 1041 1390 1091; x_wconf 87' lang='lat' dir='ltr'>quopiam</span> <span class='ocrx_word' id='word_1_143' title='bbox 1420 1041 1567 1078; x_wconf 85' lang='lat' dir='ltr'>incesto</span> 
     </span>
     <span class='ocr_line' id='line_1_16' title="bbox 113 1101 1566 1152; baseline 0.001 -14"><span class='ocrx_word' id='word_1_144' title='bbox 113 1101 249 1149; x_wconf 89' lang='lat' dir='ltr'>polluti</span> <span class='ocrx_word' id='word_1_145' title='bbox 268 1101 305 1138; x_wconf 91' lang='lat' dir='ltr'>in</span> <span class='ocrx_word' id='word_1_146' title='bbox 326 1114 444 1139; x_wconf 89' lang='lat' dir='ltr'>naves</span> <span class='ocrx_word' id='word_1_147' title='bbox 464 1101 764 1146; x_wconf 87' lang='lat' dir='ltr'>inscendissent‚</span> <span class='ocrx_word' id='word_1_148' title='bbox 785 1109 828 1140; x_wconf 89' lang='lat' dir='ltr'>ut</span> <span class='ocrx_word' id='word_1_149' title='bbox 846 1115 922 1139; x_wconf 92' lang='lat' dir='ltr'>non</span> <span class='ocrx_word' id='word_1_150' title='bbox 942 1102 1015 1151; x_wconf 89' lang='lat' dir='ltr'>ipsi</span> <span class='ocrx_word' id='word_1_151' title='bbox 1035 1101 1158 1140; x_wconf 91' lang='lat' dir='ltr'>solum</span> <span class='ocrx_word' id='word_1_152' title='bbox 1178 1101 1292 1138; x_wconf 89' lang='lat' dir='ltr'>undis</span> <span class='ocrx_word' id='word_1_153' title='bbox 1312 1101 1440 1138; x_wconf 88' lang='lat' dir='ltr'>hausti</span> <span class='ocrx_word' id='word_1_154' title='bbox 1466 1103 1566 1152; x_wconf 90' lang='lat' dir='ltr'>peri-</span> 
     </span>
     <span class='ocr_line' id='line_1_17' title="bbox 114 1161 1565 1212; baseline 0.003 -17"><span class='ocrx_word' id='word_1_155' title='bbox 114 1168 210 1206; x_wconf 85' lang='lat' dir='ltr'>rent,</span> <span class='ocrx_word' id='word_1_156' title='bbox 232 1161 300 1199; x_wconf 87' lang='lat' dir='ltr'>sed</span> <span class='ocrx_word' id='word_1_157' title='bbox 321 1173 395 1197; x_wconf 87' lang='lat' dir='ltr'>una</span> <span class='ocrx_word' id='word_1_158' title='bbox 423 1174 553 1199; x_wconf 87' lang='lat' dir='ltr'>secum</span> <span class='ocrx_word' id='word_1_159' title='bbox 573 1168 732 1199; x_wconf 81' lang='lat' dir='ltr'>caeteros</span> <span class='ocrx_word' id='word_1_160' title='bbox 752 1175 905 1212; x_wconf 89' lang='lat' dir='ltr'>quoque</span> <span class='ocrx_word' id='word_1_161' title='bbox 926 1168 1115 1206; x_wconf 84' lang='lat' dir='ltr'>vectores,</span> <span class='ocrx_word' id='word_1_162' title='bbox 1137 1162 1309 1211; x_wconf 87' lang='lat' dir='ltr'>quamvis</span> <span class='ocrx_word' id='word_1_163' title='bbox 1329 1169 1457 1200; x_wconf 82' lang='lat' dir='ltr'>castos</span> <span class='ocrx_word' id='word_1_164' title='bbox 1478 1175 1565 1200; x_wconf 83' lang='lat' dir='ltr'>san-</span> 
     </span>
     <span class='ocr_line' id='line_1_18' title="bbox 113 1221 1562 1272; baseline 0.002 -15"><span class='ocrx_word' id='word_1_165' title='bbox 113 1228 287 1271; x_wconf 87' lang='lat' dir='ltr'>ctosque,</span> <span class='ocrx_word' id='word_1_166' title='bbox 307 1221 345 1257; x_wconf 90' lang='lat' dir='ltr'>in</span> <span class='ocrx_word' id='word_1_167' title='bbox 371 1221 572 1270; x_wconf 88' lang='lat' dir='ltr'>perniciem</span> <span class='ocrx_word' id='word_1_168' title='bbox 603 1222 819 1265; x_wconf 78' lang='lat' dir='ltr'>traherent3</span> <span class='ocrx_word' id='word_1_169' title='bbox 861 1222 951 1258; x_wconf 85' lang='lat' dir='ltr'>item</span> <span class='ocrx_word' id='word_1_170' title='bbox 979 1222 1088 1266; x_wconf 74' lang='lat' dir='ltr'>alios,</span> <span class='ocrx_word' id='word_1_171' title='bbox 1119 1222 1311 1259; x_wconf 87' lang='lat' dir='ltr'>consortio</span> <span class='ocrx_word' id='word_1_172' title='bbox 1331 1223 1562 1272; x_wconf 85' lang='lat' dir='ltr'>impurorum</span> 
     </span>
     <span class='ocr_line' id='line_1_19' title="bbox 113 1281 1564 1332; baseline 0.002 -14"><span class='ocrx_word' id='word_1_173' title='bbox 113 1294 216 1326; x_wconf 89' lang='lat' dir='ltr'>usos,</span> <span class='ocrx_word' id='word_1_174' title='bbox 235 1281 389 1319; x_wconf 85' lang='lat' dir='ltr'>tametsi</span> <span class='ocrx_word' id='word_1_175' title='bbox 411 1294 486 1319; x_wconf 89' lang='lat' dir='ltr'>non</span> <span class='ocrx_word' id='word_1_176' title='bbox 506 1282 686 1332; x_wconf 90' lang='lat' dir='ltr'>perirent,</span> <span class='ocrx_word' id='word_1_177' title='bbox 715 1282 763 1320; x_wconf 85' lang='lat' dir='ltr'>ad</span> <span class='ocrx_word' id='word_1_178' title='bbox 785 1283 1001 1319; x_wconf 86' lang='lat' dir='ltr'>discrimina</span> <span class='ocrx_word' id='word_1_179' title='bbox 1031 1291 1158 1319; x_wconf 82' lang='lat' dir='ltr'>tamen</span> <span class='ocrx_word' id='word_1_180' title='bbox 1179 1291 1354 1321; x_wconf 80' lang='lat' dir='ltr'>extrema</span> <span class='ocrx_word' id='word_1_181' title='bbox 1374 1283 1564 1321; x_wconf 86' lang='lat' dir='ltr'>adductos</span> 
     </span>
     <span class='ocr_line' id='line_1_20' title="bbox 111 1341 1562 1392; baseline 0.002 -14"><span class='ocrx_word' id='word_1_182' title='bbox 111 1341 245 1384; x_wconf 82' lang='lat' dir='ltr'>fuisse;</span> <span class='ocrx_word' id='word_1_183' title='bbox 276 1354 347 1379; x_wconf 91' lang='lat' dir='ltr'>nec</span> <span class='ocrx_word' id='word_1_184' title='bbox 377 1355 455 1379; x_wconf 91' lang='lat' dir='ltr'>non</span> <span class='ocrx_word' id='word_1_185' title='bbox 484 1341 639 1389; x_wconf 90' lang='lat' dir='ltr'>multos,</span> <span class='ocrx_word' id='word_1_186' title='bbox 669 1342 868 1381; x_wconf 84' lang='lat' dir='ltr'>adstantes</span> <span class='ocrx_word' id='word_1_187' title='bbox 898 1343 1033 1386; x_wconf 89' lang='lat' dir='ltr'>sacris,</span> <span class='ocrx_word' id='word_1_188' title='bbox 1070 1356 1115 1379; x_wconf 89' lang='lat' dir='ltr'>eo</span> <span class='ocrx_word' id='word_1_189' title='bbox 1149 1343 1254 1392; x_wconf 89' lang='lat' dir='ltr'>quod</span> <span class='ocrx_word' id='word_1_190' title='bbox 1284 1343 1450 1392; x_wconf 87' lang='lat' dir='ltr'>perlitari</span> <span class='ocrx_word' id='word_1_191' title='bbox 1485 1357 1562 1382; x_wconf 89' lang='lat' dir='ltr'>non</span> 
     </span>
     <span class='ocr_line' id='line_1_21' title="bbox 109 1403 1562 1453; baseline 0.001 -14"><span class='ocrx_word' id='word_1_192' title='bbox 109 1408 252 1452; x_wconf 82' lang='lat' dir='ltr'>posset,</span> <span class='ocrx_word' id='word_1_193' title='bbox 271 1409 422 1440; x_wconf 85' lang='lat' dir='ltr'>suomet</span> <span class='ocrx_word' id='word_1_194' title='bbox 439 1403 542 1452; x_wconf 86' lang='lat' dir='ltr'>ipsos</span> <span class='ocrx_word' id='word_1_195' title='bbox 563 1403 685 1441; x_wconf 88' lang='lat' dir='ltr'>tacito</span> <span class='ocrx_word' id='word_1_196' title='bbox 702 1403 844 1440; x_wconf 90' lang='lat' dir='ltr'>indicio</span> <span class='ocrx_word' id='word_1_197' title='bbox 865 1403 1095 1453; x_wconf 84' lang='lat' dir='ltr'>prodidisse,</span> <span class='ocrx_word' id='word_1_198' title='bbox 1116 1403 1322 1453; x_wconf 85' lang='lat' dir='ltr'>religiones</span> <span class='ocrx_word' id='word_1_199' title='bbox 1338 1403 1494 1441; x_wconf 90' lang='lat' dir='ltr'>deorum</span> <span class='ocrx_word' id='word_1_200' title='bbox 1514 1405 1562 1441; x_wconf 91' lang='lat' dir='ltr'>ab</span> 
     </span>
     <span class='ocr_line' id='line_1_22' title="bbox 108 1463 1562 1515; baseline 0.001 -15"><span class='ocrx_word' id='word_1_201' title='bbox 108 1464 201 1513; x_wconf 88' lang='lat' dir='ltr'>ipsis</span> <span class='ocrx_word' id='word_1_202' title='bbox 221 1463 382 1502; x_wconf 87' lang='lat' dir='ltr'>violatas</span> <span class='ocrx_word' id='word_1_203' title='bbox 403 1477 503 1509; x_wconf 88' lang='lat' dir='ltr'>esse,</span> <span class='ocrx_word' id='word_1_204' title='bbox 525 1470 564 1502; x_wconf 89' lang='lat' dir='ltr'>et</span> <span class='ocrx_word' id='word_1_205' title='bbox 583 1477 699 1514; x_wconf 88' lang='lat' dir='ltr'>penes</span> <span class='ocrx_word' id='word_1_206' title='bbox 719 1464 824 1515; x_wconf 93' lang='lat' dir='ltr'>ipsos</span> <span class='ocrx_word' id='word_1_207' title='bbox 845 1472 947 1501; x_wconf 88' lang='lat' dir='ltr'>stare</span> <span class='ocrx_word' id='word_1_208' title='bbox 962 1465 1166 1514; x_wconf 88' lang='lat' dir='ltr'>quominus</span> <span class='ocrx_word' id='word_1_209' title='bbox 1183 1477 1291 1502; x_wconf 85' lang='lat' dir='ltr'>sacra</span> <span class='ocrx_word' id='word_1_210' title='bbox 1305 1465 1478 1502; x_wconf 87' lang='lat' dir='ltr'>solennia</span> <span class='ocrx_word' id='word_1_211' title='bbox 1495 1466 1562 1503; x_wconf 88' lang='lat' dir='ltr'>rite</span> 
     </span>
     <span class='ocr_line' id='line_1_23' title="bbox 109 1523 1563 1575; baseline 0.001 -13"><span class='ocrx_word' id='word_1_212' title='bbox 109 1532 355 1575; x_wconf 84' lang='lat' dir='ltr'>peragantur.</span> <span class='ocrx_word' id='word_1_213' title='bbox 422 1526 512 1562; x_wconf 85' lang='lat' dir='ltr'>Jam</span> <span class='ocrx_word' id='word_1_214' title='bbox 542 1525 678 1563; x_wconf 89' lang='lat' dir='ltr'>horum</span> <span class='ocrx_word' id='word_1_215' title='bbox 708 1526 876 1563; x_wconf 87' lang='lat' dir='ltr'>omnium</span> <span class='ocrx_word' id='word_1_216' title='bbox 915 1523 1007 1562; x_wconf 88' lang='lat' dir='ltr'>nihil</span> <span class='ocrx_word' id='word_1_217' title='bbox 1045 1524 1082 1561; x_wconf 90' lang='lat' dir='ltr'>in</span> <span class='ocrx_word' id='word_1_218' title='bbox 1124 1538 1183 1562; x_wconf 89' lang='lat' dir='ltr'>me</span> <span class='ocrx_word' id='word_1_219' title='bbox 1216 1538 1384 1574; x_wconf 88' lang='lat' dir='ltr'>unquam</span> <span class='ocrx_word' id='word_1_220' title='bbox 1422 1526 1563 1563; x_wconf 88' lang='lat' dir='ltr'>evenit.</span> 
     </span>
     <span class='ocr_line' id='line_1_24' title="bbox 110 1585 1562 1636; baseline 0.001 -14"><span class='ocrx_word' id='word_1_221' title='bbox 110 1586 409 1636; x_wconf 82' lang='lat' dir='ltr'>Quibuscunque</span> <span class='ocrx_word' id='word_1_222' title='bbox 432 1598 599 1636; x_wconf 89' lang='lat' dir='ltr'>unquam</span> <span class='ocrx_word' id='word_1_223' title='bbox 625 1586 912 1636; x_wconf 84' lang='lat' dir='ltr'>navigationum</span> <span class='ocrx_word' id='word_1_224' title='bbox 936 1598 1095 1623; x_wconf 88' lang='lat' dir='ltr'>consors</span> <span class='ocrx_word' id='word_1_225' title='bbox 1122 1585 1189 1630; x_wconf 83' lang='lat' dir='ltr'>fui,</span> <span class='ocrx_word' id='word_1_226' title='bbox 1215 1585 1253 1621; x_wconf 88' lang='lat' dir='ltr'>hi</span> <span class='ocrx_word' id='word_1_227' title='bbox 1272 1585 1562 1623; x_wconf 88' lang='lat' dir='ltr'>secundissimis</span> 
     </span>
     <span class='ocr_line' id='line_1_25' title="bbox 109 1645 1560 1698; baseline -0.001 -15"><span class='ocrx_word' id='word_1_228' title='bbox 109 1646 170 1684; x_wconf 90' lang='lat' dir='ltr'>usi</span> <span class='ocrx_word' id='word_1_229' title='bbox 200 1654 291 1685; x_wconf 89' lang='lat' dir='ltr'>sunt</span> <span class='ocrx_word' id='word_1_230' title='bbox 321 1648 494 1685; x_wconf 88' lang='lat' dir='ltr'>cursibus</span> <span class='ocrx_word' id='word_1_231' title='bbox 511 1660 520 1684; x_wconf 89' lang='lat'>:</span> <span class='ocrx_word' id='word_1_232' title='bbox 564 1647 783 1698; x_wconf 91' lang='lat' dir='ltr'>ubicunque</span> <span class='ocrx_word' id='word_1_233' title='bbox 813 1647 931 1684; x_wconf 82' lang='lat' dir='ltr'>sacris</span> <span class='ocrx_word' id='word_1_234' title='bbox 968 1645 1134 1689; x_wconf 87' lang='lat' dir='ltr'>interfui,</span> <span class='ocrx_word' id='word_1_235' title='bbox 1172 1645 1222 1682; x_wconf 89' lang='lat' dir='ltr'>ibi</span> <span class='ocrx_word' id='word_1_236' title='bbox 1255 1658 1451 1694; x_wconf 89' lang='lat' dir='ltr'>nunquam</span> <span class='ocrx_word' id='word_1_237' title='bbox 1484 1658 1560 1683; x_wconf 90' lang='lat' dir='ltr'>non</span> 
     </span>
     <span class='ocr_line' id='line_1_26' title="bbox 107 1705 1560 1759; baseline -0.001 -14"><span class='ocrx_word' id='word_1_238' title='bbox 107 1708 360 1758; x_wconf 88' lang='lat' dir='ltr'>pulcherrime</span> <span class='ocrx_word' id='word_1_239' title='bbox 379 1715 494 1758; x_wconf 88' lang='lat' dir='ltr'>atque</span> <span class='ocrx_word' id='word_1_240' title='bbox 521 1708 773 1759; x_wconf 85' lang='lat' dir='ltr'>prosperrime</span> <span class='ocrx_word' id='word_1_241' title='bbox 793 1706 865 1744; x_wconf 88' lang='lat' dir='ltr'>fuit</span> <span class='ocrx_word' id='word_1_242' title='bbox 884 1707 1116 1757; x_wconf 85' lang='lat' dir='ltr'>perlitatum.</span> <span class='ocrx_word' id='word_1_243' title='bbox 1174 1706 1272 1749; x_wconf 80' lang='lat' dir='ltr'>Quae</span> <span class='ocrx_word' id='word_1_244' title='bbox 1295 1705 1450 1751; x_wconf 90' lang='lat' dir='ltr'>indicia,</span> <span class='ocrx_word' id='word_1_245' title='bbox 1473 1710 1560 1754; x_wconf 84' lang='lat' dir='ltr'>jure</span> 
     </span>
     <span class='ocr_line' id='line_1_27' title="bbox 107 1766 1559 1819; baseline -0.001 -14"><span class='ocrx_word' id='word_1_246' title='bbox 107 1779 194 1805; x_wconf 89' lang='lat' dir='ltr'>meo</span> <span class='ocrx_word' id='word_1_247' title='bbox 216 1768 432 1817; x_wconf 79' lang='lat' dir='ltr'>aequissimo</span> <span class='ocrx_word' id='word_1_248' title='bbox 451 1768 616 1819; x_wconf 87' lang='lat' dir='ltr'>postulo,</span> <span class='ocrx_word' id='word_1_249' title='bbox 638 1774 681 1804; x_wconf 88' lang='lat' dir='ltr'>ut</span> <span class='ocrx_word' id='word_1_250' title='bbox 701 1780 768 1805; x_wconf 90' lang='lat' dir='ltr'>vos</span> <span class='ocrx_word' id='word_1_251' title='bbox 787 1767 841 1804; x_wconf 87' lang='lat' dir='ltr'>ita</span> <span class='ocrx_word' id='word_1_252' title='bbox 860 1766 1163 1817; x_wconf 86' lang='lat' dir='ltr'>interpretemini</span> <span class='ocrx_word' id='word_1_253' title='bbox 1183 1774 1224 1803; x_wconf 89' lang='lat' dir='ltr'>ut</span> <span class='ocrx_word' id='word_1_254' title='bbox 1244 1766 1333 1804; x_wconf 89' lang='lat' dir='ltr'>inde</span> <span class='ocrx_word' id='word_1_255' title='bbox 1351 1766 1559 1804; x_wconf 87' lang='lat' dir='ltr'>falsitatem</span> 
     </span>
     <span class='ocr_line' id='line_1_28' title="bbox 106 1827 1560 1878; baseline -0.002 -11"><span class='ocrx_word' id='word_1_256' title='bbox 106 1828 273 1867; x_wconf 81' lang='lat' dir='ltr'>criminis</span> <span class='ocrx_word' id='word_1_257' title='bbox 305 1829 343 1866; x_wconf 89' lang='lat' dir='ltr'>in</span> <span class='ocrx_word' id='word_1_258' title='bbox 373 1842 433 1866; x_wconf 89' lang='lat' dir='ltr'>me</span> <span class='ocrx_word' id='word_1_259' title='bbox 463 1828 592 1866; x_wconf 88' lang='lat' dir='ltr'>collati</span> <span class='ocrx_word' id='word_1_260' title='bbox 620 1828 821 1878; x_wconf 85' lang='lat' dir='ltr'>colligatis.</span> <span class='ocrx_word' id='word_1_261' title='bbox 889 1827 991 1865; x_wconf 83' lang='lat' dir='ltr'>Vera</span> <span class='ocrx_word' id='word_1_262' title='bbox 1021 1836 1148 1865; x_wconf 85' lang='lat' dir='ltr'>autem</span> <span class='ocrx_word' id='word_1_263' title='bbox 1176 1841 1275 1872; x_wconf 88' lang='lat' dir='ltr'>esse,</span> <span class='ocrx_word' id='word_1_264' title='bbox 1306 1840 1393 1877; x_wconf 89' lang='lat' dir='ltr'>quae</span> <span class='ocrx_word' id='word_1_265' title='bbox 1425 1827 1472 1864; x_wconf 91' lang='lat' dir='ltr'>de</span> <span class='ocrx_word' id='word_1_266' title='bbox 1501 1839 1560 1864; x_wconf 89' lang='lat' dir='ltr'>me</span> 
     </span>
     <span class='ocr_line' id='line_1_29' title="bbox 109 1890 1038 1940; baseline -0.001 -13"><span class='ocrx_word' id='word_1_267' title='bbox 109 1890 327 1940; x_wconf 72' lang='lat' dir='ltr'>praedicavi,</span> <span class='ocrx_word' id='word_1_268' title='bbox 348 1898 389 1928; x_wconf 89' lang='lat' dir='ltr'>ut</span> <span class='ocrx_word' id='word_1_269' title='bbox 408 1891 515 1928; x_wconf 90' lang='lat' dir='ltr'>vobis</span> <span class='ocrx_word' id='word_1_270' title='bbox 537 1897 698 1935; x_wconf 85' lang='lat' dir='ltr'>constet,</span> <span class='ocrx_word' id='word_1_271' title='bbox 719 1890 789 1927; x_wconf 85' lang='lat' dir='ltr'>hos</span> <span class='ocrx_word' id='word_1_272' title='bbox 810 1895 930 1927; x_wconf 86' lang='lat' dir='ltr'>testes</span> <span class='ocrx_word' id='word_1_273' title='bbox 950 1890 1038 1927; x_wconf 87' lang='lat' dir='ltr'>cito.</span> 
     </span>
    </p>
   </div>
   <div class='ocr_carea' id='block_1_3' title="bbox 724 1990 942 2027">
    <p class='ocr_par' dir='ltr' id='par_1_4' title="bbox 724 1990 942 2027">
     <span class='ocr_line' id='line_1_30' title="bbox 724 1990 942 2027; baseline -0.005 0"><span class='ocrx_word' id='word_1_274' title='bbox 724 1990 942 2027; x_wconf 88' lang='lat' dir='ltr'>TESTES.</span> 
     </span>
    </p>
   </div>
   <div class='ocr_carea' id='block_1_4' title="bbox 104 2067 1561 2903">
    <p class='ocr_par' dir='ltr' id='par_1_5' title="bbox 104 2067 1561 2903">
     <span class='ocr_line' id='line_1_31' title="bbox 107 2067 1560 2117; baseline 0.001 -13"><span class='ocrx_word' id='word_1_275' title='bbox 107 2068 250 2117; x_wconf 30' lang='lat' dir='ltr'>,Certus</span> <span class='ocrx_word' id='word_1_276' title='bbox 277 2080 376 2113; x_wconf 89' lang='lat' dir='ltr'>sum,</span> <span class='ocrx_word' id='word_1_277' title='bbox 401 2067 570 2116; x_wconf 87' lang='lat' dir='ltr'>judices,</span> <span class='ocrx_word' id='word_1_278' title='bbox 601 2067 639 2103; x_wconf 90' lang='lat' dir='ltr'>hi</span> <span class='ocrx_word' id='word_1_279' title='bbox 666 2073 786 2104; x_wconf 90' lang='lat' dir='ltr'>testes</span> <span class='ocrx_word' id='word_1_280' title='bbox 817 2067 848 2102; x_wconf 92' lang='lat' dir='ltr'>si</span> <span class='ocrx_word' id='word_1_281' title='bbox 879 2067 1064 2103; x_wconf 89' lang='lat' dir='ltr'>adversus</span> <span class='ocrx_word' id='word_1_282' title='bbox 1094 2080 1153 2103; x_wconf 89' lang='lat' dir='ltr'>me</span> <span class='ocrx_word' id='word_1_283' title='bbox 1181 2074 1411 2105; x_wconf 86' lang='lat' dir='ltr'>testarentur</span> <span class='ocrx_word' id='word_1_284' title='bbox 1443 2074 1560 2116; x_wconf 87' lang='lat' dir='ltr'>atque</span> 
     </span>
     <span class='ocr_line' id='line_1_32' title="bbox 108 2126 1561 2177; baseline -0.001 -11"><span class='ocrx_word' id='word_1_285' title='bbox 108 2129 392 2172; x_wconf 82' lang='lat' dir='ltr'>confirmarent,</span> <span class='ocrx_word' id='word_1_286' title='bbox 412 2128 450 2164; x_wconf 91' lang='lat' dir='ltr'>in</span> <span class='ocrx_word' id='word_1_287' title='bbox 471 2127 615 2177; x_wconf 87' lang='lat' dir='ltr'>templo</span> <span class='ocrx_word' id='word_1_288' title='bbox 635 2127 812 2177; x_wconf 89' lang='lat' dir='ltr'>quopiam</span> <span class='ocrx_word' id='word_1_289' title='bbox 834 2126 1045 2176; x_wconf 86' lang='lat' dir='ltr'>navigiove‚</span> <span class='ocrx_word' id='word_1_290' title='bbox 1067 2127 1104 2162; x_wconf 89' lang='lat' dir='ltr'>in</span> <span class='ocrx_word' id='word_1_291' title='bbox 1125 2139 1200 2176; x_wconf 91' lang='lat' dir='ltr'>quo</span> <span class='ocrx_word' id='word_1_292' title='bbox 1217 2140 1290 2177; x_wconf 86' lang='lat' dir='ltr'>ego</span> <span class='ocrx_word' id='word_1_293' title='bbox 1311 2140 1448 2172; x_wconf 90' lang='lat' dir='ltr'>essem,</span> <span class='ocrx_word' id='word_1_294' title='bbox 1464 2128 1561 2164; x_wconf 87' lang='lat' dir='ltr'>indi-</span> 
     </span>
     <span class='ocr_line' id='line_1_33' title="bbox 107 2186 1559 2238; baseline -0.001 -12"><span class='ocrx_word' id='word_1_295' title='bbox 107 2189 207 2226; x_wconf 89' lang='lat' dir='ltr'>cium</span> <span class='ocrx_word' id='word_1_296' title='bbox 227 2187 385 2238; x_wconf 85' lang='lat' dir='ltr'>aliquod</span> <span class='ocrx_word' id='word_1_297' title='bbox 405 2187 527 2224; x_wconf 86' lang='lat' dir='ltr'>visum</span> <span class='ocrx_word' id='word_1_298' title='bbox 544 2201 629 2225; x_wconf 90' lang='lat' dir='ltr'>esse</span> <span class='ocrx_word' id='word_1_299' title='bbox 650 2187 817 2224; x_wconf 90' lang='lat' dir='ltr'>numinis</span> <span class='ocrx_word' id='word_1_300' title='bbox 838 2187 887 2224; x_wconf 93' lang='lat' dir='ltr'>ob</span> <span class='ocrx_word' id='word_1_301' title='bbox 909 2199 1018 2224; x_wconf 86' lang='lat' dir='ltr'>sacra</span> <span class='ocrx_word' id='word_1_302' title='bbox 1036 2186 1184 2236; x_wconf 83' lang='lat' dir='ltr'>polluta</span> <span class='ocrx_word' id='word_1_303' title='bbox 1199 2187 1298 2233; x_wconf 82' lang='lat' dir='ltr'>irati,</span> <span class='ocrx_word' id='word_1_304' title='bbox 1319 2188 1559 2225; x_wconf 85' lang='lat' dir='ltr'>adversarios</span> 
     </span>
     <span class='ocr_line' id='line_1_34' title="bbox 107 2247 1561 2298; baseline 0 -12"><span class='ocrx_word' id='word_1_305' title='bbox 107 2261 211 2287; x_wconf 88' lang='lat' dir='ltr'>meos</span> <span class='ocrx_word' id='word_1_306' title='bbox 231 2248 305 2285; x_wconf 91' lang='lat' dir='ltr'>hoc</span> <span class='ocrx_word' id='word_1_307' title='bbox 325 2248 560 2293; x_wconf 85' lang='lat' dir='ltr'>testimonio,</span> <span class='ocrx_word' id='word_1_308' title='bbox 592 2255 775 2298; x_wconf 82' lang='lat' dir='ltr'>tanquam</span> <span class='ocrx_word' id='word_1_309' title='bbox 808 2247 994 2285; x_wconf 88' lang='lat' dir='ltr'>acerrimo</span> <span class='ocrx_word' id='word_1_310' title='bbox 1012 2247 1180 2297; x_wconf 87' lang='lat' dir='ltr'>quodam</span> <span class='ocrx_word' id='word_1_311' title='bbox 1200 2248 1292 2292; x_wconf 85' lang='lat' dir='ltr'>telo,</span> <span class='ocrx_word' id='word_1_312' title='bbox 1316 2260 1452 2286; x_wconf 89' lang='lat' dir='ltr'>usuros</span> <span class='ocrx_word' id='word_1_313' title='bbox 1475 2262 1561 2286; x_wconf 88' lang='lat' dir='ltr'>esse</span> 
     </span>
     <span class='ocr_line' id='line_1_35' title="bbox 108 2307 1559 2358; baseline 0 -13"><span class='ocrx_word' id='word_1_314' title='bbox 108 2309 156 2346; x_wconf 88' lang='lat' dir='ltr'>ad</span> <span class='ocrx_word' id='word_1_315' title='bbox 176 2321 236 2345; x_wconf 91' lang='lat' dir='ltr'>me</span> <span class='ocrx_word' id='word_1_316' title='bbox 253 2307 565 2352; x_wconf 87' lang='lat' dir='ltr'>confodiendum,</span> <span class='ocrx_word' id='word_1_317' title='bbox 587 2314 702 2357; x_wconf 90' lang='lat' dir='ltr'>atque</span> <span class='ocrx_word' id='word_1_318' title='bbox 727 2307 960 2344; x_wconf 87' lang='lat' dir='ltr'>clamaturos</span> <span class='ocrx_word' id='word_1_319' title='bbox 981 2307 1064 2344; x_wconf 83' lang='lat' dir='ltr'>haec</span> <span class='ocrx_word' id='word_1_320' title='bbox 1085 2313 1236 2344; x_wconf 86' lang='lat' dir='ltr'>ostenta</span> <span class='ocrx_word' id='word_1_321' title='bbox 1266 2307 1423 2358; x_wconf 81' lang='lat' dir='ltr'>deorum</span> <span class='ocrx_word' id='word_1_322' title='bbox 1446 2309 1559 2345; x_wconf 87' lang='lat' dir='ltr'>fidem</span> 
     </span>
     <span class='ocr_line' id='line_1_36' title="bbox 107 2367 1561 2418; baseline -0.001 -12"><span class='ocrx_word' id='word_1_323' title='bbox 107 2369 182 2406; x_wconf 82' lang='lat' dir='ltr'>mei</span> <span class='ocrx_word' id='word_1_324' title='bbox 201 2367 355 2406; x_wconf 89' lang='lat' dir='ltr'>sceleris</span> <span class='ocrx_word' id='word_1_325' title='bbox 376 2367 501 2405; x_wconf 85' lang='lat' dir='ltr'>facere</span> <span class='ocrx_word' id='word_1_326' title='bbox 521 2374 598 2405; x_wconf 87' lang='lat' dir='ltr'>tarn</span> <span class='ocrx_word' id='word_1_327' title='bbox 627 2368 867 2418; x_wconf 85' lang='lat' dir='ltr'>perspicuam</span> <span class='ocrx_word' id='word_1_328' title='bbox 890 2374 1004 2417; x_wconf 88' lang='lat' dir='ltr'>atque</span> <span class='ocrx_word' id='word_1_329' title='bbox 1030 2367 1264 2404; x_wconf 85' lang='lat' dir='ltr'>luculentam</span> <span class='ocrx_word' id='word_1_330' title='bbox 1296 2374 1338 2404; x_wconf 88' lang='lat' dir='ltr'>ut</span> <span class='ocrx_word' id='word_1_331' title='bbox 1357 2368 1433 2405; x_wconf 88' lang='lat' dir='ltr'>alia</span> <span class='ocrx_word' id='word_1_332' title='bbox 1452 2368 1561 2405; x_wconf 72' lang='lat' dir='ltr'>nulla</span> 
     </span>
     <span class='ocr_line' id='line_1_37' title="bbox 104 2428 1560 2479; baseline 0.001 -14"><span class='ocrx_word' id='word_1_333' title='bbox 104 2428 201 2466; x_wconf 90' lang='lat' dir='ltr'>fides</span> <span class='ocrx_word' id='word_1_334' title='bbox 230 2429 353 2479; x_wconf 83' lang='lat' dir='ltr'>possit</span> <span class='ocrx_word' id='word_1_335' title='bbox 377 2441 459 2465; x_wconf 89' lang='lat' dir='ltr'>esse</span> <span class='ocrx_word' id='word_1_336' title='bbox 489 2428 722 2466; x_wconf 88' lang='lat' dir='ltr'>evidentior:</span> <span class='ocrx_word' id='word_1_337' title='bbox 748 2429 829 2479; x_wconf 89' lang='lat' dir='ltr'>jam</span> <span class='ocrx_word' id='word_1_338' title='bbox 859 2441 949 2465; x_wconf 89' lang='lat' dir='ltr'>vero</span> <span class='ocrx_word' id='word_1_339' title='bbox 979 2434 1017 2465; x_wconf 88' lang='lat' dir='ltr'>et</span> <span class='ocrx_word' id='word_1_340' title='bbox 1047 2428 1174 2464; x_wconf 88' lang='lat' dir='ltr'>divina</span> <span class='ocrx_word' id='word_1_341' title='bbox 1204 2435 1355 2465; x_wconf 85' lang='lat' dir='ltr'>ostenta</span> <span class='ocrx_word' id='word_1_342' title='bbox 1382 2429 1560 2466; x_wconf 85' lang='lat' dir='ltr'>crimina-</span> 
     </span>
     <span class='ocr_line' id='line_1_38' title="bbox 104 2488 1555 2539; baseline 0.001 -13"><span class='ocrx_word' id='word_1_343' title='bbox 104 2489 272 2526; x_wconf 86' lang='lat' dir='ltr'>tionibus</span> <span class='ocrx_word' id='word_1_344' title='bbox 301 2488 540 2525; x_wconf 86' lang='lat' dir='ltr'>inimicorum</span> <span class='ocrx_word' id='word_1_345' title='bbox 572 2501 743 2526; x_wconf 88' lang='lat' dir='ltr'>meorum</span> <span class='ocrx_word' id='word_1_346' title='bbox 763 2495 994 2539; x_wconf 85' lang='lat' dir='ltr'>repugnant,</span> <span class='ocrx_word' id='word_1_347' title='bbox 1026 2496 1065 2525; x_wconf 87' lang='lat' dir='ltr'>et</span> <span class='ocrx_word' id='word_1_348' title='bbox 1084 2488 1237 2525; x_wconf 87' lang='lat' dir='ltr'>testium</span> <span class='ocrx_word' id='word_1_349' title='bbox 1267 2489 1555 2538; x_wconf 83' lang='lat' dir='ltr'>praedicationes</span> 
     </span>
     <span class='ocr_line' id='line_1_39' title="bbox 105 2549 1558 2599; baseline 0 -12"><span class='ocrx_word' id='word_1_350' title='bbox 105 2562 192 2587; x_wconf 89' lang='lat' dir='ltr'>cum</span> <span class='ocrx_word' id='word_1_351' title='bbox 223 2562 380 2587; x_wconf 85' lang='lat' dir='ltr'>causam</span> <span class='ocrx_word' id='word_1_352' title='bbox 416 2562 539 2586; x_wconf 84' lang='lat' dir='ltr'>meam</span> <span class='ocrx_word' id='word_1_353' title='bbox 568 2550 783 2596; x_wconf 88' lang='lat' dir='ltr'>sublevant,</span> <span class='ocrx_word' id='word_1_354' title='bbox 817 2556 899 2586; x_wconf 87' lang='lat' dir='ltr'>tum</span> <span class='ocrx_word' id='word_1_355' title='bbox 930 2549 1088 2585; x_wconf 92' lang='lat' dir='ltr'>istorum</span> <span class='ocrx_word' id='word_1_356' title='bbox 1120 2561 1277 2586; x_wconf 87' lang='lat' dir='ltr'>causam</span> <span class='ocrx_word' id='word_1_357' title='bbox 1310 2557 1488 2599; x_wconf 89' lang='lat' dir='ltr'>premunt</span> <span class='ocrx_word' id='word_1_358' title='bbox 1521 2558 1558 2587; x_wconf 88' lang='lat' dir='ltr'>et</span> 
     </span>
     <span class='ocr_line' id='line_1_40' title="bbox 106 2608 1556 2660; baseline 0.001 -15"><span class='ocrx_word' id='word_1_359' title='bbox 106 2617 281 2648; x_wconf 89' lang='lat' dir='ltr'>evertunt</span> <span class='ocrx_word' id='word_1_360' title='bbox 310 2617 425 2660; x_wconf 89' lang='lat' dir='ltr'>atque</span> <span class='ocrx_word' id='word_1_361' title='bbox 453 2610 642 2648; x_wconf 82' lang='lat' dir='ltr'>mendacii</span> <span class='ocrx_word' id='word_1_362' title='bbox 662 2617 899 2660; x_wconf 86' lang='lat' dir='ltr'>coarguunt;</span> <span class='ocrx_word' id='word_1_363' title='bbox 931 2615 970 2647; x_wconf 85' lang='lat' dir='ltr'>et</span> <span class='ocrx_word' id='word_1_364' title='bbox 990 2608 1107 2646; x_wconf 87' lang='lat' dir='ltr'>nihilo</span> <span class='ocrx_word' id='word_1_365' title='bbox 1128 2615 1257 2646; x_wconf 83' lang='lat' dir='ltr'>tamen</span> <span class='ocrx_word' id='word_1_366' title='bbox 1277 2609 1317 2645; x_wconf 85' lang='lat' dir='ltr'>hi</span> <span class='ocrx_word' id='word_1_367' title='bbox 1342 2609 1467 2646; x_wconf 89' lang='lat' dir='ltr'>minus</span> <span class='ocrx_word' id='word_1_368' title='bbox 1487 2622 1556 2659; x_wconf 91' lang='lat' dir='ltr'>po-</span> 
     </span>
     <span class='ocr_line' id='line_1_41' title="bbox 107 2669 1556 2721; baseline 0.001 -15"><span class='ocrx_word' id='word_1_369' title='bbox 107 2670 253 2708; x_wconf 88' lang='lat' dir='ltr'>stulant</span> <span class='ocrx_word' id='word_1_370' title='bbox 283 2678 335 2715; x_wconf 90' lang='lat' dir='ltr'>ut,</span> <span class='ocrx_word' id='word_1_371' title='bbox 364 2684 480 2721; x_wconf 86' lang='lat' dir='ltr'>quam</span> <span class='ocrx_word' id='word_1_372' title='bbox 501 2684 568 2708; x_wconf 90' lang='lat' dir='ltr'>vos</span> <span class='ocrx_word' id='word_1_373' title='bbox 596 2671 710 2708; x_wconf 82' lang='lat' dir='ltr'>fidem</span> <span class='ocrx_word' id='word_1_374' title='bbox 731 2671 824 2708; x_wconf 88' lang='lat' dir='ltr'>meis</span> <span class='ocrx_word' id='word_1_375' title='bbox 854 2671 1016 2708; x_wconf 86' lang='lat' dir='ltr'>testibus</span> <span class='ocrx_word' id='word_1_376' title='bbox 1047 2669 1259 2719; x_wconf 86' lang='lat' dir='ltr'>denegetis,</span> <span class='ocrx_word' id='word_1_377' title='bbox 1279 2682 1362 2706; x_wconf 84' lang='lat' dir='ltr'>eam</span> <span class='ocrx_word' id='word_1_378' title='bbox 1389 2669 1556 2719; x_wconf 88' lang='lat' dir='ltr'>ipsorum</span> 
     </span>
     <span class='ocr_line' id='line_1_42' title="bbox 107 2729 1556 2781; baseline 0.001 -15"><span class='ocrx_word' id='word_1_379' title='bbox 107 2730 316 2768; x_wconf 79' lang='lat' dir='ltr'>mendaciis</span> <span class='ocrx_word' id='word_1_380' title='bbox 341 2731 603 2769; x_wconf 86' lang='lat' dir='ltr'>contribuatis.</span> <span class='ocrx_word' id='word_1_381' title='bbox 661 2731 743 2769; x_wconf 89' lang='lat' dir='ltr'>Alii</span> <span class='ocrx_word' id='word_1_382' title='bbox 769 2731 924 2781; x_wconf 90' lang='lat' dir='ltr'>quidem</span> <span class='ocrx_word' id='word_1_383' title='bbox 945 2730 1118 2767; x_wconf 88' lang='lat' dir='ltr'>homines</span> <span class='ocrx_word' id='word_1_384' title='bbox 1139 2743 1206 2780; x_wconf 83' lang='lat' dir='ltr'>per</span> <span class='ocrx_word' id='word_1_385' title='bbox 1227 2730 1310 2780; x_wconf 87' lang='lat' dir='ltr'>ipsa</span> <span class='ocrx_word' id='word_1_386' title='bbox 1328 2729 1431 2768; x_wconf 85' lang='lat' dir='ltr'>sacta</span> <span class='ocrx_word' id='word_1_387' title='bbox 1448 2731 1556 2768; x_wconf 87' lang='lat' dir='ltr'>vani-</span> 
     </span>
     <span class='ocr_line' id='line_1_43' title="bbox 107 2789 1557 2841; baseline 0.002 -16"><span class='ocrx_word' id='word_1_388' title='bbox 107 2797 223 2828; x_wconf 79' lang='lat' dir='ltr'>tatem</span> <span class='ocrx_word' id='word_1_389' title='bbox 244 2792 537 2841; x_wconf 83' lang='lat' dir='ltr'>proetensionum</span> <span class='ocrx_word' id='word_1_390' title='bbox 558 2792 824 2830; x_wconf 86' lang='lat' dir='ltr'>demonstrant</span> <span class='ocrx_word' id='word_1_391' title='bbox 840 2797 954 2841; x_wconf 89' lang='lat' dir='ltr'>atque</span> <span class='ocrx_word' id='word_1_392' title='bbox 974 2791 1174 2832; x_wconf 86' lang='lat' dir='ltr'>refellunt;</span> <span class='ocrx_word' id='word_1_393' title='bbox 1202 2789 1238 2826; x_wconf 88' lang='lat' dir='ltr'>hi</span> <span class='ocrx_word' id='word_1_394' title='bbox 1253 2802 1341 2828; x_wconf 88' lang='lat' dir='ltr'>vero</span> <span class='ocrx_word' id='word_1_395' title='bbox 1357 2791 1557 2830; x_wconf 78' lang='lat' dir='ltr'>verborum</span> 
     </span>
     <span class='ocr_line' id='line_1_44' title="bbox 105 2850 1332 2903; baseline 0 -15"><span class='ocrx_word' id='word_1_396' title='bbox 105 2850 308 2900; x_wconf 72' lang='lat' dir='ltr'>praestigiis</span> <span class='ocrx_word' id='word_1_397' title='bbox 324 2852 518 2890; x_wconf 86' lang='lat' dir='ltr'>veritatem</span> <span class='ocrx_word' id='word_1_398' title='bbox 536 2866 656 2890; x_wconf 87' lang='lat' dir='ltr'>rerum</span> <span class='ocrx_word' id='word_1_399' title='bbox 673 2860 864 2903; x_wconf 87' lang='lat' dir='ltr'>gestarum</span> <span class='ocrx_word' id='word_1_400' title='bbox 883 2852 1115 2890; x_wconf 85' lang='lat' dir='ltr'>labefactare</span> <span class='ocrx_word' id='word_1_401' title='bbox 1131 2857 1332 2889; x_wconf 85' lang='lat' dir='ltr'>conantur.</span> 
     </span>
    </p>
   </div>
  </div>
 </body>
</html>
