1822 3219
235 170 311 209 162
886 171 1054 210 LYSIAE

236 274 344 321 socii,
367 274 545 326 virosque
566 288 691 314 rerum
710 276 963 327 gerendarum
984 274 1251 326 peritissimos.
1309 274 1410 313 Cum
1430 274 1488 314 his
1509 274 1624 326 igitur
1639 270 1704 312 ec·

235 336 322 387 quis
353 349 453 374 unus
486 337 718 388 reliquorum
747 337 974 376 Graecorum
1003 336 1173 374 omnium
1197 336 1245 374 de
1266 336 1479 387 principatu
1508 337 1587 376 sive
1613 349 1705 388 pru-

234 398 378 436 dentiae
400 398 478 437 sive
499 399 647 437 numeri
668 400 748 437 sive
769 399 918 437 virtutis
946 397 1218 437 contenderit?
1264 397 1453 436 Tulerunt
1471 410 1563 449 ergo
1582 398 1707 436 meriti

235 460 283 498 ab
303 460 482 499 universa
503 460 659 499 Graecia
686 461 768 498 sine
798 461 1059 498 controversia
1085 461 1245 512 proemia
1271 467 1388 510 atque
1417 459 1634 498 testimonia
1651 461 1706 498 rei

237 521 382 574 optime
403 529 519 573 atque
541 522 833 574 praeclarissime
853 522 891 559 in
912 535 1047 574 pugna
1070 522 1195 560 navali
1215 528 1362 572 gestae:
1393 520 1464 559 sed
1485 528 1524 559 et
1542 520 1706 559 felicita-

238 592 316 623 tem
338 585 409 623 sibi
438 592 673 636 pepererunt
697 584 782 623 istis
811 585 929 623 tantis
959 585 1156 623 laboribus
1183 576 1329 636 parem,
1349 585 1610 635 virtutemque
1629 596 1709 622 non

237 646 487 687 adventitiam
517 661 644 699 neque
672 647 885 694 insititiam,
912 648 980 686 sed
1015 647 1221 699 genuinam
1251 661 1272 686 e
1298 660 1448 699 suoque
1479 652 1708 699 prognatam

236 710 361 761 patrio
391 710 489 756 solo,
511 710 688 762 exemplo
720 710 919 749 luculento
949 711 1122 749 barbaris
1154 723 1200 748 ex
1221 710 1313 749 Asia
1342 710 1500 748 advenis
1529 715 1709 749 testatam

238 770 430 809 fecerunt.

291 833 327 871 9.
359 831 476 871 Tales
498 833 628 883 itaque
651 846 692 871 se
712 834 750 871 in
773 847 906 885 pugna
925 834 1050 872 navali
1078 846 1167 871 cum
1196 833 1466 872 exhibuissent
1484 840 1711 885 partemque

236 893 493 944 periculorum
514 894 632 946 longe
653 895 859 932 maximam
887 895 956 933 soli
978 895 1220 941 tolerassent,
1244 895 1382 933 virtute
1403 902 1530 933 tamen
1551 907 1622 933 sua
1640 895 1712 933 sibi

238 955 391 1007 propria
410 956 625 995 libertatem
642 957 797 1008 reliquis
818 970 973 1008 quoque
992 970 1235 1001 communem
1252 963 1506 1009 pepererunt:
1537 962 1712 1008 tempore

235 1022 338 1066 post,
359 1030 448 1055 cum
471 1018 659 1055 Isthmum
679 1017 915 1056 obducendo
935 1031 1045 1056 muro
1064 1018 1188 1069 sepire
1209 1026 1326 1070 atque
1348 1019 1576 1069 intercipere
1603 1017 1712 1055 insti-

237 1084 393 1115 tuerent
413 1078 703 1129 Peloponnesii,
723 1085 762 1116 et
788 1079 825 1115 in
855 1079 979 1116 salute
1000 1092 1049 1117 ex
1069 1079 1263 1130 insperato
1285 1079 1417 1118 oblata
1436 1078 1713 1130 gratulabundi

239 1139 544 1190 acquiescerent,
572 1139 721 1191 sibique
746 1140 828 1191 jam
860 1147 965 1178 metu
990 1140 1140 1179 liberati
1162 1140 1383 1179 viderentur
1405 1139 1663 1193 periculorum
1689 1153 1713 1179 a

238 1201 347 1252 parte
369 1201 482 1240 maris
503 1201 801 1248 imminentium,
818 1202 1056 1254 consiliaque
1068 1203 1151 1255 jam
1172 1203 1366 1255 agitarent
1384 1203 1432 1242 de
1453 1216 1532 1241 non
1548 1203 1714 1242 interce-

237 1264 368 1302 dendo
389 1265 599 1315 quominus
619 1265 757 1315 reliqui
779 1266 851 1303 sub
869 1266 1121 1303 barbarorum
1142 1272 1377 1317 potestatem
1398 1266 1588 1313 venirent,
1607 1278 1715 1304 exar-

237 1325 442 1364 descentes
476 1327 595 1365 nobili
625 1327 796 1378 quadam
830 1327 1096 1378 indignatione
1125 1327 1398 1374 Athenienses,
1426 1334 1606 1366 auctores
1636 1327 1713 1366 illis

240 1387 402 1435 fiebant,
423 1387 454 1426 si
482 1389 637 1439 quidem
669 1389 722 1426 ita
751 1389 879 1427 facere
905 1389 943 1426 in
973 1389 1120 1427 animos
1141 1389 1402 1435 induxissent,
1422 1402 1502 1428 non
1522 1389 1713 1427 Isthmum

239 1449 485 1488 solummodo
510 1450 758 1496 occludendi‚
780 1451 851 1488 sed
874 1450 1091 1488 universam
1111 1464 1263 1502 quoque
1283 1451 1600 1502 Peloponnesum
1621 1463 1716 1488 moe-

239 1511 314 1548 niis
334 1511 670 1549 circumvallandi.
728 1511 807 1563 Ipsi
830 1512 932 1550 enim
951 1512 983 1550 si
1002 1525 1025 1550 a
1044 1512 1195 1550 Graeeis
1215 1512 1352 1564 proditi
1373 1520 1488 1564 atque
1508 1511 1650 1550 deserti
1672 1523 1714 1550 se

237 1573 412 1612 barbaris
430 1573 690 1625 adjunxerint,
707 1586 834 1625 neque
854 1574 980 1612 classe
1001 1573 1104 1612 mille
1123 1574 1277 1613 navium
1295 1574 1354 1612 his
1369 1587 1468 1626 opus
1487 1573 1569 1612 fore
1588 1587 1716 1625 neque

238 1647 391 1673 murum
407 1636 553 1675 Isthmo
566 1637 781 1675 obductum
793 1636 868 1674 illis
884 1649 971 1674 esse
986 1636 1248 1688 profuturum:
1269 1636 1469 1688 imperium
1483 1636 1599 1674 maris
1613 1635 1716 1674 enim

238 1710 361 1748 penes
376 1711 507 1750 regem
524 1699 732 1736 Persarum
753 1711 839 1737 esse
859 1698 1030 1736 futurum
1052 1698 1322 1737 controversiae
1344 1705 1462 1749 atque
1484 1697 1716 1736 discriminis

239 1772 393 1810 expers.
451 1760 618 1798 Meliora
637 1760 765 1810 itaque
793 1761 841 1797 ab
865 1759 1171 1798 Atheniensibus
1201 1760 1307 1798 docti
1332 1759 1607 1811 Peloponnesii
1627 1772 1716 1798 cum

241 1820 313 1859 sibi
333 1822 625 1872 persuasissent
645 1829 685 1860 et
710 1822 845 1873 iniqua
864 1835 903 1860 se
924 1830 1075 1873 patrare
1105 1829 1145 1859 et
1169 1835 1291 1873 prava
1315 1834 1520 1873 capessere
1543 1820 1718 1867 consilia,

240 1882 502 1922 Athenienses
535 1891 671 1923 contra
703 1897 819 1936 aequa
848 1885 976 1922 omnia
1009 1883 1173 1922 suadere
1205 1884 1424 1936 eademque
1457 1884 1719 1929 saluberrima,

241 1945 465 1983 auxiliatum
491 1945 541 1984 ad
572 1946 740 1984 Plataeas
769 1959 1011 1988 convenere;
1043 1946 1121 1989 ubi,
1142 1946 1296 1984 tametsi
1325 1946 1517 1984 sociorum
1544 1946 1718 1997 plerique

241 2007 430 2045 stationes
449 2008 522 2045 sub
545 2014 698 2045 noctem
721 2008 1002 2053 deseruissent,
1023 2008 1071 2045 ab
1091 2007 1261 2045 hostium
1283 2008 1525 2057 expavefacti
1546 2007 1718 2045 multitu-

242 2068 348 2113 dine,
379 2068 671 2107 Lacedaemonii
702 2076 832 2107 tamen
863 2082 886 2108 a
905 2068 1086 2120 Tegeatis
1114 2068 1255 2107 firmati
1281 2067 1421 2107 Persas
1449 2069 1719 2120 profligarunt,

241 2132 503 2171 Athenienses
524 2140 655 2171 autem
679 2146 758 2172 una
785 2147 874 2172 cum
894 2133 1181 2171 Plataeensibus
1210 2133 1325 2172 armis
1354 2134 1580 2173 devicerunt
1607 2133 1718 2171 Grae-

242 2207 377 2232 corum
394 2207 462 2233 eos
476 2208 573 2246 quos
591 2195 796 2247 desperata
811 2195 990 2233 libertate
1002 2195 1222 2233 servitutem
1237 2195 1364 2232 subire
1380 2195 1485 2233 haud
1501 2194 1718 2245 puduisset.

244 2256 317 2294 Illa
336 2257 398 2295 die
420 2257 683 2308 superioribus
705 2257 902 2295 laboribus
922 2270 1012 2294 cum
1032 2256 1387 2308 splendidissimam
1404 2255 1628 2294 coronidem
1646 2255 1719 2292 im-

244 2319 484 2369 posuissent,
496 2319 642 2357 firmam
657 2319 822 2370 Europae
832 2318 1083 2368 stabilemque
1097 2324 1342 2356 asserverunt
1357 2317 1588 2364 libertatem,
1598 2316 1722 2355 nullo-

243 2393 321 2432 que
339 2394 418 2418 non
437 2381 475 2419 in
497 2381 720 2419 discrimine
736 2382 915 2419 virtutem
937 2393 1046 2419 suam
1067 2394 1155 2419 cum
1174 2381 1331 2432 publice
1361 2381 1660 2432 approbassent,
1679 2387 1720 2418 et

245 2442 318 2481 soli
332 2455 400 2494 per
419 2456 459 2480 se
479 2450 518 2481 et
537 2455 616 2481 una
635 2456 723 2482 cum
743 2443 842 2491 aliis,
862 2450 902 2482 et
927 2443 967 2480 in
995 2443 1216 2482 continente
1237 2450 1276 2481 et
1295 2444 1334 2481 in
1357 2443 1453 2489 salo,
1474 2449 1515 2481 et
1533 2443 1720 2481 adversus

243 2504 428 2542 barbaros
449 2511 489 2542 et
507 2505 692 2544 adversus
714 2505 876 2543 Graecos
897 2506 1070 2544 barbaris
1096 2505 1273 2544 addictos
1303 2505 1546 2551 dimicantes,
1567 2505 1615 2542 ab
1635 2517 1719 2542 om—

245 2566 375 2613 nibus,
394 2573 475 2604 tam
495 2579 659 2617 quorum
682 2567 720 2604 in
740 2567 968 2606 commilitio
991 2567 1241 2606 dimicassent
1261 2580 1378 2618 quam
1406 2567 1593 2604 adversus
1619 2579 1719 2617 quos

247 2641 355 2667 arma
383 2629 611 2680 gessissent,
632 2628 740 2680 digni
763 2636 856 2667 sunt
874 2629 1007 2677 habiti,
1030 2630 1096 2681 qui
1114 2630 1308 2682 principes
1330 2637 1446 2681 atque
1467 2628 1587 2667 duces
1609 2628 1720 2666 Grae·

248 2691 319 2729 ciae
338 2691 681 2729 constituerentur.

308 2754 370 2790 10.
398 2753 589 2804 Tempore
610 2760 737 2792 autem
757 2759 858 2804 post,
873 2753 1059 2792 intestino
1079 2753 1175 2792 inter
1197 2753 1358 2792 Graecos
1379 2755 1516 2792 oborto
1536 2751 1719 2798 tumultu,

250 2827 340 2852 cum
361 2814 409 2852 ob
430 2815 700 2854 excellentiam
720 2814 885 2853 fortunae
907 2815 1092 2853 secundae
1113 2827 1190 2864 qua
1208 2816 1331 2854 nostri
1352 2815 1410 2853 usi
1433 2814 1719 2853 aemulationem

249 2875 423 2913 omnium
442 2877 720 2923 concitassent,
741 2883 822 2915 tum
844 2878 893 2919 ob
912 2877 1094 2915 invidiam
1114 2890 1134 2915 e
1155 2889 1280 2915 rerum
1309 2884 1507 2929 gestarum
1528 2875 1722 2927 magnitu-

252 2938 341 2977 dine
362 2939 579 2988 collectam,
595 2953 759 2991 magnos
777 2939 932 2992 quidem
954 2940 1109 2993 spiritus
1132 2939 1322 2980 alentibus
1342 2941 1534 2986 omnibus,
1554 2939 1721 2979 minuta·
