1911 3248
286 213 332 248 14
817 208 1187 247 ANTIPHONTIS

287 329 391 355 reum
422 316 528 354 nullo
551 328 704 367 prorsus
734 315 848 353 modo
866 316 972 354 vobis
1001 315 1101 361 licet,
1120 315 1286 365 judices,
1308 315 1518 355 absolvere.
1575 316 1674 355 Nam
1697 317 1726 355 si

285 377 447 423 faciatis,
467 384 505 416 et
531 378 593 427 jus
624 389 774 428 aequum
809 376 890 414 sitis
918 375 1091 414 violaturi
1123 383 1162 414 et
1186 377 1223 414 in
1251 376 1480 427 publicaque
1507 378 1726 428 privataque

286 446 412 477 vestra
427 437 626 477 commoda
641 438 844 488 peccaturi.
902 437 1000 475 Nam
1017 437 1071 476 sic
1087 438 1294 489 grassatori
1313 437 1449 488 cuique
1464 439 1611 477 veniam
1631 439 1728 478 detis

285 500 474 551 capitibus
503 500 737 550 fortunisque
768 512 1081 550 quorumcunque
1118 500 1271 550 impune
1302 499 1519 544 insidiandi,
1556 500 1587 538 si
1623 514 1729 540 arma

286 561 534 611 corrumpatis
556 573 613 605 ea,
633 560 771 610 quibus
798 567 1031 611 grassatores
1059 561 1273 612 impugnari
1296 568 1335 598 et
1365 561 1414 599 ad
1447 561 1727 600 confessionem

288 622 476 660 scelerum
507 621 609 672 adigi
637 628 820 672 possunt:
852 634 938 659 nam
969 621 998 659 si
1026 633 1148 672 neque
1176 628 1402 673 argumenta
1427 636 1447 660 e
1469 630 1728 662 consentaneo

286 683 418 734 petita,
439 695 561 733 neque
587 683 807 720 testimonia
833 695 962 720 eorum
987 684 1053 733 qui
1085 683 1197 720 rebus
1227 683 1346 734 gestis
1374 683 1592 730 interfuere,
1612 697 1728 735 penes

286 756 354 782 vos
373 744 514 788 valent,
536 756 646 781 nemo
666 750 925 794 grassatorum
945 744 1071 782 omnia
1085 744 1165 794 jam
1186 744 1326 795 poterit
1344 756 1510 794 unquam
1527 744 1724 783 convinci:

286 806 471 843 carebunt
498 818 588 855 ergo
613 804 756 853 injuriis
781 806 953 856 oppressi
973 805 1146 843 vindice:
1177 805 1280 856 quod
1309 811 1369 842 est
1395 818 1583 843 summurn
1604 805 1728 844 nefas.

286 865 362 903 Sed
380 866 491 903 etiam
511 865 613 903 haud
634 865 787 916 expedit
806 865 909 903 hunc
928 866 1129 917 impurum,
1149 865 1318 904 humano
1339 879 1473 905 cruore
1492 866 1726 912 madentem,

285 926 432 965 incesto
450 927 545 978 pede
564 926 694 964 limina
712 926 869 964 deorum
889 927 1115 973 calcantem,
1135 928 1428 966 sanctimoniam
1451 929 1625 967 fanorum
1644 928 1728 980 pol-

284 987 405 1033 luere,
427 995 492 1025 aut
511 987 742 1025 assidentem
761 987 892 1025 iisdem
911 989 1054 1026 mensis
1079 989 1331 1035 convictores,
1350 989 1522 1039 quamvis
1541 989 1727 1034 insontes,

285 1049 466 1099 spurcitie
494 1060 562 1086 sua
587 1061 826 1100 respergere:
857 1049 1048 1088 exsistunt
1065 1050 1165 1088 enim
1185 1050 1272 1089 inde
1293 1063 1530 1089 annonarum
1550 1051 1728 1090 caritates

283 1115 541 1159 terrarumque
561 1110 788 1156 sterilitates,
804 1123 942 1160 pecora
960 1123 1046 1148 cum
1066 1111 1285 1149 mulieribus
1306 1124 1437 1162 parere
1455 1112 1648 1158 desinunt,
1660 1125 1729 1150 ne-

284 1171 388 1220 gotia
415 1170 541 1208 omnia
568 1170 725 1208 sinistris
753 1171 913 1209 fortunis
941 1170 1266 1210 intercedentibus
1295 1172 1596 1210 sufflaminantur
1614 1180 1729 1224 atque

283 1233 569 1270 conturbantur.
627 1232 752 1270 Decet
777 1245 868 1283 ergo
888 1245 970 1278 vos,
989 1233 1251 1271 existimantes
1271 1233 1385 1281 hujus
1405 1233 1522 1272 caedis
1542 1233 1729 1272 ultionem

284 1300 446 1330 vestram
476 1305 560 1330 esse
578 1292 827 1343 provinciam,
847 1306 980 1344 poenas
998 1294 1192 1332 homicidii
1213 1295 1250 1332 in
1269 1295 1444 1333 scelerati
1463 1295 1577 1346 hujus
1598 1303 1727 1347 caput,

285 1355 338 1393 sic
356 1355 489 1400 meriti,
510 1362 745 1406 retorquere;
779 1356 980 1406 punientes
1008 1356 1108 1394 enim
1137 1356 1328 1395 hominem
1348 1370 1483 1402 unum,
1501 1357 1639 1395 dabitis
1657 1371 1727 1396 vos

284 1415 438 1466 quidem
455 1416 543 1453 huic
559 1417 621 1453 uni
637 1417 791 1461 malum,
806 1416 874 1454 sed
892 1417 986 1455 illud
1002 1418 1140 1455 malum
1157 1425 1196 1456 et
1213 1419 1246 1456 ei
1263 1418 1456 1469 proprium
1473 1424 1587 1469 atque
1603 1419 1727 1470 priva—

285 1485 365 1514 tum
391 1477 460 1515 erit
479 1490 603 1527 neque
623 1478 671 1515 ad
693 1478 818 1529 plures
840 1478 1062 1524 dimanabit,
1078 1487 1117 1517 et
1135 1479 1271 1517 eodem
1291 1479 1354 1518 illo
1372 1479 1472 1518 malo
1485 1480 1634 1531 privato
1658 1494 1728 1532 pu-

282 1538 381 1577 blica
399 1539 499 1577 mala
518 1539 748 1585 relevabitis,
763 1547 882 1578 totam
899 1540 1090 1579 civitatem
1106 1548 1356 1592 repurgantes
1377 1547 1492 1593 atque
1512 1541 1725 1593 expiantes.

607 1732 644 1767 2.
677 1728 946 1768 DEFENSIO
977 1730 1229 1768 EJUSDEM
1260 1730 1451 1768 CAEDIS.

835 1823 1159 1853 ARGUMENTUM.

327 1889 496 1918 Accusatus
513 1889 621 1919 fatetur
637 1890 760 1929 quidem
781 1890 929 1929 antiquam
951 1889 1151 1926 inimicitiam,
1164 1900 1230 1928 qnae
1247 1889 1292 1919 illi
1310 1899 1377 1919 curn
1402 1888 1561 1919 interfecto
1578 1887 1726 1917 interces-

284 1944 375 1974 serat,
391 1939 584 1969 homicidium
600 1947 699 1971 tamen
715 1947 814 1980 negat,
829 1948 858 1971 et
874 1941 1018 1971 indicium
1035 1942 1106 1971 facit
1123 1952 1155 1971 se
1172 1952 1237 1971 euin
1249 1952 1308 1971 non
1319 1940 1508 1970 interfecisse
1524 1939 1724 1969 inimicitiam.

286 1990 371 2019 Dicit
386 1990 475 2025 enim,
487 1990 624 2021 inimicus
640 2002 706 2021 cum
718 1992 786 2028 sim,
799 1992 919 2022 omnino
935 1992 1011 2021 scivi
1029 1992 1099 2021 milri
1118 2002 1236 2021 causam
1251 1991 1432 2021 contrariam
1445 1994 1619 2020 eventuram
1633 2000 1642 2027 ;
1657 2000 1728 2029 pro-

284 2045 388 2080 pterea
399 2047 496 2071 tamen
514 2052 587 2071 sane
603 2052 670 2072 enm
687 2053 745 2072 non
759 2043 905 2072 interfeci.
941 2043 1064 2072 Resellit
1080 2048 1109 2072 et
1121 2043 1325 2072 testimonium
1344 2042 1437 2077 servi,
1449 2046 1555 2080 utpote
1571 2041 1728 2071 adominis

283 2093 498 2121 subornatum:
523 2103 580 2121 non
597 2093 676 2122 enim
705 2093 883 2123 incredibile
911 2094 998 2129 dicit,
1031 2100 1230 2133 grassatores„
1251 2093 1302 2132 qui
1328 2092 1414 2122 illum
1435 2092 1652 2126 interfecerint,
1667 2102 1726 2122 non

285 2142 482 2181 praevenisse,
493 2147 526 2171 ut
540 2142 624 2172 illum
635 2143 728 2182 pallio
743 2144 918 2183 spoliarent.

356 2253 452 2290 Nox
480 2253 609 2290 videor
647 2254 735 2290 mihi
767 2267 942 2305 peccare,
975 2255 1195 2292 existimans
1233 2267 1294 2292 me
1321 2252 1516 2291 hominum
1545 2259 1725 2292 natorum

284 2314 450 2351 omnium
463 2326 547 2352 esse
563 2315 876 2361 infelicissimum,
890 2323 932 2354 ut
945 2316 1004 2354 cui
1020 2317 1172 2354 fortuna
1186 2316 1358 2354 nascenti
1374 2316 1578 2366 contigerit
1592 2316 1727 2368 impla-

286 2376 456 2414 cabiliter
474 2375 570 2413 irata
588 2383 626 2413 et
644 2376 797 2415 infesta.
834 2378 972 2415 Caeteri
991 2378 1145 2428 quidem
1163 2378 1193 2415 si
1213 2377 1277 2428 qui
1299 2377 1460 2415 adversa
1473 2390 1557 2416 cum
1572 2377 1726 2417 fortuna

282 2437 560 2482 conflictentur,
580 2438 693 2475 finem
713 2445 838 2476 tamen
859 2438 1065 2489 aliquando
1085 2439 1237 2476 tandem
1266 2438 1451 2476 malorum
1483 2451 1638 2476 suorum
1668 2439 1725 2477 in-

286 2499 455 2543 veniunt,
475 2505 518 2536 ut
535 2491 719 2549 procellis‘
737 2500 885 2550 jactati,
906 2513 1036 2538 rursus
1057 2500 1289 2538 succedente
1318 2499 1592 2550 tranquillitate
1610 2501 1725 2539 maris

285 2568 323 2598 et
341 2559 427 2597 cceli
447 2560 650 2597 serenitate
669 2568 888 2598 recreantur
909 2569 1022 2611 atque
1051 2561 1352 2611 conquiescunt:
1382 2561 1599 2600 valetudine
1619 2563 1726 2612 gravi

288 2621 460 2672 oppressi
475 2628 513 2659 et
527 2621 561 2658 in
583 2621 669 2658 vitae
691 2621 892 2659 discrimen
913 2622 1082 2670 adducti,
1102 2623 1376 2660 convalescunt
1405 2630 1444 2660 et
1471 2624 1587 2661 cubili
1606 2636 1728 2662 resur-

286 2691 379 2733 gunt
394 2683 488 2721 salvi
503 2696 512 2720 :
543 2696 780 2734 quaecunque
796 2683 878 2720 aliae
893 2683 1129 2721 calamitates
1145 2683 1240 2721 alios
1256 2684 1499 2734 perculerint,
1513 2684 1721 2724 succeden—

286 2752 344 2781 tes
365 2744 560 2781 contrariae
578 2743 651 2781 illis
669 2744 939 2794 prosperitates
969 2744 1052 2783 illas
1073 2744 1273 2796 depellunt
1292 2752 1329 2782 et
1350 2746 1569 2793 obliterant.
1627 2746 1726 2784 Mihi

284 2816 372 2841 vero
391 2803 451 2841 hic
471 2805 582 2842 homo
595 2805 849 2856 [peremptus]
865 2806 1027 2843 fataliter
1040 2812 1078 2844 et
1089 2814 1280 2856 superstes
1293 2806 1418 2844 adhuc
1437 2807 1546 2845 fundi
1560 2807 1633 2845 mei
1652 2807 1726 2845 fuit

284 2864 494 2910 calamitas,
505 2879 615 2916 quem
626 2866 798 2905 funditus
811 2868 962 2911 evertit;
982 2875 1019 2905 et
1031 2881 1132 2906 nunc
1147 2867 1238 2905 vivis
1254 2876 1454 2919 exemptus
1465 2870 1501 2906 in
1513 2869 1648 2920 capitis
1663 2881 1723 2906 me

286 2925 446 2976 conjecit
460 2926 671 2973 discrimen,
685 2928 786 2978 quod
800 2928 947 2968 etiamsi
961 2927 1144 2980 effugere,
1154 2929 1340 2981 relinquet
1354 2938 1479 2969 tamen
1492 2930 1584 2969 mihi
1593 2941 1725 2974 moero-
