1822 3219
473 113 695 151 CONTRA
724 110 1193 149 ERATOSTHENEM.
1483 110 1558 144 2³27

49 212 53 217 “
100 218 249 255 futuras
270 229 357 255 esse
377 216 553 254 Athenas
579 215 654 253 illis
682 214 839 253 domum
870 213 1134 258 redeuntibus,
1162 211 1314 264 aliaque
1341 210 1563 262 spargendo

100 279 290 317 invidiosa
317 279 454 329 quibus
475 277 660 328 imprimis
680 289 721 314 se
741 276 924 327 sperabat
952 275 1038 312 illos
1069 281 1363 311 commoturum.
1419 273 1564 311 Verum

100 340 265 391 rejectus
287 353 309 378 a
338 339 654 382 Lacedaemoniis,
675 339 754 375 sive
774 337 877 388 quod
897 343 986 374 exta
1004 342 1180 373 vetarent
1202 334 1281 372 sive
1301 334 1406 384 quod
1426 333 1497 384 ipsi
1516 334 1564 371 ab

101 402 176 440 hae
196 401 441 452 expeditione
461 407 590 437 essent
607 399 820 443 alieniores,
843 405 993 436 centum
1011 397 1156 434 talenta
1175 395 1321 433 credito
1341 395 1443 433 unde
1462 395 1564 433 unde

104 471 350 514 sumpserunt
365 462 551 512 [Phidon,
567 468 605 498 et
619 460 900 498 Eratosthenes
919 467 958 497 et
976 460 1006 497 si
1025 461 1089 510 qui
1106 459 1169 497 alii
1187 458 1323 496 iisdem
1338 457 1375 494 in
1390 458 1565 508 partibus

104 524 245 572 erant],
265 536 341 574 quo
360 523 549 559 haberent
568 522 670 559 unde
692 522 830 559 milites
852 521 1108 559 mercenarios
1129 520 1405 558 conducerent.
1463 518 1566 557 Huic

103 585 247 622 militiae
276 583 501 633 magistrum
529 583 599 620 sibi
631 597 653 621 a
685 582 994 620 Lacedaemoniis
1029 582 1139 633 quasi
1170 588 1305 619 mutuo
1334 580 1384 618 ad
1412 587 1567 630 tempus

104 644 184 682 dari
206 645 395 694 rogabant
412 644 668 695 Lysandrum,
688 644 883 682 hominem
904 643 1132 694 optimatum
1150 643 1308 693 quidem
1330 641 1568 692 principatus

104 705 442 751 studiosissimum,
468 706 645 756 populari
664 719 752 743 vero
773 705 1043 755 gubernationi
1070 704 1383 748 infensissimum,
1413 702 1482 740 sed
1503 701 1568 739 Pi-

102 768 306 806 raeensium
338 776 426 806 ante
452 782 585 806 omnes
615 768 704 806 odio
735 769 933 805 ardentem
959 767 1217 818 implacabilis
1263 765 1496 816 Conscripto
1515 764 1570 802 sic

102 829 274 879 undique
313 830 445 874 milite,
474 829 583 867 nullo
621 843 696 867 non
729 829 927 867 hominum
962 842 1101 880 genere
1134 828 1183 866 ad
1220 836 1370 879 pestem
1404 827 1569 865 civitatis

103 891 242 936 excito,
273 904 405 929 secum
439 891 628 929 habentes
657 891 881 929 Graecarum
911 891 1110 929 civitatum
1141 891 1362 935 nonnullas,
1395 896 1434 927 et
1467 889 1569 940 ipsos

107 953 203 990 adeo
224 953 537 991 Lacedaemonios
557 954 607 991 ad
627 961 841 991 extremum
866 962 994 991 tamen
1019 953 1196 1004 precibus
1217 958 1477 1003 expugnatos,
1506 963 1570 988 so-

106 1015 329 1066 ciorumque
355 1017 418 1066 qui
448 1024 530 1054 tum
552 1017 854 1054 Lacedaemoniis
876 1023 984 1054 erant
1000 1029 1254 1067 quoscunque
1273 1028 1362 1053 suas
1384 1014 1422 1051 in
1442 1020 1571 1064 partes

108 1077 333 1126 pertrahere
362 1079 592 1128 potuissent,
621 1078 680 1115 his
705 1078 881 1115 instructi
914 1078 1049 1124 copiis,
1084 1091 1163 1115 non
1194 1078 1295 1114 cives
1320 1077 1418 1113 inter
1445 1089 1485 1112 se
1511 1088 1569 1112 re-

110 1140 373 1186 conciliatum,
392 1141 431 1178 id
451 1142 554 1192 quod
569 1141 670 1191 jussi
697 1141 849 1178 fuerant
869 1140 1116 1191 facturosque
1136 1147 1373 1190 receperant,
1399 1139 1465 1176 sed
1487 1152 1574 1189 per-

111 1201 234 1239 ditum
255 1203 387 1240 ibant:
418 1211 457 1240 et
475 1203 737 1254 perdidissent
760 1202 907 1252 utique,
928 1203 1002 1240 nisi
1022 1203 1140 1240 virtus
1160 1203 1325 1240 virorum
1348 1202 1502 1239 fortium
1521 1202 1576 1238 in-

109 1264 362 1309 tercessisset,
382 1264 520 1314 quibus
535 1277 614 1307 vos,
629 1263 795 1315 judices,
811 1271 992 1301 testatum
1009 1264 1138 1309 facite,
1154 1277 1288 1314 poenas
1301 1265 1349 1301 ab
1365 1276 1575 1314 eorumque
1608 1310 1611 1311 ⁷

112 1332 153 1362 et
184 1325 321 1363 vestris
350 1326 620 1363 communibus
645 1326 821 1364 hostibus
849 1326 1130 1376 [Eratosthene
1162 1325 1446 1377 similibusque]
1466 1339 1577 1377 repe-

111 1387 244 1432 tendo,
278 1401 344 1424 vos
380 1388 541 1437 gratiam
573 1388 664 1438 ipsis
697 1401 852 1437 quoque
879 1387 1049 1425 debitam
1075 1401 1159 1425 esse
1180 1388 1380 1425 relaturos.
1440 1387 1577 1425 Nostis

111 1449 197 1486 haec
221 1462 290 1486 vos
321 1449 393 1499 ipsi
417 1449 572 1499 quidem
594 1449 686 1486 satis
708 1461 916 1499 superque,
945 1456 988 1485 ut
1008 1457 1136 1486 certus
1156 1449 1238 1494 sim,
1270 1449 1324 1485 nil
1343 1449 1392 1486 ad
1411 1461 1490 1486 rem
1519 1455 1577 1485 at·-

113 1511 246 1556 tinere,
276 1518 393 1548 testes
421 1511 555 1548 horum
583 1524 605 1547 a
635 1524 693 1548 me
722 1511 909 1560 produci:
940 1519 1205 1548 verumtamen
1239 1511 1421 1560 quoniam
1442 1517 1481 1548 et
1501 1523 1576 1560 ego

114 1572 394 1623 aliquantisper
415 1572 600 1623 respirare
621 1573 748 1622 cupio,
771 1579 809 1609 et
828 1572 1005 1609 nonnulli
1027 1579 1195 1609 vestrum
1213 1571 1268 1609 ita
1287 1572 1482 1609 ducuntur
1500 1584 1581 1610 ser·-

115 1634 294 1671 monibus
314 1634 418 1671 hisce
441 1634 489 1671 de
509 1635 637 1678 rebus,
658 1641 700 1670 ut
719 1646 796 1684 quo
817 1633 1009 1684 copiosius
1030 1633 1190 1670 audiant
1206 1633 1253 1671 de
1273 1633 1316 1670 iis
1333 1633 1486 1680 disseri,
1504 1633 1581 1672 hoc

116 1696 240 1745 magis
259 1695 515 1739 delectentur,
539 1695 668 1732 citabo
693 1702 828 1732 testes.

740 1788 960 1826 TESTES.

177 1867 238 1904 11.
268 1866 355 1917 Age
387 1879 488 1904 nunc
515 1867 564 1904 de
592 1867 831 1904 Theramene
859 1879 1010 1917 quoque
1043 1878 1158 1916 quam
1190 1871 1326 1917 potero
1350 1865 1583 1904 brevissimis

119 1928 286 1966 docebo.
343 1929 469 1972 Quem
490 1929 618 1966 locum
639 1928 860 1979 ingrediens
881 1941 975 1979 rogo
1002 1941 1084 1973 vos,
1105 1928 1271 1979 judices,
1299 1935 1342 1966 ut
1375 1927 1478 1965 hanc
1502 1940 1587 1966 ora-

119 1990 232 2027 tionis
254 2003 351 2027 meae
371 1998 518 2041 partem
535 2004 611 2027 non
635 2004 718 2027 mea
739 1990 878 2040 magis,
899 2003 1012 2040 quam
1034 1989 1254 2040 reipublicae
1271 2002 1405 2033 causa,
1427 1989 1528 2039 aequi
1547 1996 1588 2032 et

118 2051 297 2088 benevoli
311 2051 475 2088 audiatis
489 2065 498 2088 t
514 2053 561 2088 ab
578 2051 792 2101 animisque
806 2052 945 2088 vestris
961 2051 1062 2088 hanc
1080 2050 1296 2088 excludatis
1312 2050 1587 2101 suspicionem,

120 2111 377 2151 Eratosthene
404 2114 441 2151 in
463 2113 667 2151 discrimen
690 2113 877 2157 adducto,
903 2126 963 2150 me
984 2113 1022 2150 in
1042 2113 1321 2150 Theramenem
1341 2112 1588 2152 invehentem

122 2179 170 2215 ab
195 2178 266 2216 hac
288 2191 407 2215 causa
428 2178 554 2227 aliena
583 2178 742 2228 agitare.
798 2177 915 2220 Quod
936 2177 1050 2227 longe
1071 2190 1182 2215 secus
1203 2185 1287 2215 est:
1318 2190 1396 2214 non
1417 2176 1545 2215 aliena
1565 2190 1589 2215 a

121 2253 176 2285 re,
198 2240 267 2277 sed
287 2241 347 2278 vel
368 2241 535 2278 maxime
564 2240 612 2277 ad
634 2253 711 2277 rem
733 2239 966 2290 pertinentia
985 2252 1073 2289 ago.
1129 2239 1311 2276 Relatum
1333 2238 1435 2276 enim
1456 2238 1506 2276 ad
1526 2251 1588 2276 me

122 2308 196 2347 est,
227 2301 520 2341 Eratosthenem
542 2301 618 2338 hoc
640 2314 769 2352 agere,
786 2302 884 2338 utin
902 2301 1090 2345 oratione,
1116 2314 1232 2352 quam
1252 2314 1341 2338 mox
1361 2301 1434 2338 hoc
1453 2314 1474 2339 e
1495 2314 1587 2351 sug-

124 2372 236 2414 gestu
259 2377 417 2401 causam
434 2364 571 2414 eapitis
593 2364 762 2401 dicturus
782 2364 952 2409 habebit,
972 2364 1045 2401 hoc
1064 2363 1160 2401 fidat
1179 2370 1268 2401 ante
1285 2364 1360 2401 alia
1381 2363 1510 2401 omnia
1525 2363 1590 2400 de-

124 2426 311 2463 fensionis
332 2426 441 2475 quasi
462 2426 729 2469 fundamento,
752 2433 795 2462 ut
815 2439 854 2463 se
874 2426 978 2462 dicat
1004 2426 1040 2462 in
1061 2426 1233 2476 partibus
1255 2424 1509 2464 Theramenis
1528 2437 1589 2462 re-

124 2488 392 2538 liquorumque
413 2488 547 2532 fuisse,
565 2487 629 2537 qui
652 2500 728 2524 una
744 2501 831 2525 cum
855 2487 1098 2525 Theramene
1116 2487 1337 2525 secedendo
1358 2500 1380 2524 a
1400 2486 1591 2535 Triginta-

125 2548 214 2585 viris
247 2561 456 2598 eorumque
491 2548 592 2585 ausis
627 2548 867 2585 adversando
907 2548 1172 2599 popularitatis
1206 2548 1424 2599 opinionem
1459 2546 1590 2598 adepti

127 2616 270 2647 essent.
325 2610 496 2647 Jactabit
532 2623 640 2660 ergo,
672 2617 715 2646 ut
747 2610 877 2655 audio,
912 2610 1187 2648 Eratosthenes
1221 2610 1322 2646 hanc
1358 2622 1467 2645 suam
1500 2622 1590 2646 cum

129 2668 370 2707 Theramene
392 2671 611 2715 amicitiam,
635 2671 780 2708 scelera
799 2685 867 2709 sua
887 2685 931 2709 ea
953 2671 1232 2723 praetendenda
1258 2669 1416 2713 velabit,
1447 2670 1484 2707 in
1501 2683 1589 2708 eam

130 2729 235 2767 velut
262 2731 299 2767 in
318 2730 502 2768 latebram
523 2732 717 2782 quandam
746 2733 949 2783 perfugiet‚
980 2746 1094 2783 quarn
1118 2745 1140 2768 a
1167 2744 1224 2767 me
1246 2730 1398 2767 occludi
1418 2737 1454 2768 et
1474 2731 1590 2769 inter-

131 2792 205 2843 cipi
236 2805 303 2842 par
333 2800 416 2830 est:
449 2794 488 2830 id
522 2795 626 2844 quod
663 2795 801 2832 faciam
831 2795 1020 2838 docendo,
1050 2794 1329 2830 Theramenem
1360 2792 1494 2843 utique
1514 2807 1591 2832 non

131 2854 370 2906 popularem,
396 2868 473 2893 non
506 2856 722 2894 studiosum
747 2864 886 2894 vestrae
916 2855 1113 2906 dignitatis
1144 2861 1260 2903 atque
1288 2853 1490 2900 libertatis,
1520 2855 1591 2893 sed
