1822 3219
674 487 1073 539 LYSIAE

355 616 770 664 CONTRA
836 614 1391 663 PHILONEM

616 740 695 777 DE
737 740 1144 778 PROBATIONE

762 847 1005 889 ORATIO.

152 1094 156 1098 .
213 1045 246 1080 1.
278 1043 412 1083 HAUD
433 1054 507 1092 ego
527 1042 718 1093 equidem,
739 1049 949 1087 senatores,
963 1044 1164 1093 sperabam
1183 1057 1352 1094 unquam
1371 1045 1538 1083 futurum
1559 1055 1601 1085 ut

159 1103 295 1142 Philon
322 1104 382 1141 hic
405 1117 450 1142 eo
478 1104 682 1142 excederet
706 1102 890 1148 audaciae,
912 1109 954 1139 ut
980 1103 1214 1152 probationis
1243 1117 1334 1154 ergo
1361 1105 1510 1154 copiam
1542 1108 1600 1144 sui

158 1165 265 1202 vobis
291 1165 458 1202 faceret:
487 1177 628 1207 verum,
650 1164 741 1213 quia
760 1176 837 1200 non
864 1175 940 1200 una
965 1163 1003 1199 in
1025 1176 1063 1200 re
1084 1163 1166 1201 sola
1186 1177 1227 1201 se
1246 1165 1408 1214 jactavit
1430 1167 1512 1216 ejus
1531 1179 1600 1204 au-

154 1225 266 1263 dacia
293 1225 362 1263 sed
379 1226 418 1262 in
438 1225 650 1276 permultis,
669 1237 819 1275 egoque
837 1225 911 1262 hoc
929 1224 968 1261 in
989 1225 1155 1261 tribunal
1173 1225 1366 1275 ingressus
1386 1240 1468 1263 sum
1491 1229 1599 1276 jure-

148 1287 315 1338 jurando
335 1287 453 1332 dicto,
485 1300 544 1324 me
564 1287 669 1324 vobis
691 1293 887 1323 auctorem
912 1286 1084 1323 futurum
1104 1286 1331 1337 optimorum
1361 1300 1600 1337 quorumque

153 1348 413 1393 consiliorum,
435 1360 512 1397 quo
531 1347 568 1383 in
582 1346 832 1398 jurejurando
862 1346 946 1384 haec
967 1359 1118 1396 quoque
1136 1347 1237 1384 inest
1255 1347 1438 1391 clausula,
1457 1354 1514 1393 ut,
1535 1349 1599 1398 qui

147 1410 212 1461 jus
232 1410 328 1447 illud
352 1409 559 1459 jurandum
579 1409 683 1453 dicit,
702 1409 733 1446 is
761 1407 949 1458 spondeat
974 1420 996 1444 a
1016 1420 1056 1444 se
1085 1408 1395 1446 denunciandum
1424 1408 1465 1445 Si
1484 1421 1599 1458 quem

151 1470 248 1507 norit
265 1470 362 1507 inter
378 1475 535 1507 senatus
555 1469 780 1506 candidatos
802 1475 902 1506 sorte
918 1468 1141 1518 designatos
1168 1481 1214 1505 eo
1232 1468 1366 1506 ordine
1385 1468 1598 1519 indignum,

149 1531 272 1579 *feram
294 1544 355 1568 me
382 1543 486 1568 nunc
511 1530 624 1577 hujus
645 1528 816 1566 Philonis
835 1536 1109 1575 accusatorem,
1128 1529 1273 1566 nullam
1292 1542 1415 1567 meam
1437 1543 1524 1567 cum
1554 1542 1599 1568 eo

151 1591 333 1641 privatam
365 1603 581 1640 exsequens
607 1589 855 1635 simultatem,
880 1603 1006 1639 neque
1040 1589 1088 1627 ad
1115 1589 1310 1626 levitatem
1336 1595 1376 1626 et
1402 1589 1598 1627 fidentiam

151 1652 324 1690 sublatus
340 1664 362 1689 a
374 1652 504 1689 nescio
519 1663 594 1700 qua
611 1650 848 1687 conscientia
863 1650 1056 1687 facultatis
1077 1656 1116 1687 et
1132 1663 1225 1687 usus
1241 1649 1278 1686 in
1295 1650 1459 1687 dicendo
1470 1663 1599 1688 coram

150 1713 268 1757 vobis,
289 1712 358 1750 sed
379 1711 620 1749 multitudine
640 1710 865 1748 delictorum
886 1712 967 1759 ejus
997 1710 1133 1755 fidens,
1161 1709 1396 1760 dignumque
1417 1722 1477 1746 me
1507 1723 1597 1748 cen·

151 1787 240 1813 sens
260 1771 693 1824 religionijurisjurandi
720 1784 744 1808 a
767 1783 828 1807 me
851 1771 942 1808 dicti
963 1783 1021 1807 me
1047 1770 1310 1807 inhaerescere.
1368 1770 1598 1820 Intelligetis

151 1835 305 1884 quidem
325 1835 470 1884 copias,
492 1833 630 1883 quibus
650 1831 700 1869 ad
721 1830 828 1868 illum
843 1831 1103 1868 accusandum
1119 1843 1191 1880 ego
1213 1838 1312 1876 utar,
1332 1830 1492 1868 multum
1510 1844 1600 1869 con-

150 1895 287 1932 cedere
306 1895 424 1945 co'piis
444 1893 516 1939 his,
538 1893 674 1943 quibus
700 1890 763 1928 ille
789 1891 906 1929 fretus
936 1891 1169 1941 flagitiosum
1195 1904 1236 1928 se
1258 1892 1354 1929 ferre
1376 1904 1491 1929 ausus
1511 1898 1597 1930 est:

151 1962 409 1993 verumtamen
431 1954 502 1992 etsi
528 1954 566 1990 in
596 1951 842 1990 accusatione
870 1965 893 1989 a
911 1951 1093 1989 facundia
1117 1951 1372 2001 memoriaque
1398 1951 1598 1999 destituar,

152 2006 227 2052 non
255 2015 294 2052 id
330 2014 363 2054 ei
399 2015 487 2052 ideo
520 2014 636 2051 debet
667 2011 851 2062 prodesse
868 2026 877 2055 ;
921 2012 988 2049 sed
1024 2012 1163 2062 potius,
1195 2025 1281 2062 quae
1307 2025 1393 2062 ego,
1425 2013 1599 2061 quamvis

150 2088 287 2126 pauca,
306 2076 506 2126 perspicue
533 2081 572 2112 et
596 2075 724 2124 quoad
754 2074 845 2111 satis
866 2073 936 2110 erit
957 2072 1137 2116 docuerO,
1159 2085 1207 2109 ex
1225 2072 1269 2109 iis
1298 2085 1387 2109 eum
1405 2072 1597 2122 reprobari

150 2135 342 2174 convenit.
400 2136 536 2173 Dicam
555 2135 656 2172 enim
677 2135 746 2181 sic,
765 2141 808 2171 ut
827 2146 914 2170 cum
939 2132 1154 2169 facinorum
1173 2132 1220 2169 ab
1240 2144 1285 2169 eo
1304 2132 1597 2170 commissorum

149 2196 335 2245 ignoratio
350 2209 434 2233 mea
453 2196 602 2232 factura
622 2194 684 2240 sit,
711 2202 753 2231 ut
773 2192 1054 2231 multitudinem
1074 2192 1374 2242 gravitatemque
1394 2205 1519 2230 rerum
1538 2193 1596 2231 di-

150 2256 360 2295 cendarum
389 2256 513 2293 minus
533 2255 661 2293 videar
691 2261 893 2293 assecutus
923 2253 1055 2297 fuisse,
1078 2259 1157 2289 tum
1184 2265 1315 2290 rursus
1347 2259 1474 2290 tamen
1503 2253 1595 2290 satis

151 2317 292 2354 dixisse
311 2316 442 2353 videar
461 2315 510 2352 ad
540 2315 811 2352 declarandam
832 2314 946 2364 hujus
972 2313 1267 2363 improbitatem,
1297 2326 1383 2362 quae
1406 2319 1511 2350 tanta
1537 2319 1596 2350 est

149 2385 187 2416 et
204 2385 281 2415 tam
302 2376 506 2420 abnormis,
525 2382 567 2411 ut
585 2376 757 2425 quamvis
777 2387 901 2425 pauca
928 2373 1137 2422 specimina
1156 2372 1249 2409 satis
1270 2372 1486 2410 universam
1506 2385 1593 2422 pro-

149 2438 255 2476 dant.
310 2436 389 2473 Sed
407 2446 446 2473 et
461 2442 628 2472 vestrum
655 2436 685 2473 si
705 2435 770 2485 qui
791 2441 882 2471 sunt
901 2432 1118 2483 eloquentia
1140 2432 1364 2470 valentiores
1384 2444 1497 2480 quam
1518 2443 1592 2481 ego

149 2510 248 2543 sum,
266 2510 333 2535 eos
360 2509 467 2545 rogo,
486 2502 530 2533 ut
547 2495 688 2533 delicta
715 2494 886 2533 Philonis
915 2493 1084 2531 oratione
1117 2505 1348 2543 exaggerare
1370 2491 1487 2527 velint
1512 2498 1551 2529 et
1569 2504 1593 2529 a

149 2570 208 2595 me
225 2557 424 2607 praeteritis
451 2569 496 2594 ea
512 2569 599 2605 quae
619 2555 689 2605 ipsi
715 2556 842 2593 norint
860 2554 1019 2592 crimina
1047 2553 1128 2604 ejus
1149 2552 1288 2590 addere
1306 2565 1314 2588 :
1345 2562 1469 2600 neque
1489 2551 1589 2588 enirn

147 2631 167 2655 e
183 2617 274 2655 solis
293 2629 316 2654 a
333 2629 392 2654 me
413 2617 585 2654 dicendis
607 2616 769 2666 spectari
787 2628 910 2653 mores
931 2615 1012 2666 ejus
1030 2613 1220 2652 convenit.

199 2681 238 2714 2.
269 2677 380 2726 Nego
400 2677 526 2727 itaque
543 2677 603 2714 fas
623 2689 707 2714 esse
727 2676 877 2714 senatui
897 2675 943 2714 de
963 2676 1076 2712 rebus
1100 2671 1339 2721 fortunisque
1357 2670 1492 2708 vestris
1521 2671 1589 2709 de-

143 2740 350 2776 liberaturo
385 2750 601 2787 quenquam
629 2737 826 2784 interesse,
860 2737 927 2785 qui
956 2748 1047 2780 non,
1083 2740 1335 2783 praeterquam
1363 2730 1467 2781 quod
1497 2732 1588 2770 civis

144 2807 259 2837 natus
279 2798 340 2842 sit,
359 2797 472 2837 etiam
493 2798 584 2836 civis
604 2810 689 2836 esse
708 2799 811 2836 bona
828 2796 901 2835 fide
921 2795 1076 2834 studeat
1093 2801 1208 2842 atque
1224 2791 1444 2830 contendat.
1475 2790 1588 2842 Ejus-
