1822 3219
612 105 1035 145 AREOPAGITICA.
1469 102 1540 138 197

99 211 247 250 indiciis
266 210 532 249 ratiocinando
551 223 601 248 ex
621 210 704 260 ipsa
725 221 765 245 re
786 206 958 245 collectis
978 205 1030 242 rei
1051 217 1176 243 veram
1203 206 1389 243 rationem
1409 218 1552 255 cogno-

99 272 268 311 sceretis.
325 272 405 309 Vos
436 277 576 315 autem,
596 277 807 313 senatores,
829 268 941 306 decet
968 267 1168 304 vobiscum
1196 266 1407 304 deliberare
1437 275 1556 318 atque

100 333 348 378 constituere,
367 332 442 370 utri
468 331 542 369 fide
570 331 646 369 sint
672 329 879 381 digniores,
899 328 989 365 hine
1017 328 1155 378 quibus
1182 328 1362 378 permulti
1381 328 1554 365 testimo-

101 395 206 432 nium
226 392 496 445 perhibuerint,
517 404 565 429 an
593 405 705 442 quem
734 390 949 428 testimonio
980 389 1159 440 adjuvare
1187 401 1301 425 nemo
1334 400 1452 426 ausus
1481 388 1553 432 sit余

102 462 140 494 et
158 462 284 493 utrum
304 453 559 491 verosimilius
581 453 630 490 sit
648 452 752 489 hunc
773 451 924 488 mentiri
951 463 1065 501 quem
1094 450 1202 487 nulla
1229 448 1422 487 mendacii
1441 463 1557 501 poena

102 522 269 561 maneat,
290 527 337 552 an
359 527 418 551 me
440 521 547 551 tanto
578 513 772 564 proposito
800 512 971 563 periculo
1001 519 1150 549 tantum
1179 511 1331 548 facinus
1358 519 1554 562 patrasse余

102 578 267 628 denique
283 583 408 613 utrum
428 575 556 612 studio
571 575 668 612 bene
685 575 732 611 de
747 575 870 625 patria
883 573 1056 610 merendi
1069 585 1259 610 accensus
1280 572 1556 618 Nicomachus,

104 653 152 678 an
171 639 324 678 libidine
345 637 466 688 magis
493 637 754 675 calumniandi
774 643 897 681 actus,
919 642 1182 673 accusatorem
1211 634 1337 685 egisse
1359 634 1555 672 videatur?

104 701 189 751 Ego
208 699 384 750 equidem
414 698 544 736 nullus
575 698 710 736 dubito
729 711 798 735 vos
829 696 991 747 opinari,
1014 695 1295 733 Nicomachum
1330 695 1378 732 ab
1403 695 1556 733 inimcis

102 763 195 800 meis
216 761 418 799 inductum
438 761 513 798 hoc
533 769 727 798 certamen
743 758 973 807 instituisse,
993 771 1068 795 non
1089 771 1165 808 quo
1185 757 1418 802 consideret,
1437 757 1559 795 factu-

100 836 184 861 rum
203 836 243 860 se
264 830 307 860 ut
324 822 514 872 sacrilegii
535 835 640 859 reum
662 835 721 859 me
743 827 957 871 perageret,
980 820 1048 857 sed
1070 832 1146 870 quo
1174 818 1436 856 mercedulam
1456 831 1479 856 a
1496 831 1558 856 me

101 890 272 935 speraret
300 891 555 920 extorsururn.
613 881 847 930 Hujusmodi
872 881 973 919 enim
999 880 1285 918 criminationes
1312 893 1390 931 quo
1410 887 1501 918 sunt
1521 887 1560 918 et

100 945 150 982 ad
170 945 468 995 intorquendum
489 944 681 981 facillimae
702 950 740 981 et
761 942 811 980 ad
831 941 1107 993 depellendum
1128 941 1378 987 difficillimae,
1399 941 1473 978 hoc
1493 954 1558 980 eas

101 1006 267 1044 maxime
293 1019 407 1043 nemo
438 1018 517 1043 non
547 1005 710 1056 defugit.
766 1004 853 1054 Ego
880 1016 982 1048 ver0,
1011 1009 1220 1049 senatores,
1248 1003 1448 1054 indignum
1475 1016 1561 1041 mea

102 1081 267 1119 persona
286 1068 382 1106 duxi
401 1067 519 1106 telum
536 1067 639 1106 istud
659 1067 732 1105 hoc
753 1065 914 1104 artificio
935 1065 1090 1103 eludere
1111 1071 1228 1116 atque
1249 1071 1445 1109 avertere余
1475 1064 1558 1111 sed,

101 1136 145 1167 ut
163 1130 235 1168 iste
255 1143 315 1168 me
335 1130 537 1174 incusavit,
556 1129 684 1167 statim
705 1135 842 1166 vestrae
869 1140 932 1165 me
959 1127 1142 1179 potestati
1173 1126 1406 1177 arbitrioque
1432 1132 1560 1164 vestro

102 1191 289 1236 commisi,
306 1198 344 1229 et
364 1191 477 1242 hujus
497 1190 652 1241 quidem
672 1189 900 1227 discriminis
928 1201 1048 1226 causa
1074 1201 1163 1226 cum
1191 1188 1432 1226 inimicorum
1453 1187 1560 1224 nullo

101 1252 141 1289 in
159 1252 323 1302 gratiam
343 1252 449 1297 redii,
471 1251 622 1289 tametsi
643 1251 735 1288 mihi
753 1251 806 1288 illi
833 1256 925 1288 sunt
953 1257 1028 1287 tam
1056 1249 1201 1295 infesti,
1220 1256 1264 1287 ut
1290 1249 1470 1287 libentius
1499 1262 1560 1287 me

100 1312 248 1363 probris
268 1312 520 1358 insectentur,
541 1325 656 1363 quam
674 1313 746 1363 ipsi
766 1325 851 1349 sese
871 1311 1045 1356 laudent,
1065 1310 1102 1348 id
1132 1311 1238 1361 quod
1269 1310 1417 1348 faciunt
1443 1324 1559 1361 quam

99 1373 366 1417 libentissime余
396 1381 436 1411 et
454 1380 531 1411 tam
551 1373 666 1411 iidem
687 1372 816 1423 ignavi
837 1379 954 1423 atque
973 1371 1160 1417 imbelles,
1181 1379 1225 1409 ut
1239 1378 1370 1423 aperte
1391 1385 1451 1409 me
1472 1372 1563 1409 ado-

100 1435 163 1472 riri
193 1443 310 1486 atque
337 1435 474 1486 injuria
493 1435 632 1472 laedere
657 1434 788 1471 nullus
810 1447 941 1471 eorum
962 1432 1187 1471 adhucdum
1208 1433 1256 1471 sit
1277 1445 1408 1476 ausus,
1427 1432 1560 1484 hujus-

102 1497 206 1534 modi
225 1504 352 1535 autem
373 1497 528 1534 rabulas
550 1496 640 1533 mihi
662 1496 884 1540 immittant,
905 1495 1046 1546 quibus
1067 1508 1150 1540 vos,
1171 1508 1324 1544 aequurn
1347 1494 1375 1532 si
1397 1494 1560 1540 faciatis,

100 1557 215 1595 fidem
238 1557 487 1608 derogabitis.
546 1557 682 1594 Forem
709 1557 810 1593 enirn
838 1557 1038 1594 hominum
1067 1555 1237 1593 omnium
1263 1555 1508 1600 miserrimus,
1530 1556 1562 1594 si

101 1620 235 1658 exsilio
256 1627 390 1657 contra
410 1623 532 1669 juset
550 1619 608 1656 fas
630 1618 849 1662 mulctarer,
869 1619 933 1669 qui
955 1618 1024 1656 sim
1047 1618 1128 1656 sine
1150 1618 1277 1655 liberis
1305 1631 1352 1655 ex
1382 1618 1563 1657 universa

102 1689 218 1732 gente
240 1695 324 1720 mea
342 1682 446 1720 solus
467 1681 594 1719 adhuc
614 1687 824 1732 superstes,
847 1694 924 1731 quo
952 1681 1060 1718 fieret
1087 1687 1130 1717 ut
1150 1680 1285 1717 domus
1304 1693 1391 1718 mea
1410 1681 1564 1719 desola-

102 1749 205 1778 retur
230 1741 287 1792 [h.
309 1755 343 1779 e.
365 1742 481 1792 stirps
513 1741 727 1790 deficeret],
756 1754 882 1792 porro,
911 1741 941 1778 si
978 1748 1099 1779 mater
1133 1740 1222 1778 mihi
1257 1741 1563 1792 derelinquenda

104 1809 206 1839 esset
225 1808 339 1852 atque
360 1803 605 1840 destituenda
620 1815 745 1840 rerum
766 1802 934 1840 omnium
956 1803 1082 1854 inops,
1102 1803 1132 1840 si
1153 1802 1378 1853 turpissimis
1395 1804 1561 1842 crimini-

102 1864 175 1901 bus
206 1863 411 1902 infamatus
442 1864 661 1915 hujusmodi
685 1865 810 1916 patria
838 1864 1054 1902 exciderem
1084 1871 1163 1901 tam
1193 1864 1328 1902 illustri
1362 1871 1441 1902 tam
1470 1866 1562 1904 mihi

103 1938 205 1970 cara,
226 1938 294 1976 pro
320 1926 429 1977 cujus
454 1939 526 1977 ego
559 1926 682 1964 salute
708 1933 765 1964 tot
783 1939 935 1977 pugnas
964 1933 1142 1976 terraque
1170 1926 1343 1976 marique
1363 1926 1562 1977 depugna-

101 1987 232 2032 verim,
252 1995 291 2025 et
311 1988 420 2038 cujus
438 1988 478 2024 in
500 1997 660 2037 utraque
681 1987 847 2033 fortuna,
866 1994 943 2025 tam
963 1987 1002 2024 in
1023 1987 1199 2025 libertate
1212 2000 1329 2037 quam
1349 2000 1559 2039 paucorum

101 2048 173 2085 sub
193 2047 408 2095 dominatu,
428 2048 636 2099 pudentem
656 2061 718 2086 me
737 2048 1057 2098 moderatumque
1078 2048 1275 2099 gesserim.

155 2109 194 2146 9.
225 2109 369 2146 Verum
402 2110 612 2155 enimvero,
636 2116 846 2156 senatores,
865 2109 968 2147 haud
1002 2110 1094 2155 scio,
1116 2123 1165 2148 an
1191 2110 1300 2148 locus
1327 2109 1389 2148 hic
1421 2111 1471 2149 ad
1491 2124 1560 2150 vos

101 2170 208 2208 istaec
229 2170 407 2221 jactandi
435 2171 562 2208 minus
594 2171 644 2209 sit
662 2172 916 2209 conveniens:
944 2178 1189 2222 quapropter,
1209 2172 1246 2209 in
1266 2172 1407 2222 quibus
1427 2186 1558 2211 causae

100 2231 218 2269 cardo
236 2232 403 2278 vertitur,
426 2232 556 2283 paucis
587 2246 634 2270 ea
663 2233 790 2270 verbis
820 2233 1048 2284 complexus
1079 2233 1234 2272 dicendi
1262 2234 1378 2272 finem
1405 2235 1557 2273 faciam.

101 2294 266 2331 Planum
285 2294 392 2332 vobis
415 2295 500 2340 feci,
517 2308 647 2333 secum
666 2295 705 2332 in
725 2294 873 2346 praedio
887 2294 1036 2332 nullum
1051 2295 1184 2342 fuisse,
1199 2302 1320 2333 testes
1341 2296 1376 2334 ei
1396 2296 1448 2334 rei
1464 2310 1558 2334 con-

99 2354 300 2392 firmandae
314 2355 488 2405 produxi,
498 2355 731 2394 documenta
745 2356 869 2394 attuli.
897 2357 995 2400 Quae
1005 2369 1073 2394 vos
1083 2357 1196 2394 decet
1211 2357 1367 2395 memori
1381 2363 1558 2396 tenentes

102 2423 243 2463 mente,
263 2429 422 2454 causam
442 2417 672 2468 disceptare,
687 2424 726 2455 et
744 2431 899 2468 aequum
920 2418 1136 2456 existimare
1153 2419 1258 2457 hunc
1278 2432 1301 2457 a
1318 2420 1427 2457 vobis
1446 2420 1560 2458 inter-

102 2477 240 2528 rogari,
259 2490 377 2528 quam
395 2479 444 2516 ob
464 2492 556 2523 rem,
572 2479 683 2530 cujus
703 2492 765 2516 me
785 2479 941 2517 sceleris
955 2479 1185 2518 convincere
1205 2487 1361 2518 recente
1377 2480 1503 2517 adhuc
1519 2487 1559 2518 et

104 2538 290 2588 flagrante
312 2539 454 2578 delicto
474 2541 671 2592 potuisset,
693 2541 776 2592 ejus
791 2554 852 2579 me
874 2555 974 2580 nunc
995 2549 1102 2580 tanto
1122 2549 1293 2593 tempore
1313 2549 1399 2592 post
1417 2542 1455 2578 in
1477 2555 1559 2580 cer-

104 2605 232 2636 tamen
258 2602 478 2651 conjecerit,
500 2602 728 2652 laboretque
760 2616 782 2640 a
810 2603 971 2641 testibus
1003 2604 1213 2642 destitutus
1247 2603 1361 2639 fidem
1392 2610 1555 2642 vestram

106 2672 187 2697 suae
205 2662 382 2700 orationis
410 2663 615 2713 praestigiis
645 2664 772 2709 furari,
794 2677 881 2702 cum
907 2665 1099 2717 potuisset
1128 2665 1256 2702 scelus
1287 2677 1414 2701 meum
1442 2666 1556 2704 rebus

104 2720 197 2772 ipsis
216 2722 380 2760 evictum
408 2724 523 2768 dare3
550 2725 642 2762 item
673 2738 754 2772 cur,
775 2739 872 2776 quos
901 2740 975 2778 ego
1007 2740 1136 2764 servos
1167 2739 1272 2763 meos
1302 2739 1450 2773 omnes,
1470 2727 1554 2766 illos

103 2784 208 2834 ipsos
228 2783 337 2828 adeo,
358 2797 454 2833 quos
472 2785 556 2836 ipse
575 2787 628 2824 ait
648 2788 782 2825 sceleri
802 2801 890 2826 cum
917 2795 1133 2839 patraretur
1158 2787 1388 2835 interfuisse,
1407 2788 1456 2827 ad
1478 2795 1554 2828 tor-

104 2851 236 2883 menta
254 2844 451 2884 dedendos
465 2847 682 2895 obtulerim,
702 2862 769 2887 eos
789 2849 870 2900 ipse
891 2850 1065 2900 accipere
1085 2849 1330 2887 recusaverit.
