1822 3219
236 179 307 214 128
808 177 1109 214 ANDOClDlS

232 277 393 315 escere?
425 278 563 314 Nonne
583 277 796 328 impetratis
812 279 859 316 ab
876 279 987 316 hoste
1007 276 1292 316 conditionibus
1308 276 1369 321 iis,
1388 289 1483 327 quas
1502 277 1573 328 ipsi
1589 276 1684 314 socii

232 338 413 383 offerunt,
445 347 497 383 et,
528 352 616 389 quae
649 347 692 376 ut
721 340 831 377 nobis
861 340 1178 382 concederentur,
1213 337 1300 375 ideo
1330 337 1474 374 bellum
1508 337 1682 387 primitus

231 400 356 438 exorsi
385 401 607 438 fueramus?
649 401 700 438 Et
719 402 851 450 reliqui
880 401 1034 450 quidem
1064 413 1196 437 omnes
1225 399 1308 450 paci
1327 399 1510 445 serviunt,
1529 397 1681 437 tametsi

230 468 377 510 partem
403 460 589 498 bonorum
613 475 767 499 suorum
802 461 941 498 dedere
967 469 1082 511 atque
1113 461 1283 499 amittere
1303 473 1324 497 a
1350 472 1444 510 pace
1467 467 1681 509 cogantur:

231 533 303 558 nos
322 529 448 559 autem
469 534 604 572 pacem
625 522 886 559 recusabimus
907 534 1006 565 eam,
1036 534 1105 572 per
1128 534 1243 571 quarn
1273 534 1350 559 non
1372 520 1614 558 solummodo
1625 521 1685 571 ja-

230 591 340 622 ctura
364 584 471 621 nulla
493 584 673 622 facienda
699 584 759 628 sit,
791 584 860 621 sed
889 584 1004 622 etiam
1034 584 1084 621 ad
1103 584 1309 634 praesentia
1335 585 1450 628 bona,
1470 582 1546 620 alia
1572 592 1686 628 nova,

232 644 332 683 ultro
351 646 498 690 oblata,
517 646 593 682 sint
612 645 846 683 accessura?
1624 684 1627 686 ,

284 709 322 743 5.
354 706 505 757 Ecquid
522 707 635 756 igitur
650 714 839 757 superest,
851 705 896 743 de
911 718 988 756 quo
1005 705 1162 756 dignum
1179 704 1229 742 sit
1243 704 1468 743 deliberari?
1498 705 1686 748 Quaenam

231 767 297 804 illa
317 774 408 804 sunt
426 766 473 804 ad
494 779 580 818 quae
601 767 731 817 Argivi
752 780 822 806 nos
846 766 1036 804 invitant?
1077 765 1249 803 Primum
1265 765 1394 803 doceri
1416 766 1541 809 velim,
1561 761 1684 802 Boeoti

229 828 259 865 si
280 840 351 866 nos
372 829 563 874 deserant,
584 829 808 866 renunciata
827 829 935 866 nobis
958 828 1138 866 societate
1157 827 1246 865 belli
1265 826 1437 877 initaque
1458 840 1545 864 cum
1568 827 1686 864 Lace—

231 890 430 928 daemoniis
451 903 560 941 pace,
578 890 712 940 quanti
739 897 819 928 turn
849 889 1058 926 Corinthus
1078 887 1256 926 facienda
1284 889 1394 926 nobis
1420 887 1496 926 sit?
1540 888 1686 926 Recor-

230 951 373 989 damini
393 964 545 1002 nempe,
566 964 713 1002 quaeso,
729 949 1005 995 Athenienses,
1023 949 1098 987 diei
1114 949 1213 986 illius
1231 961 1308 999 qua
1326 961 1414 986 cum
1437 947 1581 985 Boeotis
1596 948 1688 986 belli

230 1012 453 1050 societatem
485 1013 674 1050 inibamus
707 1024 873 1062 quanam
905 1011 944 1048 id
973 1016 1104 1048 mente
1136 1009 1401 1047 faciebamus?
1443 1009 1530 1046 Non
1563 1008 1688 1046 existi-

230 1080 394 1117 mantes,
426 1073 458 1110 si
489 1073 706 1109 Boeotorum
734 1073 855 1122 copiae
884 1071 933 1108 ad
959 1078 1108 1108 nostras
1137 1070 1408 1114 accessissent,
1427 1069 1586 1115 idoneas
1607 1070 1685 1106 fore

231 1134 433 1184 copulatas
461 1134 578 1172 hasce
600 1133 730 1183 copias
757 1133 807 1170 ad
838 1131 1101 1182 repellendum
1123 1130 1182 1168 vel
1213 1130 1428 1167 universum
1463 1143 1583 1180 genus
1615 1130 1686 1167 hu-

230 1194 418 1232 manum?
449 1195 562 1231 Nunc
589 1201 716 1231 autem
738 1191 1006 1235 deliberemus,
1033 1191 1097 1228 ubi
1124 1204 1147 1228 a
1166 1190 1310 1227 Boeotis
1327 1190 1467 1228 deserti
1491 1188 1688 1234 fuerimus,

230 1262 363 1305 utpote
375 1268 463 1292 curn
481 1254 782 1292 Lacedaemoniis
800 1251 1067 1296 reconciliatis,
1083 1263 1173 1287 num
1188 1258 1226 1288 et
1237 1262 1314 1300 quo
1326 1258 1440 1300 pacto
1455 1250 1687 1301 sperandum

232 1316 294 1360 sit,
314 1323 358 1353 ut
382 1327 486 1353 arma
517 1315 895 1352 Lacedaemoniorum
927 1312 1195 1350 sustineamus.
1264 1310 1350 1355 Nae,
1382 1311 1490 1348 aiunt
1516 1311 1691 1361 quidam,

233 1376 522 1422 sustinebimus,
544 1375 770 1412 Corinthum
794 1375 824 1412 si
844 1372 1110 1411 custodiamus
1131 1371 1373 1421 Argivosque
1401 1372 1491 1408 belli
1511 1371 1637 1409 socios
1657 1371 1689 1408 si

233 1437 459 1474 habeamus.
514 1436 633 1485 Atqui
655 1434 936 1473 Lacedaemonii
959 1435 1089 1483 Argos
1112 1433 1145 1469 si
1165 1433 1401 1475 adoriantur,
1425 1440 1551 1469 utrum
1571 1432 1687 1475 facie-

234 1497 347 1535 mus?
377 1509 539 1548 opernne
555 1496 722 1533 feremus
738 1495 902 1545 Argivis,
923 1492 1076 1531 necne?
1107 1492 1194 1528 Non
1209 1492 1308 1529 enim
1323 1492 1452 1529 facere
1465 1492 1690 1541 poterimus,

233 1571 311 1609 quo
326 1559 450 1596 minus
472 1557 604 1594 horum
624 1557 811 1593 faciamus
832 1556 1071 1593 alterutrum.
1128 1553 1217 1590 Sive
1237 1554 1337 1590 enim
1359 1552 1511 1601 Argivis
1532 1562 1689 1590 succur-

235 1633 320 1658 rere
339 1620 494 1670 insuper
519 1617 762 1662 habebimus,
783 1616 930 1653 nullam
960 1615 1071 1652 nobis
1097 1614 1279 1663 reliquam
1311 1613 1494 1651 faciemus
1526 1626 1689 1651 excusa-

234 1682 392 1724 tionem,
413 1678 618 1730 quominus
649 1677 805 1727 Argivis
830 1676 1007 1727 injuriam
1031 1674 1170 1712 fecisse
1193 1674 1401 1718 videamur,
1426 1683 1464 1711 et
1483 1674 1688 1724 quominus

233 1740 379 1791 Argivi,
399 1740 434 1776 in
455 1751 589 1789 agrum
609 1745 783 1775 nostrum
803 1735 1031 1774 incurrendo
1046 1743 1085 1773 et
1103 1735 1140 1771 in
1159 1747 1230 1772 nos
1250 1746 1319 1785 pro
1336 1734 1459 1771 lubitu
1479 1735 1688 1779 saeviendo,

235 1805 268 1842 si
288 1804 444 1848 faciant,
472 1801 643 1853 perfidiae
664 1812 796 1851 poenas
815 1812 838 1836 a
857 1798 970 1836 nobis
994 1797 1149 1834 meritas
1176 1802 1348 1846 repetere
1369 1794 1597 1832 videantur:
1629 1795 1686 1831 sin

230 1874 363 1904 autem
383 1864 535 1914 Argivis
556 1871 698 1913 praesto
717 1862 858 1899 erimus
887 1867 926 1897 et
950 1858 1140 1896 laboranti
1169 1858 1339 1908 ipsorum
1370 1856 1454 1894 urbi
1486 1867 1687 1894 succurref·

233 1939 333 1973 mus,
353 1937 482 1964 nonne
497 1932 632 1976 parata
647 1923 756 1960 nobis
775 1931 814 1960 et
828 1920 1053 1958 inevitabilis
1070 1919 1142 1957 erit
1155 1932 1241 1956 cum
1258 1918 1558 1956 Lacedaemoniis
1573 1918 1687 1955 armis

235 1987 470 2028 decernendi
491 1984 731 2024 necessitas?
760 1983 901 2022 Procul
922 1982 1054 2019 dubio.
1113 1980 1394 2018 Dimicabimus
1415 1980 1553 2030 igitur.'
1598 1979 1687 2023 Quo

235 2050 328 2101 quid
348 2049 442 2087 fiat?
479 2058 555 2098 quo
589 2047 697 2085 nobis
731 2045 1032 2083 emolumentum
1060 2042 1275 2092 contingat,
1301 2040 1572 2091 ecquodnam?
1610 2053 1688 2090 quo

234 2123 373 2161 nempe
397 2116 464 2147 aut
482 2109 693 2151 vincamus,
715 2113 782 2144 aut
799 2105 887 2142 victi
914 2102 1174 2141 discedamus,
1244 2102 1321 2139 Sed
1346 2102 1455 2139 victis
1481 2101 1573 2151 quid
1592 2100 1690 2138 fiet?

230 2172 404 2217 Scilicet,
425 2183 514 2209 cum
535 2169 680 2207 ditione
703 2165 956 2204 Corinthiaca
985 2177 1062 2201 una
1087 2172 1258 2201 nostram
1277 2176 1431 2212 quoque
1457 2163 1688 2199 amittemus.

237 2233 315 2270 Sed
335 2233 439 2270 facta
453 2232 617 2269 victores
635 2241 706 2267 nos
726 2240 812 2265 esse
837 2227 1068 2264 dicessuros.
1127 2223 1356 2261 Corinthum
1380 2235 1515 2273 nempe
1534 2222 1688 2272 Argivis

228 2293 274 2330 'in
294 2300 525 2343 potestatem
553 2290 762 2327 trademus.
819 2287 909 2324 Non
939 2292 1092 2336 propter
1120 2284 1194 2322 hoc
1217 2291 1296 2321 tum
1324 2282 1544 2320 bellemus?
1587 2285 1690 2333 Age,

231 2356 312 2405 jam
336 2353 563 2403 Argivorum
583 2362 736 2400 quoque
755 2355 975 2398 spectemus
997 2345 1255 2383 causationes.
1314 2345 1530 2381 Hortamur
1555 2356 1691 2394 nempe

233 2428 319 2462 nos,
338 2422 381 2452 ut
396 2425 524 2452 secum
544 2417 583 2450 et
602 2424 691 2450 cum
713 2408 922 2448 Corinthiis
941 2409 980 2446 in
1001 2407 1223 2445 societatem
1245 2405 1443 2455 congressi
1463 2404 1606 2442 bellum
1627 2404 1692 2442 ad-

233 2488 366 2515 versus
386 2474 704 2512 Lacedaemonios
724 2471 979 2513 exordiamur,
1000 2468 1073 2519 ipsi
1092 2477 1220 2505 tamen
1242 2466 1398 2504 seorsim
1426 2478 1492 2515 pro
1507 2477 1600 2516 agro
1620 2477 1690 2502 suo

234 2539 283 2576 ab
300 2536 502 2574 hostilibus
521 2533 802 2572 incursionibus
829 2529 1032 2568 eximendo
1052 2529 1297 2579 stipulantur.
1355 2528 1442 2567 Quo
1462 2527 1517 2570 fit,
1533 2532 1576 2562 ut
1593 2527 1689 2563 fines

234 2611 325 2637 suos
347 2603 450 2634 tutos
469 2595 654 2639 habeant,
671 2601 713 2630 ut
731 2593 769 2630 in
791 2605 888 2642 quos
916 2589 1216 2628 Lacedaemoniis
1242 2601 1289 2626 ex
1312 2595 1426 2637 pacto
1453 2586 1556 2624 haud
1578 2586 1691 2624 liceat

234 2674 361 2701 aream
382 2659 519 2697 Martis
551 2657 709 2695 inferre:
751 2667 864 2707 porro
888 2653 1140 2705 proponenda
1172 2651 1283 2689 nobis
1306 2649 1690 2687 Lacedaemoniorum

234 2723 410 2774 perfidia,
431 2727 572 2759 terrent
590 2731 674 2763 nos,
693 2729 770 2768 quo
785 2715 911 2752 minus
932 2714 1140 2752 audeamus
1160 2725 1248 2750 cum
1270 2712 1315 2749 iis
1327 2710 1483 2762 pacisci,
1499 2717 1688 2761 negantes

233 2782 548 2822 Lacedaemonios
575 2780 697 2832 pactis
722 2785 903 2820 staturos,
923 2788 1010 2825 quae
1035 2786 1103 2811 nos
1134 2785 1210 2810 una
1236 2784 1323 2810 cum
1345 2771 1520 2809 omnibus
1549 2772 1688 2809 nostris

236 2845 350 2884 sociis
366 2844 611 2885 fecissemus;
642 2846 680 2878 et
698 2839 812 2877 iidem
829 2845 957 2875 tamen
976 2835 1109 2881 Argivi
1125 2841 1271 2884 negant
1284 2845 1452 2883 unquam
1469 2845 1491 2868 a
1507 2831 1689 2870 Lacedae-

234 2905 370 2944 moniis
397 2906 551 2955 pactum
578 2915 659 2940 esse
684 2900 879 2943 violatum,
901 2898 1002 2947 quod
1031 2894 1317 2933 Lacedaemonii
1350 2906 1482 2930 secum
1510 2893 1686 2943 privatim
