<?xml version="1.0" encoding="UTF-8"?>
<!DOCTYPE html PUBLIC "-//W3C//DTD XHTML 1.0 Transitional//EN"
    "http://www.w3.org/TR/xhtml1/DTD/xhtml1-transitional.dtd">
<html xmlns="http://www.w3.org/1999/xhtml" xml:lang="en" lang="en">
 <head>
  <title>
</title>
<meta http-equiv="Content-Type" content="text/html;charset=utf-8" />
  <meta name='ocr-system' content='tesseract 3.04.00' />
  <meta name='ocr-capabilities' content='ocr_page ocr_carea ocr_par ocr_line ocrx_word'/>
</head>
<body>
  <div class='ocr_page' id='page_1' title='image "./oratoresatticie13dobs_0069.png"; bbox 0 0 1822 3219; ppageno 0'>
   <div class='ocr_carea' id='block_1_1' title="bbox 572 159 1569 201">
    <p class='ocr_par' dir='ltr' id='par_1_1' title="bbox 572 159 1569 201">
     <span class='ocr_line' id='line_1_1' title="bbox 572 159 1569 201; baseline -0.006 -1"><span class='ocrx_word' id='word_1_1' title='bbox 572 164 642 200; x_wconf 85' lang='lat' dir='ltr'>DE</span> <span class='ocrx_word' id='word_1_2' title='bbox 673 162 846 201; x_wconf 78' lang='lat' dir='ltr'><strong>CAEDIS</strong></span> <span class='ocrx_word' id='word_1_3' title='bbox 879 160 1133 199; x_wconf 77' lang='lat' dir='ltr'>HERODIS.</span> <span class='ocrx_word' id='word_1_4' title='bbox 1523 159 1569 197; x_wconf 78' lang='lat'>57</span> 
     </span>
    </p>
   </div>
   <div class='ocr_carea' id='block_1_2' title="bbox 106 257 1585 1699">
    <p class='ocr_par' dir='ltr' id='par_1_2' title="bbox 106 257 1585 1699">
     <span class='ocr_line' id='line_1_2' title="bbox 127 257 1584 311; baseline 0.003 -19"><span class='ocrx_word' id='word_1_5' title='bbox 127 257 230 302; x_wconf 78' lang='lat' dir='ltr'>milii,</span> <span class='ocrx_word' id='word_1_6' title='bbox 257 258 372 296; x_wconf 67' lang='lat' dir='ltr'>{arido</span> <span class='ocrx_word' id='word_1_7' title='bbox 400 261 531 310; x_wconf 85' lang='lat' dir='ltr'>procul</span> <span class='ocrx_word' id='word_1_8' title='bbox 555 261 671 298; x_wconf 90' lang='lat' dir='ltr'>dubio</span> <span class='ocrx_word' id='word_1_9' title='bbox 701 261 748 297; x_wconf 92' lang='lat' dir='ltr'>de</span> <span class='ocrx_word' id='word_1_10' title='bbox 776 273 821 297; x_wconf 91' lang='lat' dir='ltr'>eo</span> <span class='ocrx_word' id='word_1_11' title='bbox 846 259 1125 304; x_wconf 85' lang='lat' dir='ltr'>inaudiverunt,</span> <span class='ocrx_word' id='word_1_12' title='bbox 1145 260 1466 309; x_wconf 76' lang='lat' dir='ltr'>quemadmodum</span> <span class='ocrx_word' id='word_1_13' title='bbox 1486 272 1584 311; x_wconf 48' lang='lat' dir='ltr'>egox</span> 
     </span>
     <span class='ocr_line' id='line_1_3' title="bbox 126 316 1585 370; baseline 0.003 -17"><span class='ocrx_word' id='word_1_14' title='bbox 126 316 219 354; x_wconf 87' lang='lat' dir='ltr'>Tam</span> <span class='ocrx_word' id='word_1_15' title='bbox 238 319 402 357; x_wconf 84' lang='lat' dir='ltr'>salutare</span> <span class='ocrx_word' id='word_1_16' title='bbox 427 328 498 365; x_wconf 86' lang='lat' dir='ltr'>est,</span> <span class='ocrx_word' id='word_1_17' title='bbox 512 321 832 370; x_wconf 75' lang='lat' dir='ltr'>tantiquerefert,</span> <span class='ocrx_word' id='word_1_18' title='bbox 861 321 910 358; x_wconf 91' lang='lat' dir='ltr'>ad</span> <span class='ocrx_word' id='word_1_19' title='bbox 932 333 1094 358; x_wconf 82' lang='lat' dir='ltr'>examen</span> <span class='ocrx_word' id='word_1_20' title='bbox 1114 333 1236 358; x_wconf 89' lang='lat' dir='ltr'>rerum</span> <span class='ocrx_word' id='word_1_21' title='bbox 1253 322 1366 358; x_wconf 87' lang='lat' dir='ltr'>etiam</span> <span class='ocrx_word' id='word_1_22' title='bbox 1388 322 1585 360; x_wconf 89' lang='lat' dir='ltr'>lentorem·</span> 
     </span>
     <span class='ocr_line' id='line_1_4' title="bbox 127 380 1581 427; baseline 0.005 -15"><span class='ocrx_word' id='word_1_23' title='bbox 127 380 306 427; x_wconf 90' lang='lat' dir='ltr'>temporis</span> <span class='ocrx_word' id='word_1_24' title='bbox 336 381 373 417; x_wconf 91' lang='lat' dir='ltr'>in</span> <span class='ocrx_word' id='word_1_25' title='bbox 406 382 606 419; x_wconf 90' lang='lat' dir='ltr'>consilium</span> <span class='ocrx_word' id='word_1_26' title='bbox 637 381 831 419; x_wconf 86' lang='lat' dir='ltr'>adhibere.</span> <span class='ocrx_word' id='word_1_27' title='bbox 906 380 1019 417; x_wconf 86' lang='lat' dir='ltr'>Forte</span> <span class='ocrx_word' id='word_1_28' title='bbox 1052 382 1131 425; x_wconf 84' lang='lat' dir='ltr'>fiat,</span> <span class='ocrx_word' id='word_1_29' title='bbox 1164 387 1206 418; x_wconf 89' lang='lat' dir='ltr'>ut</span> <span class='ocrx_word' id='word_1_30' title='bbox 1242 381 1315 418; x_wconf 91' lang='lat' dir='ltr'>hoc</span> <span class='ocrx_word' id='word_1_31' title='bbox 1351 382 1581 419; x_wconf 62' lang='lat' dir='ltr'>consultore⁴</span> 
     </span>
     <span class='ocr_line' id='line_1_5' title="bbox 125 441 1572 492; baseline 0.005 -20"><span class='ocrx_word' id='word_1_32' title='bbox 125 444 274 476; x_wconf 87' lang='lat' dir='ltr'>utentes</span> <span class='ocrx_word' id='word_1_33' title='bbox 307 452 381 478; x_wconf 82' lang='lat' dir='ltr'>vos</span> <span class='ocrx_word' id='word_1_34' title='bbox 399 441 486 478; x_wconf 90' lang='lat' dir='ltr'>olim</span> <span class='ocrx_word' id='word_1_35' title='bbox 507 442 714 491; x_wconf 77' lang='lat' dir='ltr'>aliquando</span> <span class='ocrx_word' id='word_1_36' title='bbox 735 443 913 479; x_wconf 85' lang='lat' dir='ltr'>certiores</span> <span class='ocrx_word' id='word_1_37' title='bbox 931 441 1043 486; x_wconf 83' lang='lat' dir='ltr'>fiatis,</span> <span class='ocrx_word' id='word_1_38' title='bbox 1063 454 1230 491; x_wconf 87' lang='lat' dir='ltr'>quonam</span> <span class='ocrx_word' id='word_1_39' title='bbox 1257 442 1572 492; x_wconf 66' lang='lat' dir='ltr'>pacto&#39;Herodes</span> 
     </span>
     <span class='ocr_line' id='line_1_6' title="bbox 123 501 1576 552; baseline 0.005 -19"><span class='ocrx_word' id='word_1_40' title='bbox 123 509 275 548; x_wconf 91' lang='lat' dir='ltr'>quoque</span> <span class='ocrx_word' id='word_1_41' title='bbox 308 501 474 550; x_wconf 88' lang='lat' dir='ltr'>perierit.</span> <span class='ocrx_word' id='word_1_42' title='bbox 532 503 676 539; x_wconf 79' lang='lat' dir='ltr'>Cavete</span> <span class='ocrx_word' id='word_1_43' title='bbox 706 503 833 552; x_wconf 91' lang='lat' dir='ltr'>itaque</span> <span class='ocrx_word' id='word_1_44' title='bbox 862 503 994 552; x_wconf 75' lang='lat' dir='ltr'>quaes&#39;o</span> <span class='ocrx_word' id='word_1_45' title='bbox 1023 502 1171 547; x_wconf 91' lang='lat' dir='ltr'>sedulo,</span> <span class='ocrx_word' id='word_1_46' title='bbox 1209 515 1256 538; x_wconf 86' lang='lat' dir='ltr'>ne</span> <span class='ocrx_word' id='word_1_47' title='bbox 1289 502 1395 539; x_wconf 91' lang='lat' dir='ltr'>vobis</span> <span class='ocrx_word' id='word_1_48' title='bbox 1423 515 1576 552; x_wconf 87' lang='lat' dir='ltr'>quoque</span> 
     </span>
     <span class='ocr_line' id='line_1_7' title="bbox 120 556 1581 612; baseline 0.005 -19"><span class='ocrx_word' id='word_1_49' title='bbox 120 556 220 595; x_wconf 92' lang='lat' dir='ltr'>idem</span> <span class='ocrx_word' id='word_1_50' title='bbox 241 573 311 597; x_wconf 89' lang='lat' dir='ltr'>usu</span> <span class='ocrx_word' id='word_1_51' title='bbox 327 562 465 606; x_wconf 87' lang='lat' dir='ltr'>veniat,</span> <span class='ocrx_word' id='word_1_52' title='bbox 487 570 528 598; x_wconf 88' lang='lat' dir='ltr'>ut</span> <span class='ocrx_word' id='word_1_53' title='bbox 548 576 620 605; x_wconf 83' lang='lat' dir='ltr'>me,</span> <span class='ocrx_word' id='word_1_54' title='bbox 646 563 816 612; x_wconf 90' lang='lat' dir='ltr'>quamvis</span> <span class='ocrx_word' id='word_1_55' title='bbox 836 563 999 607; x_wconf 87' lang='lat' dir='ltr'>insonte,</span> <span class='ocrx_word' id='word_1_56' title='bbox 1019 569 1147 600; x_wconf 88' lang='lat' dir='ltr'>vestra</span> <span class='ocrx_word' id='word_1_57' title='bbox 1161 563 1352 599; x_wconf 82' lang='lat' dir='ltr'>sententia</span> <span class='ocrx_word' id='word_1_58' title='bbox 1371 573 1581 612; x_wconf 55' lang='lat' dir='ltr'>oppresso,</span> 
     </span>
     <span class='ocr_line' id='line_1_8' title="bbox 121 619 1569 673; baseline 0.003 -19"><span class='ocrx_word' id='word_1_59' title='bbox 121 625 200 655; x_wconf 89' lang='lat' dir='ltr'>tum</span> <span class='ocrx_word' id='word_1_60' title='bbox 222 619 374 658; x_wconf 90' lang='lat' dir='ltr'>demum</span> <span class='ocrx_word' id='word_1_61' title='bbox 394 635 519 660; x_wconf 83' lang='lat' dir='ltr'>veram</span> <span class='ocrx_word' id='word_1_62' title='bbox 533 623 649 673; x_wconf 84' lang='lat' dir='ltr'>h&#39;ujus</span> <span class='ocrx_word' id='word_1_63' title='bbox 665 624 770 660; x_wconf 89' lang='lat' dir='ltr'>necis</span> <span class='ocrx_word' id='word_1_64' title='bbox 788 624 971 660; x_wconf 87' lang='lat' dir='ltr'>rationem</span> <span class='ocrx_word' id='word_1_65' title='bbox 985 623 1245 673; x_wconf 74' lang='lat' dir='ltr'>cognoscatiS,</span> <span class='ocrx_word' id='word_1_66' title='bbox 1260 637 1297 660; x_wconf 88' lang='lat' dir='ltr'>re</span> <span class='ocrx_word' id='word_1_67' title='bbox 1310 635 1388 659; x_wconf 88' lang='lat' dir='ltr'>non</span> <span class='ocrx_word' id='word_1_68' title='bbox 1404 622 1569 671; x_wconf 88' lang='lat' dir='ltr'>amplius</span> 
     </span>
     <span class='ocr_line' id='line_1_9' title="bbox 119 677 1568 733; baseline 0.003 -19"><span class='ocrx_word' id='word_1_69' title='bbox 119 677 250 723; x_wconf 89' lang='lat' dir='ltr'>salva;</span> <span class='ocrx_word' id='word_1_70' title='bbox 281 680 349 717; x_wconf 87' lang='lat' dir='ltr'>sed</span> <span class='ocrx_word' id='word_1_71' title='bbox 377 681 480 730; x_wconf 84' lang='lat' dir='ltr'>prius</span> <span class='ocrx_word' id='word_1_72' title='bbox 505 683 601 720; x_wconf 89' lang='lat' dir='ltr'>bene</span> <span class='ocrx_word' id='word_1_73' title='bbox 634 683 824 721; x_wconf 85' lang='lat' dir='ltr'>consulite</span> <span class='ocrx_word' id='word_1_74' title='bbox 854 683 1136 733; x_wconf 82' lang='lat' dir='ltr'>diligenterque</span> <span class='ocrx_word' id='word_1_75' title='bbox 1167 696 1324 720; x_wconf 84' lang='lat' dir='ltr'>causam</span> <span class='ocrx_word' id='word_1_76' title='bbox 1343 683 1568 733; x_wconf 80' lang='lat' dir='ltr'>explorate,</span> 
     </span>
     <span class='ocr_line' id='line_1_10' title="bbox 118 739 1581 794; baseline 0.005 -21"><span class='ocrx_word' id='word_1_77' title='bbox 118 750 193 774; x_wconf 91' lang='lat' dir='ltr'>non</span> <span class='ocrx_word' id='word_1_78' title='bbox 211 739 346 788; x_wconf 76' lang='lat' dir='ltr'>perciti</span> <span class='ocrx_word' id='word_1_79' title='bbox 365 740 575 787; x_wconf 82' lang='lat' dir='ltr'>iracundia,</span> <span class='ocrx_word' id='word_1_80' title='bbox 604 756 679 780; x_wconf 89' lang='lat' dir='ltr'>non</span> <span class='ocrx_word' id='word_1_81' title='bbox 699 743 899 781; x_wconf 86' lang='lat' dir='ltr'>calumniis</span> <span class='ocrx_word' id='word_1_82' title='bbox 920 743 1125 794; x_wconf 81' lang='lat' dir='ltr'>exagitati:</span> <span class='ocrx_word' id='word_1_83' title='bbox 1159 743 1400 780; x_wconf 78' lang='lat' dir='ltr'>consulteres</span> <span class='ocrx_word' id='word_1_84' title='bbox 1420 742 1459 779; x_wconf 91' lang='lat' dir='ltr'>hi</span> <span class='ocrx_word' id='word_1_85' title='bbox 1480 751 1581 780; x_wconf 84' lang='lat' dir='ltr'>sunt</span> 
     </span>
     <span class='ocr_line' id='line_1_11' title="bbox 116 799 1567 854; baseline 0.006 -22"><span class='ocrx_word' id='word_1_86' title='bbox 116 803 192 834; x_wconf 86' lang='lat' dir='ltr'>tam</span> <span class='ocrx_word' id='word_1_87' title='bbox 222 799 325 844; x_wconf 86' lang='lat' dir='ltr'>mali,</span> <span class='ocrx_word' id='word_1_88' title='bbox 346 808 388 836; x_wconf 89' lang='lat' dir='ltr'>ut</span> <span class='ocrx_word' id='word_1_89' title='bbox 406 801 518 840; x_wconf 84' lang='lat' dir='ltr'>facile</span> <span class='ocrx_word' id='word_1_90' title='bbox 539 816 615 840; x_wconf 91' lang='lat' dir='ltr'>non</span> <span class='ocrx_word' id='word_1_91' title='bbox 636 805 685 841; x_wconf 90' lang='lat' dir='ltr'>sit</span> <span class='ocrx_word' id='word_1_92' title='bbox 704 804 853 854; x_wconf 84' lang='lat' dir='ltr'>pejores</span> <span class='ocrx_word' id='word_1_93' title='bbox 880 804 1074 854; x_wconf 87' lang='lat' dir='ltr'>reperire.&#39;</span> <span class='ocrx_word' id='word_1_94' title='bbox 1112 803 1217 840; x_wconf 89' lang='lat' dir='ltr'>Nihil</span> <span class='ocrx_word' id='word_1_95' title='bbox 1236 803 1349 840; x_wconf 69' lang='lat' dir='ltr'>&#39;enim</span> <span class='ocrx_word' id='word_1_96' title='bbox 1368 806 1441 848; x_wconf 78' lang='lat' dir='ltr'>est,</span> <span class='ocrx_word' id='word_1_97' title='bbox 1462 804 1567 853; x_wconf 93' lang='lat' dir='ltr'>quod</span> 
     </span>
     <span class='ocr_line' id='line_1_12' title="bbox 114 856 1569 912; baseline 0.005 -19"><span class='ocrx_word' id='word_1_98' title='bbox 114 856 230 895; x_wconf 92' lang='lat' dir='ltr'>homo</span> <span class='ocrx_word' id='word_1_99' title='bbox 259 859 456 899; x_wconf 82' lang='lat' dir='ltr'>iracundia</span> <span class='ocrx_word' id='word_1_100' title='bbox 489 865 732 912; x_wconf 85' lang='lat' dir='ltr'>perturbatus</span> <span class='ocrx_word' id='word_1_101' title='bbox 760 871 862 902; x_wconf 87' lang='lat' dir='ltr'>recte</span> <span class='ocrx_word' id='word_1_102' title='bbox 894 871 1027 902; x_wconf 84' lang='lat' dir='ltr'>cernat</span> <span class='ocrx_word' id='word_1_103' title='bbox 1065 870 1214 901; x_wconf 87' lang='lat' dir='ltr'>recteve</span> <span class='ocrx_word' id='word_1_104' title='bbox 1244 864 1472 901; x_wconf 86' lang='lat' dir='ltr'>constituat:</span> <span class='ocrx_word' id='word_1_105' title='bbox 1514 864 1569 901; x_wconf 86' lang='lat' dir='ltr'>ira</span> 
     </span>
     <span class='ocr_line' id='line_1_13' title="bbox 114 917 1581 974; baseline 0.005 -22"><span class='ocrx_word' id='word_1_106' title='bbox 114 917 214 954; x_wconf 87' lang='lat' dir='ltr'>enim</span> <span class='ocrx_word' id='word_1_107' title='bbox 240 919 333 957; x_wconf 91' lang='lat' dir='ltr'>illud</span> <span class='ocrx_word' id='word_1_108' title='bbox 362 922 498 970; x_wconf 85' lang='lat' dir='ltr'>ipsum,</span> <span class='ocrx_word' id='word_1_109' title='bbox 533 929 609 974; x_wconf 74' lang='lat' dir='ltr'>per&#39;</span> <span class='ocrx_word' id='word_1_110' title='bbox 629 924 731 973; x_wconf 87' lang='lat' dir='ltr'>quod</span> <span class='ocrx_word' id='word_1_111' title='bbox 769 924 882 961; x_wconf 86' lang='lat' dir='ltr'>homo</span> <span class='ocrx_word' id='word_1_112' title='bbox 910 925 1113 974; x_wconf 72' lang='lat' dir='ltr'>deliberat,</span> <span class='ocrx_word' id='word_1_113' title='bbox 1146 931 1316 961; x_wconf 87' lang='lat' dir='ltr'>mentem</span> <span class='ocrx_word' id='word_1_114' title='bbox 1344 925 1426 974; x_wconf 88' lang='lat' dir='ltr'>ejus</span> <span class='ocrx_word' id='word_1_115' title='bbox 1461 930 1581 974; x_wconf 55' lang='lat' dir='ltr'>putas</span> 
     </span>
     <span class='ocr_line' id='line_1_14' title="bbox 113 980 1580 1033; baseline 0.005 -18"><span class='ocrx_word' id='word_1_116' title='bbox 113 980 333 1030; x_wconf 85' lang='lat' dir='ltr'>corrumpit.</span> <span class='ocrx_word' id='word_1_117' title='bbox 366 982 418 1019; x_wconf 92' lang='lat' dir='ltr'>Ut</span> <span class='ocrx_word' id='word_1_118' title='bbox 439 990 565 1020; x_wconf 85' lang='lat' dir='ltr'>autem</span> <span class='ocrx_word' id='word_1_119' title='bbox 584 984 727 1033; x_wconf 85' lang='lat' dir='ltr'>aliquid</span> <span class='ocrx_word' id='word_1_120' title='bbox 743 997 817 1020; x_wconf 92' lang='lat' dir='ltr'>non</span> <span class='ocrx_word' id='word_1_121' title='bbox 835 984 962 1028; x_wconf 87' lang='lat' dir='ltr'>hodie,</span> <span class='ocrx_word' id='word_1_122' title='bbox 984 983 1052 1021; x_wconf 89' lang='lat' dir='ltr'>sed</span> <span class='ocrx_word' id='word_1_123' title='bbox 1069 987 1153 1021; x_wconf 87' lang='lat' dir='ltr'>cras</span> <span class='ocrx_word' id='word_1_124' title='bbox 1167 985 1233 1021; x_wconf 87' lang='lat' dir='ltr'>fiat</span> <span class='ocrx_word' id='word_1_125' title='bbox 1253 984 1331 1032; x_wconf 92' lang='lat' dir='ltr'>[vel</span> <span class='ocrx_word' id='word_1_126' title='bbox 1352 985 1580 1022; x_wconf 84' lang='lat' dir='ltr'>differentia·</span> 
     </span>
     <span class='ocr_line' id='line_1_15' title="bbox 113 1040 1566 1092; baseline 0.005 -17"><span class='ocrx_word' id='word_1_127' title='bbox 113 1040 224 1077; x_wconf 87' lang='lat' dir='ltr'>unius</span> <span class='ocrx_word' id='word_1_128' title='bbox 256 1041 342 1085; x_wconf 87' lang='lat' dir='ltr'>diei,</span> <span class='ocrx_word' id='word_1_129' title='bbox 377 1052 443 1080; x_wconf 86' lang='lat' dir='ltr'>aut</span> <span class='ocrx_word' id='word_1_130' title='bbox 471 1044 584 1080; x_wconf 84' lang='lat' dir='ltr'>etiam</span> <span class='ocrx_word' id='word_1_131' title='bbox 608 1045 802 1081; x_wconf 78' lang='lat' dir='ltr'>successio</span> <span class='ocrx_word' id='word_1_132' title='bbox 832 1044 976 1081; x_wconf 86' lang='lat' dir='ltr'>dierum</span> <span class='ocrx_word' id='word_1_133' title='bbox 1000 1045 1096 1081; x_wconf 90' lang='lat' dir='ltr'>inter</span> <span class='ocrx_word' id='word_1_134' title='bbox 1116 1045 1173 1092; x_wconf 86' lang='lat' dir='ltr'>se]</span> <span class='ocrx_word' id='word_1_135' title='bbox 1195 1045 1354 1081; x_wconf 90' lang='lat' dir='ltr'>multum</span> <span class='ocrx_word' id='word_1_136' title='bbox 1386 1044 1488 1082; x_wconf 88' lang='lat' dir='ltr'>valet</span> <span class='ocrx_word' id='word_1_137' title='bbox 1517 1046 1566 1082; x_wconf 83' lang='lat' dir='ltr'>ad</span> 
     </span>
     <span class='ocr_line' id='line_1_16' title="bbox 113 1103 1562 1155; baseline 0.004 -19"><span class='ocrx_word' id='word_1_138' title='bbox 113 1109 277 1138; x_wconf 86' lang='lat' dir='ltr'>mentem</span> <span class='ocrx_word' id='word_1_139' title='bbox 314 1103 474 1141; x_wconf 87' lang='lat' dir='ltr'>hominis</span> <span class='ocrx_word' id='word_1_140' title='bbox 509 1104 745 1149; x_wconf 80' lang='lat' dir='ltr'>mutandam,</span> <span class='ocrx_word' id='word_1_141' title='bbox 776 1112 814 1141; x_wconf 86' lang='lat' dir='ltr'>et</span> <span class='ocrx_word' id='word_1_142' title='bbox 851 1105 898 1141; x_wconf 90' lang='lat' dir='ltr'>ad</span> <span class='ocrx_word' id='word_1_143' title='bbox 929 1105 1228 1155; x_wconf 86' lang='lat' dir='ltr'>perveniendum</span> <span class='ocrx_word' id='word_1_144' title='bbox 1252 1105 1443 1142; x_wconf 85' lang='lat' dir='ltr'>ad&#39;sedes</span> <span class='ocrx_word' id='word_1_145' title='bbox 1470 1107 1562 1143; x_wconf 92' lang='lat' dir='ltr'>veri.</span> 
     </span>
     <span class='ocr_line' id='line_1_17' title="bbox 113 1161 1563 1214; baseline 0.003 -17"><span class='ocrx_word' id='word_1_146' title='bbox 113 1161 246 1199; x_wconf 88' lang='lat' dir='ltr'>Certos</span> <span class='ocrx_word' id='word_1_147' title='bbox 264 1175 329 1200; x_wconf 87' lang='lat' dir='ltr'>vos</span> <span class='ocrx_word' id='word_1_148' title='bbox 358 1176 441 1200; x_wconf 85' lang='lat' dir='ltr'>esse</span> <span class='ocrx_word' id='word_1_149' title='bbox 461 1164 586 1209; x_wconf 88' lang='lat' dir='ltr'>velim,</span> <span class='ocrx_word' id='word_1_150' title='bbox 618 1165 738 1201; x_wconf 83' lang='lat' dir='ltr'>multo</span> <span class='ocrx_word' id='word_1_151' title='bbox 761 1165 882 1214; x_wconf 83' lang='lat' dir='ltr'>magis</span> <span class='ocrx_word' id='word_1_152' title='bbox 912 1178 971 1201; x_wconf 92' lang='lat' dir='ltr'>me</span> <span class='ocrx_word' id='word_1_153' title='bbox 1002 1172 1167 1202; x_wconf 87' lang='lat' dir='ltr'>vestram</span> <span class='ocrx_word' id='word_1_154' title='bbox 1187 1165 1563 1214; x_wconf 80' lang='lat' dir='ltr'>commiserationem</span> 
     </span>
     <span class='ocr_line' id='line_1_18' title="bbox 111 1223 1575 1274; baseline 0.001 -15"><span class='ocrx_word' id='word_1_155' title='bbox 111 1223 282 1259; x_wconf 84' lang='lat' dir='ltr'>meritum</span> <span class='ocrx_word' id='word_1_156' title='bbox 304 1237 540 1273; x_wconf 38' lang='lat' dir='ltr'>esse‚vquam</span> <span class='ocrx_word' id='word_1_157' title='bbox 573 1231 614 1261; x_wconf 84' lang='lat' dir='ltr'>ut</span> <span class='ocrx_word' id='word_1_158' title='bbox 644 1237 776 1274; x_wconf 87' lang='lat' dir='ltr'>poeuas</span> <span class='ocrx_word' id='word_1_159' title='bbox 804 1225 917 1261; x_wconf 90' lang='lat' dir='ltr'>dem:</span> <span class='ocrx_word' id='word_1_160' title='bbox 952 1238 1085 1274; x_wconf 85' lang='lat' dir='ltr'>poenas</span> <span class='ocrx_word' id='word_1_161' title='bbox 1115 1225 1215 1262; x_wconf 87' lang='lat' dir='ltr'>enim</span> <span class='ocrx_word' id='word_1_162' title='bbox 1241 1226 1336 1262; x_wconf 85' lang='lat' dir='ltr'>dant</span> <span class='ocrx_word' id='word_1_163' title='bbox 1354 1226 1575 1271; x_wconf 88' lang='lat' dir='ltr'>criminosi,-</span> 
     </span>
     <span class='ocr_line' id='line_1_19' title="bbox 111 1282 1565 1324; baseline 0.004 -7"><span class='ocrx_word' id='word_1_164' title='bbox 111 1282 407 1321; x_wconf 83' lang='lat' dir='ltr'>misericordiam</span> <span class='ocrx_word' id='word_1_165' title='bbox 429 1291 554 1322; x_wconf 85' lang='lat' dir='ltr'>autem</span> <span class='ocrx_word' id='word_1_166' title='bbox 579 1292 772 1321; x_wconf 87' lang='lat' dir='ltr'>merentur</span> <span class='ocrx_word' id='word_1_167' title='bbox 800 1286 970 1322; x_wconf 87' lang='lat' dir='ltr'>insontes</span> <span class='ocrx_word' id='word_1_168' title='bbox 991 1287 1027 1322; x_wconf 90' lang='lat' dir='ltr'>in</span> <span class='ocrx_word' id='word_1_169' title='bbox 1046 1286 1254 1323; x_wconf 73' lang='lat' dir='ltr'>vdiscrimen</span> <span class='ocrx_word' id='word_1_170' title='bbox 1283 1285 1457 1324; x_wconf 86' lang='lat' dir='ltr'>adducti.</span> <span class='ocrx_word' id='word_1_171' title='bbox 1515 1287 1565 1323; x_wconf 91' lang='lat' dir='ltr'>Et</span> 
     </span>
     <span class='ocr_line' id='line_1_20' title="bbox 109 1347 1574 1397; baseline 0.003 -17"><span class='ocrx_word' id='word_1_172' title='bbox 109 1350 234 1382; x_wconf 88' lang='lat' dir='ltr'>vestra</span> <span class='ocrx_word' id='word_1_173' title='bbox 253 1351 425 1395; x_wconf 89' lang='lat' dir='ltr'>potestas</span> <span class='ocrx_word' id='word_1_174' title='bbox 445 1347 549 1397; x_wconf 90' lang='lat' dir='ltr'>salvo</span> <span class='ocrx_word' id='word_1_175' title='bbox 575 1350 791 1395; x_wconf 71' lang='lat' dir='ltr'>jure&#39;aequo</span> <span class='ocrx_word' id='word_1_176' title='bbox 813 1359 871 1383; x_wconf 91' lang='lat' dir='ltr'>me</span> <span class='ocrx_word' id='word_1_177' title='bbox 900 1347 1076 1384; x_wconf 87' lang='lat' dir='ltr'>servandi</span> <span class='ocrx_word' id='word_1_178' title='bbox 1107 1360 1258 1397; x_wconf 84' lang='lat' dir='ltr'>semper</span> <span class='ocrx_word' id='word_1_179' title='bbox 1292 1347 1409 1385; x_wconf 91' lang='lat' dir='ltr'>debet</span> <span class='ocrx_word' id='word_1_180' title='bbox 1437 1349 1574 1397; x_wconf 69' lang='lat' dir='ltr'>potior⁴</span> 
     </span>
     <span class='ocr_line' id='line_1_21' title="bbox 107 1405 1561 1458; baseline 0.004 -18"><span class='ocrx_word' id='word_1_181' title='bbox 107 1416 191 1442; x_wconf 85' lang='lat' dir='ltr'>esse</span> <span class='ocrx_word' id='word_1_182' title='bbox 235 1405 371 1443; x_wconf 89' lang='lat' dir='ltr'>horum</span> <span class='ocrx_word' id='word_1_183' title='bbox 407 1406 644 1444; x_wconf 89' lang='lat' dir='ltr'>inimicorum</span> <span class='ocrx_word' id='word_1_184' title='bbox 681 1408 927 1444; x_wconf 87' lang='lat' dir='ltr'>contentione</span> <span class='ocrx_word' id='word_1_185' title='bbox 966 1421 1024 1444; x_wconf 91' lang='lat' dir='ltr'>me</span> <span class='ocrx_word' id='word_1_186' title='bbox 1064 1420 1131 1457; x_wconf 89' lang='lat' dir='ltr'>per</span> <span class='ocrx_word' id='word_1_187' title='bbox 1169 1407 1277 1444; x_wconf 87' lang='lat' dir='ltr'>nefas</span> <span class='ocrx_word' id='word_1_188' title='bbox 1311 1407 1561 1458; x_wconf 88' lang='lat' dir='ltr'>opprimendi.</span> 
     </span>
     <span class='ocr_line' id='line_1_22' title="bbox 110 1465 1561 1517; baseline 0.004 -18"><span class='ocrx_word' id='word_1_189' title='bbox 110 1465 306 1514; x_wconf 85' lang='lat' dir='ltr'>Ampliate</span> <span class='ocrx_word' id='word_1_190' title='bbox 341 1466 564 1515; x_wconf 87' lang='lat' dir='ltr'>paululum:</span> <span class='ocrx_word' id='word_1_191' title='bbox 610 1479 698 1503; x_wconf 89' lang='lat' dir='ltr'>nam</span> <span class='ocrx_word' id='word_1_192' title='bbox 736 1467 771 1503; x_wconf 92' lang='lat' dir='ltr'>in</span> <span class='ocrx_word' id='word_1_193' title='bbox 811 1467 1036 1504; x_wconf 82' lang='lat' dir='ltr'>sustinendo</span> <span class='ocrx_word' id='word_1_194' title='bbox 1065 1467 1211 1515; x_wconf 86' lang='lat' dir='ltr'>judicio</span> <span class='ocrx_word' id='word_1_195' title='bbox 1242 1468 1342 1505; x_wconf 86' lang='lat' dir='ltr'>inest</span> <span class='ocrx_word' id='word_1_196' title='bbox 1378 1474 1561 1517; x_wconf 86' lang='lat' dir='ltr'>potestas,</span> 
     </span>
     <span class='ocr_line' id='line_1_23' title="bbox 108 1526 1559 1577; baseline 0.004 -17"><span class='ocrx_word' id='word_1_197' title='bbox 108 1526 417 1575; x_wconf 86' lang='lat' dir='ltr'>quandocunque</span> <span class='ocrx_word' id='word_1_198' title='bbox 444 1527 565 1563; x_wconf 88' lang='lat' dir='ltr'>visum</span> <span class='ocrx_word' id='word_1_199' title='bbox 590 1527 718 1571; x_wconf 84' lang='lat' dir='ltr'>suerit,</span> <span class='ocrx_word' id='word_1_200' title='bbox 745 1540 791 1564; x_wconf 85' lang='lat' dir='ltr'>ea</span> <span class='ocrx_word' id='word_1_201' title='bbox 825 1528 1036 1565; x_wconf 83' lang='lat' dir='ltr'>severitatis</span> <span class='ocrx_word' id='word_1_202' title='bbox 1065 1528 1242 1577; x_wconf 86' lang='lat' dir='ltr'>exempla</span> <span class='ocrx_word' id='word_1_203' title='bbox 1270 1528 1476 1573; x_wconf 85' lang='lat' dir='ltr'>statuendi,</span> <span class='ocrx_word' id='word_1_204' title='bbox 1510 1529 1559 1566; x_wconf 89' lang='lat' dir='ltr'>ad</span> 
     </span>
     <span class='ocr_line' id='line_1_24' title="bbox 107 1587 1561 1639; baseline 0.003 -18"><span class='ocrx_word' id='word_1_205' title='bbox 107 1598 194 1634; x_wconf 88' lang='lat' dir='ltr'>quae</span> <span class='ocrx_word' id='word_1_206' title='bbox 215 1599 283 1624; x_wconf 93' lang='lat' dir='ltr'>vos</span> <span class='ocrx_word' id='word_1_207' title='bbox 302 1587 340 1623; x_wconf 92' lang='lat' dir='ltr'>hi</span> <span class='ocrx_word' id='word_1_208' title='bbox 360 1600 439 1625; x_wconf 88' lang='lat' dir='ltr'>suae</span> <span class='ocrx_word' id='word_1_209' title='bbox 455 1588 636 1625; x_wconf 85' lang='lat' dir='ltr'>orationis</span> <span class='ocrx_word' id='word_1_210' title='bbox 657 1588 866 1625; x_wconf 81' lang='lat' dir='ltr'>acerbitate</span> <span class='ocrx_word' id='word_1_211' title='bbox 887 1588 1126 1631; x_wconf 85' lang='lat' dir='ltr'>accendunt;</span> <span class='ocrx_word' id='word_1_212' title='bbox 1158 1588 1412 1639; x_wconf 85' lang='lat' dir='ltr'>praecipitanti</span> <span class='ocrx_word' id='word_1_213' title='bbox 1432 1595 1561 1625; x_wconf 86' lang='lat' dir='ltr'>autem</span> 
     </span>
     <span class='ocr_line' id='line_1_25' title="bbox 106 1647 1560 1699; baseline 0.001 -17"><span class='ocrx_word' id='word_1_214' title='bbox 106 1647 267 1685; x_wconf 88' lang='lat' dir='ltr'>consilia</span> <span class='ocrx_word' id='word_1_215' title='bbox 293 1661 447 1699; x_wconf 90' lang='lat' dir='ltr'>prorsus</span> <span class='ocrx_word' id='word_1_216' title='bbox 477 1662 524 1687; x_wconf 91' lang='lat' dir='ltr'>ne</span> <span class='ocrx_word' id='word_1_217' title='bbox 555 1661 693 1699; x_wconf 86' lang='lat' dir='ltr'>capere</span> <span class='ocrx_word' id='word_1_218' title='bbox 720 1649 873 1698; x_wconf 89' lang='lat' dir='ltr'>quidem</span> <span class='ocrx_word' id='word_1_219' title='bbox 904 1649 994 1686; x_wconf 89' lang='lat' dir='ltr'>licet</span> <span class='ocrx_word' id='word_1_220' title='bbox 1014 1657 1127 1687; x_wconf 82' lang='lat' dir='ltr'>recta</span> <span class='ocrx_word' id='word_1_221' title='bbox 1152 1648 1327 1695; x_wconf 84' lang='lat' dir='ltr'>consilia,</span> <span class='ocrx_word' id='word_1_222' title='bbox 1357 1648 1499 1685; x_wconf 88' lang='lat' dir='ltr'>nedum</span> <span class='ocrx_word' id='word_1_223' title='bbox 1519 1655 1560 1685; x_wconf 91' lang='lat' dir='ltr'>ut</span> 
     </span>
    </p>
   </div>
   <div class='ocr_carea' id='block_1_3' title="bbox 98 1715 1557 2852">
    <p class='ocr_par' dir='ltr' id='par_1_3' title="bbox 107 1715 401 1758">
     <span class='ocr_line' id='line_1_26' title="bbox 107 1715 401 1758; baseline 0.014 -15"><span class='ocrx_word' id='word_1_224' title='bbox 107 1715 348 1758; x_wconf 84' lang='lat' dir='ltr'>exsequatur.</span> <span class='ocrx_word' id='word_1_225' title='bbox 399 1732 401 1735; x_wconf 93' lang='lat'>·</span> 
     </span>
    </p>

    <p class='ocr_par' dir='ltr' id='par_1_4' title="bbox 98 1771 1557 2852">
     <span class='ocr_line' id='line_1_27' title="bbox 162 1771 1556 1824; baseline 0.001 -18"><span class='ocrx_word' id='word_1_226' title='bbox 162 1771 221 1806; x_wconf 88' lang='lat'>13.</span> <span class='ocrx_word' id='word_1_227' title='bbox 252 1771 329 1809; x_wconf 86' lang='lat' dir='ltr'>Sed</span> <span class='ocrx_word' id='word_1_228' title='bbox 359 1782 396 1810; x_wconf 87' lang='lat' dir='ltr'>et</span> <span class='ocrx_word' id='word_1_229' title='bbox 420 1775 538 1823; x_wconf 76' lang='lat' dir='ltr'>patris</span> <span class='ocrx_word' id='word_1_230' title='bbox 568 1787 626 1811; x_wconf 88' lang='lat' dir='ltr'>me</span> <span class='ocrx_word' id='word_1_231' title='bbox 657 1786 815 1812; x_wconf 91' lang='lat' dir='ltr'>causam</span> <span class='ocrx_word' id='word_1_232' title='bbox 850 1775 975 1812; x_wconf 91' lang='lat' dir='ltr'>dicere</span> <span class='ocrx_word' id='word_1_233' title='bbox 1006 1780 1170 1824; x_wconf 73' lang='lat' dir='ltr'>oportet·</span> <span class='ocrx_word' id='word_1_234' title='bbox 1236 1772 1407 1810; x_wconf 86' lang='lat' dir='ltr'>Tametsi</span> <span class='ocrx_word' id='word_1_235' title='bbox 1435 1772 1556 1809; x_wconf 89' lang='lat' dir='ltr'>multo</span> 
     </span>
     <span class='ocr_line' id='line_1_28' title="bbox 106 1829 1556 1884; baseline 0.003 -20"><span class='ocrx_word' id='word_1_236' title='bbox 106 1829 227 1879; x_wconf 84' lang='lat' dir='ltr'>magis</span> <span class='ocrx_word' id='word_1_237' title='bbox 256 1839 338 1868; x_wconf 86' lang='lat' dir='ltr'>erat</span> <span class='ocrx_word' id='word_1_238' title='bbox 374 1841 692 1877; x_wconf 81' lang='lat' dir='ltr'>consentaneum,</span> <span class='ocrx_word' id='word_1_239' title='bbox 719 1836 875 1883; x_wconf 87' lang='lat' dir='ltr'>prome</span> <span class='ocrx_word' id='word_1_240' title='bbox 909 1848 995 1872; x_wconf 89' lang='lat' dir='ltr'>eum</span> <span class='ocrx_word' id='word_1_241' title='bbox 1030 1835 1178 1879; x_wconf 74' lang='lat' dir='ltr'>dicere,</span> <span class='ocrx_word' id='word_1_242' title='bbox 1200 1834 1265 1883; x_wconf 84' lang='lat' dir='ltr'>qui</span> <span class='ocrx_word' id='word_1_243' title='bbox 1299 1838 1408 1884; x_wconf 87' lang='lat' dir='ltr'>pater</span> <span class='ocrx_word' id='word_1_244' title='bbox 1438 1839 1556 1869; x_wconf 86' lang='lat' dir='ltr'>esset.</span> 
     </span>
     <span class='ocr_line' id='line_1_29' title="bbox 108 1887 1555 1942; baseline 0.004 -19"><span class='ocrx_word' id='word_1_245' title='bbox 108 1887 221 1926; x_wconf 90' lang='lat' dir='ltr'>Illum</span> <span class='ocrx_word' id='word_1_246' title='bbox 249 1891 350 1928; x_wconf 85' lang='lat' dir='ltr'>enim</span> <span class='ocrx_word' id='word_1_247' title='bbox 377 1904 434 1929; x_wconf 90' lang='lat' dir='ltr'>res</span> <span class='ocrx_word' id='word_1_248' title='bbox 463 1904 568 1929; x_wconf 88' lang='lat' dir='ltr'>meas</span> <span class='ocrx_word' id='word_1_249' title='bbox 598 1905 733 1929; x_wconf 90' lang='lat' dir='ltr'>omnes</span> <span class='ocrx_word' id='word_1_250' title='bbox 766 1900 896 1930; x_wconf 89' lang='lat' dir='ltr'>tenere</span> <span class='ocrx_word' id='word_1_251' title='bbox 931 1894 1148 1930; x_wconf 87' lang='lat' dir='ltr'>credibilius</span> <span class='ocrx_word' id='word_1_252' title='bbox 1172 1901 1241 1937; x_wconf 90' lang='lat' dir='ltr'>est,</span> <span class='ocrx_word' id='word_1_253' title='bbox 1274 1893 1340 1942; x_wconf 90' lang='lat' dir='ltr'>qui</span> <span class='ocrx_word' id='word_1_254' title='bbox 1361 1899 1475 1930; x_wconf 88' lang='lat' dir='ltr'>aetate</span> <span class='ocrx_word' id='word_1_255' title='bbox 1495 1905 1555 1929; x_wconf 91' lang='lat' dir='ltr'>me</span> 
     </span>
     <span class='ocr_line' id='line_1_30' title="bbox 106 1948 1557 2003; baseline 0.003 -18"><span class='ocrx_word' id='word_1_256' title='bbox 106 1948 266 1987; x_wconf 89' lang='lat' dir='ltr'>multum</span> <span class='ocrx_word' id='word_1_257' title='bbox 286 1951 500 1997; x_wconf 73' lang='lat' dir='ltr'>antecedat,</span> <span class='ocrx_word' id='word_1_258' title='bbox 519 1965 634 2002; x_wconf 89' lang='lat' dir='ltr'>quam</span> <span class='ocrx_word' id='word_1_259' title='bbox 654 1965 715 1989; x_wconf 92' lang='lat' dir='ltr'>me</span> <span class='ocrx_word' id='word_1_260' title='bbox 740 1965 800 1989; x_wconf 91' lang='lat' dir='ltr'>res</span> <span class='ocrx_word' id='word_1_261' title='bbox 821 1953 902 2002; x_wconf 86' lang='lat' dir='ltr'>ejus</span> <span class='ocrx_word' id='word_1_262' title='bbox 922 1960 1067 1997; x_wconf 86' lang='lat' dir='ltr'>tenere,</span> <span class='ocrx_word' id='word_1_263' title='bbox 1095 1954 1159 2002; x_wconf 84' lang='lat' dir='ltr'>qui</span> <span class='ocrx_word' id='word_1_264' title='bbox 1190 1953 1309 1990; x_wconf 89' lang='lat' dir='ltr'>multo</span> <span class='ocrx_word' id='word_1_265' title='bbox 1331 1953 1400 1990; x_wconf 91' lang='lat' dir='ltr'>sim</span> <span class='ocrx_word' id='word_1_266' title='bbox 1413 1952 1557 2003; x_wconf 87' lang='lat' dir='ltr'>junior.</span> 
     </span>
     <span class='ocr_line' id='line_1_31' title="bbox 105 2009 1556 2063; baseline 0.003 -17"><span class='ocrx_word' id='word_1_267' title='bbox 105 2009 166 2046; x_wconf 87' lang='lat' dir='ltr'>Illi</span> <span class='ocrx_word' id='word_1_268' title='bbox 187 2010 218 2048; x_wconf 89' lang='lat' dir='ltr'>si</span> <span class='ocrx_word' id='word_1_269' title='bbox 239 2024 355 2048; x_wconf 86' lang='lat' dir='ltr'>causa</span> <span class='ocrx_word' id='word_1_270' title='bbox 374 2013 410 2048; x_wconf 92' lang='lat' dir='ltr'>in</span> <span class='ocrx_word' id='word_1_271' title='bbox 429 2012 511 2049; x_wconf 86' lang='lat' dir='ltr'>foro</span> <span class='ocrx_word' id='word_1_272' title='bbox 527 2012 690 2049; x_wconf 89' lang='lat' dir='ltr'>dicenda</span> <span class='ocrx_word' id='word_1_273' title='bbox 709 2013 772 2057; x_wconf 90' lang='lat' dir='ltr'>sit,</span> <span class='ocrx_word' id='word_1_274' title='bbox 801 2026 923 2063; x_wconf 90' lang='lat' dir='ltr'>eoque</span> <span class='ocrx_word' id='word_1_275' title='bbox 943 2021 1024 2050; x_wconf 92' lang='lat' dir='ltr'>tum</span> <span class='ocrx_word' id='word_1_276' title='bbox 1045 2014 1076 2050; x_wconf 89' lang='lat' dir='ltr'>si</span> <span class='ocrx_word' id='word_1_277' title='bbox 1097 2013 1145 2050; x_wconf 89' lang='lat' dir='ltr'>de</span> <span class='ocrx_word' id='word_1_278' title='bbox 1165 2026 1211 2050; x_wconf 91' lang='lat' dir='ltr'>eo</span> <span class='ocrx_word' id='word_1_279' title='bbox 1238 2019 1358 2050; x_wconf 88' lang='lat' dir='ltr'>tester</span> <span class='ocrx_word' id='word_1_280' title='bbox 1377 2025 1435 2055; x_wconf 88' lang='lat' dir='ltr'>ea,</span> <span class='ocrx_word' id='word_1_281' title='bbox 1469 2025 1556 2062; x_wconf 88' lang='lat' dir='ltr'>quae</span> 
     </span>
     <span class='ocr_line' id='line_1_32' title="bbox 105 2072 1556 2117; baseline 0.001 -11"><span class='ocrx_word' id='word_1_282' title='bbox 105 2082 179 2107; x_wconf 91' lang='lat' dir='ltr'>non</span> <span class='ocrx_word' id='word_1_283' title='bbox 199 2079 304 2109; x_wconf 89' lang='lat' dir='ltr'>certa</span> <span class='ocrx_word' id='word_1_284' title='bbox 325 2072 486 2112; x_wconf 84' lang='lat' dir='ltr'>scientia</span> <span class='ocrx_word' id='word_1_285' title='bbox 505 2073 640 2117; x_wconf 84' lang='lat' dir='ltr'>fretus,</span> <span class='ocrx_word' id='word_1_286' title='bbox 658 2085 706 2110; x_wconf 83' lang='lat' dir='ltr'>ex</span> <span class='ocrx_word' id='word_1_287' title='bbox 731 2072 928 2110; x_wconf 82' lang='lat' dir='ltr'>oculorum</span> <span class='ocrx_word' id='word_1_288' title='bbox 960 2086 1129 2110; x_wconf 89' lang='lat' dir='ltr'>meorum</span> <span class='ocrx_word' id='word_1_289' title='bbox 1158 2073 1247 2117; x_wconf 87' lang='lat' dir='ltr'>fide,</span> <span class='ocrx_word' id='word_1_290' title='bbox 1276 2072 1488 2109; x_wconf 66' lang='lat' dir='ltr'>sed&#39;solum</span> <span class='ocrx_word' id='word_1_291' title='bbox 1508 2083 1556 2109; x_wconf 88' lang='lat' dir='ltr'>ex</span> 
     </span>
     <span class='ocr_line' id='line_1_33' title="bbox 104 2132 1555 2183; baseline 0.001 -16"><span class='ocrx_word' id='word_1_292' title='bbox 104 2133 330 2170; x_wconf 89' lang='lat' dir='ltr'>auctoritate</span> <span class='ocrx_word' id='word_1_293' title='bbox 358 2133 470 2170; x_wconf 80' lang='lat' dir='ltr'>famae</span> <span class='ocrx_word' id='word_1_294' title='bbox 502 2133 701 2178; x_wconf 88' lang='lat' dir='ltr'>affirmem,</span> <span class='ocrx_word' id='word_1_295' title='bbox 725 2140 931 2183; x_wconf 87' lang='lat' dir='ltr'>questurus</span> <span class='ocrx_word' id='word_1_296' title='bbox 951 2134 999 2170; x_wconf 90' lang='lat' dir='ltr'>sit</span> <span class='ocrx_word' id='word_1_297' title='bbox 1019 2133 1272 2179; x_wconf 86' lang='lat' dir='ltr'>adversarius,</span> <span class='ocrx_word' id='word_1_298' title='bbox 1291 2134 1460 2170; x_wconf 86' lang='lat' dir='ltr'>atrocem</span> <span class='ocrx_word' id='word_1_299' title='bbox 1483 2132 1555 2170; x_wconf 87' lang='lat' dir='ltr'>sibi</span> 
     </span>
     <span class='ocr_line' id='line_1_34' title="bbox 103 2193 1553 2243; baseline -0.001 -13"><span class='ocrx_word' id='word_1_300' title='bbox 103 2204 126 2230; x_wconf 88' lang='lat' dir='ltr'>a</span> <span class='ocrx_word' id='word_1_301' title='bbox 150 2205 211 2230; x_wconf 91' lang='lat' dir='ltr'>me</span> <span class='ocrx_word' id='word_1_302' title='bbox 231 2193 370 2231; x_wconf 87' lang='lat' dir='ltr'>factam</span> <span class='ocrx_word' id='word_1_303' title='bbox 391 2206 475 2231; x_wconf 87' lang='lat' dir='ltr'>esse</span> <span class='ocrx_word' id='word_1_304' title='bbox 502 2193 703 2243; x_wconf 89' lang='lat' dir='ltr'>injuriam:</span> <span class='ocrx_word' id='word_1_305' title='bbox 728 2193 809 2243; x_wconf 86' lang='lat' dir='ltr'>jam</span> <span class='ocrx_word' id='word_1_306' title='bbox 842 2206 932 2231; x_wconf 89' lang='lat' dir='ltr'>vero</span> <span class='ocrx_word' id='word_1_307' title='bbox 959 2207 1018 2231; x_wconf 90' lang='lat' dir='ltr'>me</span> <span class='ocrx_word' id='word_1_308' title='bbox 1045 2206 1091 2231; x_wconf 90' lang='lat' dir='ltr'>eo</span> <span class='ocrx_word' id='word_1_309' title='bbox 1121 2193 1298 2243; x_wconf 85' lang='lat' dir='ltr'>adigens,</span> <span class='ocrx_word' id='word_1_310' title='bbox 1325 2199 1368 2230; x_wconf 91' lang='lat' dir='ltr'>ut</span> <span class='ocrx_word' id='word_1_311' title='bbox 1392 2205 1553 2230; x_wconf 91' lang='lat' dir='ltr'>necesse</span> 
     </span>
     <span class='ocr_line' id='line_1_35' title="bbox 101 2252 1554 2305; baseline -0.001 -15"><span class='ocrx_word' id='word_1_312' title='bbox 101 2252 263 2291; x_wconf 87' lang='lat' dir='ltr'>habeam</span> <span class='ocrx_word' id='word_1_313' title='bbox 285 2254 388 2292; x_wconf 85' lang='lat' dir='ltr'>facta</span> <span class='ocrx_word' id='word_1_314' title='bbox 404 2254 587 2292; x_wconf 83' lang='lat' dir='ltr'>&#39;oratione</span> <span class='ocrx_word' id='word_1_315' title='bbox 607 2266 769 2305; x_wconf 88' lang='lat' dir='ltr'>purgare</span> <span class='ocrx_word' id='word_1_316' title='bbox 786 2267 832 2291; x_wconf 86' lang='lat' dir='ltr'>ea</span> <span class='ocrx_word' id='word_1_317' title='bbox 851 2267 937 2304; x_wconf 87' lang='lat' dir='ltr'>quae</span> <span class='ocrx_word' id='word_1_318' title='bbox 955 2267 1040 2292; x_wconf 86' lang='lat' dir='ltr'>mea</span> <span class='ocrx_word' id='word_1_319' title='bbox 1065 2260 1180 2292; x_wconf 87' lang='lat' dir='ltr'>aetate</span> <span class='ocrx_word' id='word_1_320' title='bbox 1198 2254 1322 2292; x_wconf 90' lang='lat' dir='ltr'>multo</span> <span class='ocrx_word' id='word_1_321' title='bbox 1343 2260 1433 2291; x_wconf 86' lang='lat' dir='ltr'>sunt</span> <span class='ocrx_word' id='word_1_322' title='bbox 1459 2252 1554 2290; x_wconf 89' lang='lat' dir='ltr'>anti-</span> 
     </span>
     <span class='ocr_line' id='line_1_36' title="bbox 101 2314 1552 2366; baseline -0.001 -15"><span class='ocrx_word' id='word_1_323' title='bbox 101 2314 245 2363; x_wconf 88' lang='lat' dir='ltr'>quiora,</span> <span class='ocrx_word' id='word_1_324' title='bbox 265 2315 416 2353; x_wconf 89' lang='lat' dir='ltr'>tametsi</span> <span class='ocrx_word' id='word_1_325' title='bbox 435 2328 481 2353; x_wconf 92' lang='lat' dir='ltr'>ea</span> <span class='ocrx_word' id='word_1_326' title='bbox 502 2328 579 2352; x_wconf 91' lang='lat' dir='ltr'>non</span> <span class='ocrx_word' id='word_1_327' title='bbox 599 2315 671 2352; x_wconf 91' lang='lat' dir='ltr'>nisi</span> <span class='ocrx_word' id='word_1_328' title='bbox 691 2327 740 2352; x_wconf 86' lang='lat' dir='ltr'>ex</span> <span class='ocrx_word' id='word_1_329' title='bbox 772 2315 874 2352; x_wconf 83' lang='lat' dir='ltr'>fama</span> <span class='ocrx_word' id='word_1_330' title='bbox 891 2321 1017 2361; x_wconf 90' lang='lat' dir='ltr'>teneo,</span> <span class='ocrx_word' id='word_1_331' title='bbox 1037 2328 1114 2352; x_wconf 88' lang='lat' dir='ltr'>non</span> <span class='ocrx_word' id='word_1_332' title='bbox 1132 2314 1435 2366; x_wconf 84' lang='lat' dir='ltr'>putatinjuriam</span> <span class='ocrx_word' id='word_1_333' title='bbox 1469 2326 1492 2351; x_wconf 88' lang='lat' dir='ltr'>a</span> <span class='ocrx_word' id='word_1_334' title='bbox 1511 2314 1552 2350; x_wconf 80' lang='lat' dir='ltr'>s&#39;e</span> 
     </span>
     <span class='ocr_line' id='line_1_37' title="bbox 102 2374 1551 2426; baseline 0 -15"><span class='ocrx_word' id='word_1_335' title='bbox 102 2375 192 2412; x_wconf 90' lang='lat' dir='ltr'>mihi</span> <span class='ocrx_word' id='word_1_336' title='bbox 211 2375 290 2412; x_wconf 87' lang='lat' dir='ltr'>fieri</span> <span class='ocrx_word' id='word_1_337' title='bbox 311 2375 416 2413; x_wconf 88' lang='lat' dir='ltr'>haud</span> <span class='ocrx_word' id='word_1_338' title='bbox 431 2376 629 2413; x_wconf 91' lang='lat' dir='ltr'>minorem.</span> <span class='ocrx_word' id='word_1_339' title='bbox 686 2375 960 2414; x_wconf 87' lang='lat' dir='ltr'>Verumtamen</span> <span class='ocrx_word' id='word_1_340' title='bbox 981 2376 1109 2426; x_wconf 89' lang='lat' dir='ltr'>quoad</span> <span class='ocrx_word' id='word_1_341' title='bbox 1124 2377 1258 2414; x_wconf 89' lang='lat' dir='ltr'>notitia</span> <span class='ocrx_word' id='word_1_342' title='bbox 1273 2382 1340 2413; x_wconf 84' lang='lat' dir='ltr'>aut</span> <span class='ocrx_word' id='word_1_343' title='bbox 1352 2374 1551 2412; x_wconf 89' lang='lat' dir='ltr'>conscien-</span> 
     </span>
     <span class='ocr_line' id='line_1_38' title="bbox 101 2426 1552 2487; baseline -0.001 -15"><span class='ocrx_word' id='word_1_344' title='bbox 101 2436 155 2473; x_wconf 90' lang='lat' dir='ltr'>tia</span> <span class='ocrx_word' id='word_1_345' title='bbox 173 2448 259 2474; x_wconf 86' lang='lat' dir='ltr'>mea</span> <span class='ocrx_word' id='word_1_346' title='bbox 273 2437 453 2487; x_wconf 90' lang='lat' dir='ltr'>pertinet,</span> <span class='ocrx_word' id='word_1_347' title='bbox 475 2426 620 2486; x_wconf 86' lang='lat' dir='ltr'>patrem</span> <span class='ocrx_word' id='word_1_348' title='bbox 644 2448 721 2473; x_wconf 89' lang='lat' dir='ltr'>non</span> <span class='ocrx_word' id='word_1_349' title='bbox 740 2436 912 2486; x_wconf 90' lang='lat' dir='ltr'>prodam,</span> <span class='ocrx_word' id='word_1_350' title='bbox 933 2436 1044 2474; x_wconf 87' lang='lat' dir='ltr'>malis</span> <span class='ocrx_word' id='word_1_351' title='bbox 1063 2436 1265 2474; x_wconf 86' lang='lat' dir='ltr'>calumniis</span> <span class='ocrx_word' id='word_1_352' title='bbox 1285 2447 1411 2473; x_wconf 88' lang='lat' dir='ltr'>coram</span> <span class='ocrx_word' id='word_1_353' title='bbox 1432 2435 1552 2479; x_wconf 89' lang='lat' dir='ltr'>vobis,</span> 
     </span>
     <span class='ocr_line' id='line_1_39' title="bbox 98 2496 1547 2546; baseline -0.001 -13"><span class='ocrx_word' id='word_1_354' title='bbox 98 2496 502 2546; x_wconf 88' lang='lat' dir='ltr'>judices,lacessitum.</span> <span class='ocrx_word' id='word_1_355' title='bbox 533 2497 586 2533; x_wconf 92' lang='lat' dir='ltr'>Et</span> <span class='ocrx_word' id='word_1_356' title='bbox 597 2508 818 2546; x_wconf 87' lang='lat' dir='ltr'>quanquam</span> <span class='ocrx_word' id='word_1_357' title='bbox 832 2509 1033 2542; x_wconf 88' lang='lat' dir='ltr'>vere0r‚ne</span> <span class='ocrx_word' id='word_1_358' title='bbox 1044 2509 1121 2546; x_wconf 91' lang='lat' dir='ltr'>qua</span> <span class='ocrx_word' id='word_1_359' title='bbox 1131 2496 1240 2534; x_wconf 89' lang='lat' dir='ltr'>labar</span> <span class='ocrx_word' id='word_1_360' title='bbox 1252 2496 1362 2545; x_wconf 92' lang='lat' dir='ltr'>eique</span> <span class='ocrx_word' id='word_1_361' title='bbox 1373 2507 1547 2539; x_wconf 90' lang='lat' dir='ltr'>noceam,</span> 
     </span>
     <span class='ocr_line' id='line_1_40' title="bbox 104 2554 1554 2607; baseline -0.002 -13"><span class='ocrx_word' id='word_1_362' title='bbox 104 2558 151 2594; x_wconf 89' lang='lat' dir='ltr'>ab</span> <span class='ocrx_word' id='word_1_363' title='bbox 170 2570 216 2595; x_wconf 91' lang='lat' dir='ltr'>eo</span> <span class='ocrx_word' id='word_1_364' title='bbox 236 2564 341 2596; x_wconf 89' lang='lat' dir='ltr'>recte</span> <span class='ocrx_word' id='word_1_365' title='bbox 355 2558 460 2596; x_wconf 85' lang='lat' dir='ltr'>facta</span> <span class='ocrx_word' id='word_1_366' title='bbox 478 2558 603 2598; x_wconf 86' lang='lat' dir='ltr'>secius</span> <span class='ocrx_word' id='word_1_367' title='bbox 621 2557 875 2607; x_wconf 87' lang='lat' dir='ltr'>interpretans</span> <span class='ocrx_word' id='word_1_368' title='bbox 893 2563 1007 2607; x_wconf 89' lang='lat' dir='ltr'>atque</span> <span class='ocrx_word' id='word_1_369' title='bbox 1026 2557 1151 2594; x_wconf 84' lang='lat' dir='ltr'>verbis</span> <span class='ocrx_word' id='word_1_370' title='bbox 1170 2559 1433 2606; x_wconf 77' lang='lat' dir='ltr'>corrumpenS‚</span> <span class='ocrx_word' id='word_1_371' title='bbox 1447 2554 1554 2603; x_wconf 82' lang='lat' dir='ltr'>jacta</span> 
     </span>
     <span class='ocr_line' id='line_1_41' title="bbox 105 2613 1550 2667; baseline -0.003 -13"><span class='ocrx_word' id='word_1_372' title='bbox 105 2626 231 2655; x_wconf 89' lang='lat' dir='ltr'>tamen</span> <span class='ocrx_word' id='word_1_373' title='bbox 259 2625 342 2656; x_wconf 88' lang='lat' dir='ltr'>esto</span> <span class='ocrx_word' id='word_1_374' title='bbox 361 2619 457 2656; x_wconf 88' lang='lat' dir='ltr'>alea.</span> <span class='ocrx_word' id='word_1_375' title='bbox 481 2660 484 2662; x_wconf 54' lang='grc'>,</span> <span class='ocrx_word' id='word_1_376' title='bbox 514 2618 668 2655; x_wconf 88' lang='lat' dir='ltr'>Patrem</span> <span class='ocrx_word' id='word_1_377' title='bbox 700 2618 798 2655; x_wconf 88' lang='lat' dir='ltr'>bene</span> <span class='ocrx_word' id='word_1_378' title='bbox 826 2618 933 2655; x_wconf 87' lang='lat' dir='ltr'>vobis</span> <span class='ocrx_word' id='word_1_379' title='bbox 965 2618 1064 2655; x_wconf 84' lang='lat' dir='ltr'>velle</span> <span class='ocrx_word' id='word_1_380' title='bbox 1087 2625 1304 2667; x_wconf 81' lang='lat' dir='ltr'>vestraeque</span> <span class='ocrx_word' id='word_1_381' title='bbox 1331 2613 1550 2664; x_wconf 81' lang='lat' dir='ltr'>reipublicae</span> 
     </span>
     <span class='ocr_line' id='line_1_42' title="bbox 104 2678 1549 2732; baseline -0.002 -16"><span class='ocrx_word' id='word_1_382' title='bbox 104 2680 270 2729; x_wconf 87' lang='lat' dir='ltr'>studere,</span> <span class='ocrx_word' id='word_1_383' title='bbox 283 2683 394 2719; x_wconf 84' lang='lat' dir='ltr'>rebus</span> <span class='ocrx_word' id='word_1_384' title='bbox 410 2682 502 2732; x_wconf 88' lang='lat' dir='ltr'>ipsis</span> <span class='ocrx_word' id='word_1_385' title='bbox 522 2682 604 2731; x_wconf 90' lang='lat' dir='ltr'>ipse</span> <span class='ocrx_word' id='word_1_386' title='bbox 617 2680 824 2718; x_wconf 81' lang='lat' dir='ltr'>declaravit</span> <span class='ocrx_word' id='word_1_387' title='bbox 834 2681 899 2718; x_wconf 90' lang='lat' dir='ltr'>illo</span> <span class='ocrx_word' id='word_1_388' title='bbox 914 2687 1099 2732; x_wconf 90' lang='lat' dir='ltr'>tempore,</span> <span class='ocrx_word' id='word_1_389' title='bbox 1115 2681 1218 2731; x_wconf 93' lang='lat' dir='ltr'>quod</span> <span class='ocrx_word' id='word_1_390' title='bbox 1240 2678 1549 2728; x_wconf 83' lang='lat' dir='ltr'>Mitylenaeorum</span> 
     </span>
     <span class='ocr_line' id='line_1_43' title="bbox 105 2737 1549 2780; baseline -0.001 -5"><span class='ocrx_word' id='word_1_391' title='bbox 105 2738 358 2779; x_wconf 88' lang='lat' dir='ltr'>defectionem</span> <span class='ocrx_word' id='word_1_392' title='bbox 367 2742 591 2780; x_wconf 86' lang='lat' dir='ltr'>antecessit:</span> <span class='ocrx_word' id='word_1_393' title='bbox 609 2747 649 2779; x_wconf 89' lang='lat' dir='ltr'>ut</span> <span class='ocrx_word' id='word_1_394' title='bbox 661 2748 789 2779; x_wconf 87' lang='lat' dir='ltr'>autem</span> <span class='ocrx_word' id='word_1_395' title='bbox 801 2747 884 2779; x_wconf 91' lang='lat' dir='ltr'>tota</span> <span class='ocrx_word' id='word_1_396' title='bbox 895 2741 1028 2779; x_wconf 87' lang='lat' dir='ltr'>civitas</span> <span class='ocrx_word' id='word_1_397' title='bbox 1041 2741 1141 2778; x_wconf 90' lang='lat' dir='ltr'>malo</span> <span class='ocrx_word' id='word_1_398' title='bbox 1152 2753 1224 2777; x_wconf 88' lang='lat' dir='ltr'>usa</span> <span class='ocrx_word' id='word_1_399' title='bbox 1237 2738 1398 2776; x_wconf 88' lang='lat' dir='ltr'>consilio</span> <span class='ocrx_word' id='word_1_400' title='bbox 1410 2737 1549 2774; x_wconf 88' lang='lat' dir='ltr'>avobis</span> 
     </span>
     <span class='ocr_line' id='line_1_44' title="bbox 105 2797 1548 2852; baseline -0.002 -15"><span class='ocrx_word' id='word_1_401' title='bbox 105 2800 248 2838; x_wconf 85' lang='lat' dir='ltr'>defecit</span> <span class='ocrx_word' id='word_1_402' title='bbox 264 2808 462 2852; x_wconf 89' lang='lat' dir='ltr'>vestraque</span> <span class='ocrx_word' id='word_1_403' title='bbox 488 2803 755 2841; x_wconf 88' lang='lat' dir='ltr'>benevolentia</span> <span class='ocrx_word' id='word_1_404' title='bbox 781 2802 937 2848; x_wconf 85' lang='lat' dir='ltr'>excidit,</span> <span class='ocrx_word' id='word_1_405' title='bbox 958 2815 1034 2840; x_wconf 90' lang='lat' dir='ltr'>non</span> <span class='ocrx_word' id='word_1_406' title='bbox 1055 2801 1178 2851; x_wconf 85' lang='lat' dir='ltr'>potuit</span> <span class='ocrx_word' id='word_1_407' title='bbox 1203 2797 1548 2849; x_wconf 75' lang='lat' dir='ltr'>facere&#39;quominus</span> 
     </span>
    </p>
   </div>
   <div class='ocr_carea' id='block_1_4' title="bbox 104 2857 1548 2958">
    <p class='ocr_par' dir='ltr' id='par_1_5' title="bbox 104 2857 1548 2958">
     <span class='ocr_line' id='line_1_45' title="bbox 104 2857 1548 2916; baseline -0.003 -17"><span class='ocrx_word' id='word_1_408' title='bbox 104 2873 230 2899; x_wconf 88' lang='lat' dir='ltr'>errore</span> <span class='ocrx_word' id='word_1_409' title='bbox 248 2862 317 2899; x_wconf 88' lang='lat' dir='ltr'>toti</span> <span class='ocrx_word' id='word_1_410' title='bbox 335 2862 476 2916; x_wconf 84' lang='lat' dir='ltr'>civitati</span> <span class='ocrx_word' id='word_1_411' title='bbox 496 2864 688 2903; x_wconf 89' lang='lat' dir='ltr'>communi</span> <span class='ocrx_word' id='word_1_412' title='bbox 706 2863 976 2914; x_wconf 86' lang='lat' dir='ltr'>implicaretur.</span> <span class='ocrx_word' id='word_1_413' title='bbox 1032 2862 1171 2898; x_wconf 86' lang='lat' dir='ltr'>Animo</span> <span class='ocrx_word' id='word_1_414' title='bbox 1195 2858 1348 2910; x_wconf 86' lang='lat' dir='ltr'>quidem</span> <span class='ocrx_word' id='word_1_415' title='bbox 1369 2857 1465 2908; x_wconf 88' lang='lat' dir='ltr'>erga</span> <span class='ocrx_word' id='word_1_416' title='bbox 1482 2870 1548 2896; x_wconf 78' lang='lat' dir='ltr'>vos</span> 
     </span>
     <span class='ocr_line' id='line_1_46' title="bbox 820 2936 832 2958; baseline 0 0"><span class='ocrx_word' id='word_1_417' title='bbox 820 2936 832 2958; x_wconf 78' lang='lat'>1</span> 
     </span>
    </p>
   </div>
  </div>
 </body>
</html>
