1822 3219
482 105 707 143 CONTRA
740 101 1094 141 ANDOCIDEM.
1455 97 1529 134 189

80 218 194 262 atque
215 209 465 261 importandis
486 214 723 252 recrearent;
751 213 793 244 tu
813 212 955 250 autem,
975 202 1189 246 Andocide,
1210 199 1361 251 ecquod
1377 198 1533 238 tandem

80 279 158 310 tuae
176 286 267 323 erga
282 272 442 322 patriam
457 270 664 309 voluntatis
681 267 832 307 edidisti
847 267 1118 304 documentum
1133 262 1149 300 ἲ
1178 262 1372 313 quodnam
1392 261 1428 298 in
1449 273 1534 298 eam

83 334 278 372 contulisti
296 331 552 370 beneficium?
580 343 747 381 quonam
770 336 811 367 tu
832 341 932 366 novo
959 325 1162 364 benefacto
1190 323 1350 374 pristina
1367 330 1433 359 tua
1454 334 1534 359 ma-

84 396 208 433 leficia
227 393 503 446 reprehendisti
524 400 639 442 atque
660 389 902 429 emendasti?
930 400 1136 440 quamnam
1156 383 1418 423 nutricationis
1438 395 1536 420 mer-

86 457 220 494 cedem
240 457 348 493 almae
367 454 456 492 huic
477 453 586 490 matri
608 453 719 490 nobis
739 451 934 490 communi
954 446 1190 500 rependisti?
1219 445 1297 467 *³*

145 520 203 554 ll.
234 517 486 559 Mementote,
518 514 788 559 Athenienses,
808 518 1038 550 mementote
1069 507 1280 547 Andocidis
1312 505 1537 548 facinorum,

89 577 337 616 recordamini
369 576 594 626 religionum
626 575 885 625 augustissimi
919 573 993 610 diei
1026 571 1129 616 festi,
1158 569 1266 620 cujus
1298 579 1391 618 ergo
1418 577 1539 622 *quam

89 639 239 690 plurimi
265 651 333 676 vos
363 637 502 676 summi
522 638 682 675 faciunt.
739 637 884 674 Verum
905 635 997 673 estis
1020 645 1156 684 nempe
1176 644 1245 670 vos
1266 631 1314 668 ab
1334 629 1451 678 hujus
1471 628 1539 665 ho-

87 700 198 738 minis
218 700 418 737 crebritate
438 707 553 750 atque
572 698 807 736 immanitate
822 697 1034 735 facinorum
1050 695 1103 733 ita
1118 693 1252 732 animis
1269 691 1404 742 dejecti
1426 696 1542 740 atque

88 761 214 807 fracti,
235 767 276 797 ut
306 760 437 799 oculos
470 767 606 798 contra
636 758 827 803 attollere,
847 763 891 795 ut
914 757 1077 802 hiscere,
1109 755 1235 792 minus
1267 751 1462 796 audeatis3
1490 750 1544 787 ita

91 834 225 860 sensus
245 821 352 859 vobis
373 835 420 859 ex
447 834 579 859 eorum
608 833 696 871 quae
714 819 861 857 vidistis
891 824 1009 869 atque
1035 816 1209 861 audistis,
1228 827 1315 853 cum
1337 812 1544 851 acerbitate

89 890 170 921 tum
203 883 438 927 assiduitate,
471 882 745 928 occalluerunt‚
773 887 815 918 ut
848 880 1087 918 atrocissima
1106 889 1273 928 quaeque
1302 888 1369 913 vos
1389 875 1471 926 jam
1492 873 1545 910 nil

91 951 280 989 moveant,
302 944 370 982 sed
390 957 457 994 pro
477 944 625 982 levibus
645 952 684 982 et
711 941 1006 982 contemnendis
1026 938 1327 978 dissimulatione
1352 936 1545 974 transmit-

92 1006 195 1043 tatis.
251 1006 526 1043 Verumtamen
551 1004 741 1043 attendite
771 1017 874 1041 nunc
905 1002 1080 1040 dicendis
1114 1000 1308 1042 animum;
1339 996 1548 1049 opinamini

93 1080 162 1104 vos
182 1066 303 1104 oculis
323 1067 460 1103 mentis
481 1078 637 1103 cernere
664 1066 812 1103 furores
844 1063 1079 1101 Andocidis:
1111 1061 1215 1112 quod
1236 1061 1266 1097 si
1286 1059 1450 1104 facietis,
1468 1071 1549 1096 me-

94 1126 167 1164 lius
193 1126 433 1178 judicabitis.
491 1126 652 1163 Indutus
671 1126 733 1163 hic
755 1125 853 1163 stola
874 1123 1118 1167 sacerdotali,
1141 1121 1367 1159 assimulans
1399 1120 1550 1157 histrio-

95 1188 182 1225 nico
203 1188 317 1225 mimo
337 1187 590 1232 caerimonias,
604 1187 812 1225 ostentavit
831 1199 907 1223 non
925 1185 1082 1223 initiatis
1103 1197 1190 1234 quae
1208 1183 1337 1220 videre
1356 1182 1464 1220 nefas
1479 1187 1552 1225 est,

96 1256 135 1286 et
154 1249 324 1286 carmina
342 1249 569 1286 caerimoniis
589 1255 830 1294 consecrata,
852 1247 1022 1298 profanis
1041 1247 1195 1283 auribus
1216 1244 1435 1289 interdicta,
1451 1243 1556 1281 clara

94 1322 192 1347 voce
214 1310 329 1360 vulgo
357 1310 555 1352 recitavit;
586 1316 625 1347 et
653 1322 752 1360 quos
779 1309 871 1347 deos
902 1308 940 1346 in
972 1321 1130 1345 numero
1162 1306 1321 1345 deorum
1350 1305 1555 1343 habendos

95 1371 312 1421 divinisque
331 1371 540 1408 honoribus
560 1371 854 1421 prosequendos
874 1369 981 1407 vobis
1003 1369 1077 1406 ritu
1097 1369 1220 1420 patrio
1240 1375 1277 1406 et
1297 1367 1383 1417 lege
1402 1367 1558 1417 publica

94 1432 362 1483 proposuistIS,
377 1445 474 1482 quos
493 1445 564 1469 nos
585 1432 760 1482 religiose
777 1431 952 1476 colimus,
968 1430 1107 1480 quibus
1124 1428 1208 1480 puri
1223 1428 1397 1479 castique
1408 1428 1556 1466 hostias

96 1495 296 1541 caedimus,
329 1494 466 1544 quibus
502 1494 777 1545 supplicamus,
813 1506 944 1532 eorum
982 1492 1207 1530 Andocides
1243 1491 1447 1530 simulacra
1478 1504 1560 1528 mu-

97 1556 231 1594 tilavit.
291 1555 407 1600 Quod
426 1555 612 1606 expiaturi
631 1555 875 1606 sacrilegium
896 1555 1120 1593 sacerdotes
1140 1554 1341 1605 utriusque
1362 1566 1493 1598 sexus,
1508 1552 1559 1590 ad

99 1631 278 1658 occasum
298 1618 486 1663 conversi,
505 1617 594 1655 diris
615 1618 852 1656 devoverunt
872 1617 1100 1667 sacrilegum
1129 1629 1356 1667 pannosque
1376 1615 1559 1666 puniceos

100 1687 394 1725 succusserunt,
414 1686 527 1730 prout
546 1679 705 1730 antiquo
726 1686 766 1717 et
786 1678 1013 1730 primigenio
1033 1679 1103 1715 ritu
1129 1677 1320 1715 sancitum
1341 1683 1413 1715 est.
1470 1677 1559 1728 Ipse

99 1742 162 1779 hic
194 1741 322 1778 scelus
349 1754 460 1777 suum
489 1740 616 1778 fassus
648 1748 719 1778 est.
777 1741 825 1778 Et
852 1739 1098 1778 nihilominus
1115 1747 1243 1777 tamen
1262 1739 1390 1790 legem
1409 1752 1433 1777 a
1450 1739 1559 1777 vobis

100 1801 232 1846 latam,
255 1815 333 1852 qua
354 1801 490 1852 jussus
518 1799 603 1847 fust,
630 1814 701 1840 ceu
720 1801 836 1840 homo
855 1802 1026 1852 impurus
1046 1808 1085 1838 et
1104 1800 1325 1852 piacularis,
1341 1813 1365 1838 a
1383 1800 1502 1849 sacris
1523 1807 1562 1838 et

101 1863 199 1901 fanis
219 1864 376 1901 deorum
394 1876 434 1900 se
451 1863 655 1909 abstinere,
670 1870 948 1914 transgressus,
963 1862 1108 1900 furiose
1122 1862 1312 1913 perruptis
1332 1862 1439 1900 hisce
1458 1874 1564 1913 repa-

103 1924 203 1975 gulis
224 1925 413 1970 omnibus,
435 1925 472 1961 in
499 1924 693 1962 civitatem
718 1932 888 1963 nostram
919 1938 987 1976 per
1018 1925 1092 1962 vim
1127 1924 1273 1975 irrupit,
1306 1924 1380 1962 illis
1414 1924 1451 1961 in
1487 1924 1561 1961 aris

99 1986 223 2024 litavit
250 1986 390 2037 quibus
419 1985 666 2024 interdictum
687 1987 721 2024 ei
742 1994 837 2032 erat,
857 1986 929 2024 illis
949 1999 990 2024 se
1008 1987 1125 2024 sacris
1147 1986 1287 2024 obtulit
1320 1998 1408 2036 quae
1434 1985 1563 2023 furore

104 2061 173 2085 suo
203 2054 541 2098 conspurcaverat‚
562 2048 758 2098 ingressus
787 2055 847 2085 est
877 2048 914 2085 in
939 2047 1193 2090 Eleusinium‚
1226 2046 1394 2097 pollutas
1424 2059 1562 2084 manus

104 2123 213 2148 sacro
242 2109 320 2148 illic
348 2109 570 2160 aquiminali
590 2109 743 2160 perluit.
801 2110 977 2160 Ecquem
1011 2110 1119 2146 istaec
1148 2108 1313 2146 tolerare
1345 2107 1563 2159 oportebit?

103 2185 266 2222 ecquem
287 2170 439 2209 decebit
457 2171 635 2215 amicum,
648 2184 763 2221 quem
783 2178 1007 2221 cognatum,
1028 2182 1142 2220 quem
1156 2169 1342 2220 judicem,
1359 2169 1437 2207 hoc
1456 2175 1567 2207 uten-

103 2240 184 2271 tem
206 2232 455 2278 familiariter,
477 2231 634 2269 occulta
653 2231 824 2282 suffragii
853 2231 974 2282 gratia
1005 2231 1165 2269 deorum
1196 2231 1266 2269 sibi
1303 2237 1475 2282 apertam
1507 2231 1565 2268 in-

106 2294 370 2345 dignationem
389 2292 659 2331 consciscere?
715 2293 831 2331 Nunc
851 2307 920 2332 vos
941 2294 1055 2332 decet
1083 2294 1137 2331 ita
1169 2293 1338 2331 animum
1367 2293 1564 2338 inducere,

105 2362 150 2393 ut
169 2355 364 2399 statuaus,
378 2354 452 2391 hoc
474 2355 681 2393 Andocide
701 2355 900 2406 puniendo
921 2363 959 2393 et
977 2356 1024 2393 de
1044 2356 1170 2393 medio
1190 2356 1364 2394 tollendo
1379 2356 1564 2402 futurum,

108 2425 151 2455 ut
168 2417 360 2455 civitatem
381 2415 595 2453 universam
616 2417 801 2467 purgetis,
822 2417 963 2467 illaque
983 2418 1020 2455 in
1040 2431 1118 2455 uno
1140 2418 1268 2456 omnia
1287 2419 1566 2469 exsequamini,

110 2492 197 2528 quae
217 2477 369 2515 raritate
389 2476 673 2515 exercitationis
693 2484 731 2516 et
751 2478 1053 2529 appellationum
1074 2479 1226 2517 diritate
1252 2480 1460 2526 horribilia,
1480 2492 1566 2530 pro-

108 2539 319 2576 verbiorum
337 2537 387 2576 ad
407 2538 579 2584 modum,
598 2538 637 2576 in
658 2552 722 2577 ore
741 2539 847 2590 vulgi
866 2546 1082 2588 versantur,
1104 2541 1186 2579 scil.
1207 2542 1303 2588 ἀράν
1334 2539 1567 2588 ἀπάγεσθαι,

108 2605 146 2635 et
165 2598 539 2648 ἀποδιοπομπεῖσθαι,
555 2606 595 2637 et
608 2601 804 2652 φαρμακὸν
824 2603 1072 2653 ἀποπέμπειν,
1092 2609 1131 2639 et
1149 2604 1342 2653 ἀλιτηρίου
1369 2603 1568 2640 ἀπαλλάτ-

112 2657 266 2698 τεσθαις
294 2673 380 2710 quae
411 2661 511 2699 enim
543 2662 660 2699 modo
697 2663 893 2714 appellavi
925 2663 1174 2707 exsecranda,
1195 2675 1328 2700 eorum
1347 2670 1407 2701 est
1427 2663 1566 2702 Ando-

109 2720 215 2758 cides
235 2721 491 2772 quodcunque
510 2724 580 2768 vis,
602 2725 692 2776 α’ρά,
710 2723 1050 2776 α’ποδιοπόμπιμος,
1071 2724 1275 2776 φαρμακὸς,
1296 2726 1498 2774 α’λιτὴριος.

164 2783 223 2818 12.
255 2781 402 2819 Dioclis
422 2783 698 2835 hierophantae,
719 2786 786 2836 qui
806 2787 917 2824 nobis
938 2799 1033 2824 avus
1055 2785 1140 2831 fuit,
1154 2785 1298 2823 dictum
1319 2787 1566 2825 memorabile

107 2842 230 2880 celare
251 2854 317 2880 vos
338 2843 448 2883 nolo:
481 2858 567 2884 nam
588 2848 636 2886 ad
656 2860 734 2885 rem
753 2854 984 2898 praesentem
1006 2846 1112 2884 facit.
1171 2846 1482 2887 Deliberantibus
1501 2848 1565 2886 ille
