1822 3219
571 160 748 198 SUPER
777 158 1092 196 CHOREUTA.
1218 213 1219 216 Ἰ
1403 188 1405 191 .
1502 157 1551 192 65

100 269 276 308 vestram,
298 263 412 300 etiam
433 261 680 301 conscientiae
699 266 837 298 vestrae
852 272 926 309 pax
941 260 1090 309 agitur:
1120 258 1206 295 haec
1221 258 1323 295 enim
1344 270 1459 296 causa
1474 270 1550 296 non

95 325 187 376 plus
206 337 322 375 quarn
344 324 463 362 semel
479 323 604 374 agitur
621 337 630 365 ;
658 321 695 358 in
717 333 794 371 qua
817 319 1065 371 dijudicanda
1084 318 1308 356 commissus
1322 331 1425 356 error
1439 331 1552 368 aequo

97 393 138 422 et
151 399 241 423 vero
256 385 454 436 praevalet,
481 386 607 426 Quem
622 381 723 420 enim
737 395 803 419 vos
818 380 1010 419 homicidii
1023 379 1386 424 condemnaveritis,
1398 380 1551 417 tametsi

100 459 174 483 non
192 447 253 491 sit,
269 459 425 484 necesse
445 452 570 483 tamen
601 450 663 481 est
691 456 778 480 eum
800 441 1032 480 homicidam
1054 453 1164 483 esse3
1187 440 1341 478 tametsi
1360 452 1497 477 manus
1518 440 1553 477 ei

100 508 180 544 sint
197 520 220 544 a
237 519 370 544 cruore
388 507 560 549 intactae,
575 505 703 542 facere
723 511 850 541 tamen
869 516 944 540 non
960 502 1098 552 possit,
1116 508 1160 539 ut
1178 501 1333 551 imperia
1350 501 1552 538 sententiae

100 568 138 604 in
159 581 204 604 se·
226 567 340 604 dictae
359 566 533 616 legisque
553 565 753 609 detrectet,
775 564 843 601 sed
875 563 1083 603 abstinebit
1110 575 1152 599 se
1181 562 1400 599 necessario
1420 574 1442 598 a
1468 561 1551 598 solo

99 631 281 680 patrima
302 629 399 667 fanis
418 630 576 666 deorum
604 627 801 676 sacrisque
830 634 869 663 et
898 625 1106 669 sacrificiis,
1125 638 1147 662 a
1167 626 1263 669 foro,
1284 637 1306 661 a
1333 624 1449 668 ludis,
1465 637 1552 673 quae

101 690 232 728 omn-ia
246 689 467 727 hominibus
489 689 618 726 solent
636 700 724 725 esse
744 687 941 724 carissima
960 693 1076 735 atque
1096 685 1372 734 antiquissima.
1432 684 1556 722 Tanta

95 750 198 801 'legis
226 757 288 788 est
314 756 354 787 et
377 750 558 787 severitas
588 756 627 786 et
657 748 881 793 reverentia,
903 754 945 785 ut
962 747 1117 784 tametsi
1146 755 1187 783 tu
1207 745 1424 796 mancipem
1444 752 1553 782 tuum

99 812 364 857 occideris,cui
387 812 512 849 nullus
542 811 591 848 sit
618 810 815 860 sanguinis
848 810 962 853 ultor,
984 817 1022 846 tu
1051 815 1180 846 tamen
1213 808 1383 857 ritusque
1413 808 1555 845 vetusti

98 882 140 912 et
176 874 295 912 divini
332 875 499 912 numinis
540 873 784 916 verecundia,
821 872 1044 910 lustralibus
1090 871 1208 908 sacris
1246 878 1283 907 te
1322 869 1554 920 expiandum

97 948 224 982 cures,
251 936 372 986 iisque
399 935 493 973 locis
524 934 720 972 abstineas
740 946 903 984 quorum
933 932 1237 984 frequentatione
1263 930 1333 968 tibi
1358 930 1419 968 lex
1445 932 1558 967 inter-

99 997 206 1035 dicit.
265 997 471 1036 Felicitatis
491 997 671 1033 humanae
691 1008 780 1046 pars
800 995 1000 1045 potissima
1020 996 1057 1032 in
1077 1007 1144 1045 spe
1166 1004 1355 1043 suspensa
1374 998 1452 1031 est:
1485 991 1555 1028 sed

99 1057 203 1096 hanc
220 1059 344 1109 ipsam
366 1070 489 1108 spem,
518 1057 669 1094 unicam
688 1069 798 1107 paene
818 1056 904 1092 vitae
934 1055 1115 1092 humanae
1136 1054 1358 1097 anchoram,
1382 1053 1463 1103 ipse
1484 1052 1556 1090 sibi

101 1119 336 1170 amputatis,
350 1119 413 1169 qui
425 1118 628 1168 religiones
644 1117 802 1154 deorum
819 1124 994 1153 temerat.
1031 1117 1169 1166 Neque
1182 1123 1243 1152 est
1256 1127 1354 1151 unus
1368 1114 1553 1157 omnium,

102 1180 182 1230 quit,
201 1193 249 1218 eo
261 1179 368 1230 quod
383 1179 453 1217 sibi
472 1178 628 1216 sceleris
642 1178 758 1228 hujus
772 1177 964 1214 commissi
979 1190 1055 1213 non
1073 1177 1122 1213 sit
1133 1175 1329 1219 conscius,
1341 1186 1555 1224 repugnare

100 1241 242 1279 audeat
260 1241 464 1278 sententiae
486 1240 664 1291 judicum
683 1238 732 1275 de
760 1251 801 1275 se
822 1237 926 1282 latae,
948 1251 1026 1287 qua
1050 1235 1248 1274 homicidii
1274 1234 1555 1272 condemnatus

102 1302 177 1346 sit;
206 1301 275 1339 sed
297 1313 456 1338 necesse
477 1307 536 1337 est
554 1299 609 1336 illi
635 1299 775 1337 servire
796 1299 1012 1342 sententiae,
1032 1297 1206 1347 quamvis
1225 1308 1316 1333 vero
1344 1302 1555 1346 repugnet:

100 1369 141 1401 et
169 1362 297 1413 ipsum
326 1374 472 1406 verum,
501 1373 665 1398 necesse
694 1367 766 1403 est,
795 1367 836 1396 ut
861 1360 1104 1397 obmutescat
1132 1357 1296 1407 falsique
1326 1370 1367 1394 se
1391 1356 1559 1394 incusari

101 1424 285 1473 patiatur,
299 1422 512 1474 praesertim
533 1422 566 1459 si
581 1421 694 1465 desit,
713 1421 778 1470 qui
792 1420 858 1470 jus
871 1419 1044 1457 vindicet
1056 1431 1239 1468 reumque
1254 1422 1412 1455 asserat.
1471 1417 1560 1460 Qua

103 1485 152 1523 de
183 1497 303 1523 causa
326 1492 367 1523 et
391 1484 521 1534 legum
547 1483 768 1533 capitalium
797 1482 1099 1532 diligentissimae
1123 1480 1322 1518 cautiones
1342 1486 1381 1516 et
1401 1478 1559 1528 reliquae

101 1545 331 1584 caerimoniae
342 1546 381 1582 in
393 1544 614 1596 hujusmodi
629 1544 756 1582 causis
772 1543 947 1587 sancitae,
960 1550 1003 1579 ut
1018 1555 1053 1579 e.
1067 1555 1102 1579 c.
1121 1546 1364 1578 sacramenta
1378 1539 1556 1589 utrinque

101 1606 270 1644 dicenda
288 1614 328 1644 et
351 1612 528 1643 extorum
551 1604 816 1655 prosectiones
844 1610 885 1641 et
903 1602 1212 1641 denuntiationes
1238 1601 1287 1638 de
1314 1600 1410 1637 locis
1440 1600 1564 1638 vetitis

100 1676 140 1707 et
157 1668 316 1719 reliqua,
335 1667 519 1719 peculiari
535 1666 703 1716 quadam
724 1673 762 1703 et
785 1664 927 1714 insigni
942 1672 1036 1701 nota
1055 1661 1396 1712 exsplendescunt‚
1416 1672 1493 1710 qua
1511 1661 1560 1698 ab

101 1730 321 1768 actionibus
347 1729 507 1766 aliarum
535 1741 738 1766 causarum
765 1727 1069 1775 dignoscantur;
1100 1737 1162 1761 res
1194 1735 1333 1772 nempe
1361 1721 1478 1773 ipsas,
1511 1722 1560 1759 de

102 1791 241 1841 quibus
261 1789 324 1828 hic
343 1790 484 1839 agitur,
499 1796 604 1826 recto
625 1788 773 1839 judicio
798 1787 1022 1836 disceptari,
1049 1798 1164 1835 quam
1194 1783 1402 1834 plurimum
1421 1783 1560 1821 refert:

103 1851 256 1889 idenim
271 1851 303 1888 si
318 1851 396 1894 fiat,
413 1850 559 1887 ultione
573 1849 711 1887 satisfit
724 1848 900 1885 manibus
916 1861 980 1897 per
991 1846 1099 1883 nefas
1114 1846 1303 1896 perempti
1317 1858 1328 1887 ;
1357 1844 1415 1882 sin
1431 1851 1561 1882 autem

103 1912 234 1961 iniqua
251 1911 442 1949 sententia
461 1910 575 1947 homo
592 1910 727 1946 insons
742 1909 985 1960 percellatur,
1001 1920 1078 1944 non
1098 1907 1130 1944 is
1151 1919 1254 1944 error
1273 1907 1389 1945 modo
1404 1913 1477 1950 est,
1493 1905 1561 1943 sed

104 1972 218 2011 etiam
234 1972 398 2010 numinis
412 1971 527 2009 divini
541 1971 747 2021 legumque
763 1970 1016 2007 humanarum
1030 1968 1198 2006 violatio.
1244 1968 1384 2018 Neque
1401 1965 1561 2018 perinde

105 2041 166 2071 est
200 2039 466 2071 accusatorem
496 2044 696 2082 perperam
729 2043 925 2075 accusare,
947 2037 1063 2079 atque
1090 2042 1158 2066 vos
1183 2028 1340 2078 judices
1361 2039 1561 2078 perperam

99 2095 290 2146 judicare.
347 2093 555 2132 Accusatio
578 2092 677 2130 enim
697 2092 796 2128 illius
815 2092 854 2128 in
884 2104 926 2128 se
946 2091 1021 2127 vim
1048 2089 1173 2127 exitus
1206 2088 1353 2126 nullam
1371 2088 1503 2130 habet,
1526 2095 1566 2124 at

103 2158 145 2194 in
162 2161 291 2194 vestra
314 2155 506 2193 sententia
530 2154 595 2191 illa
618 2154 718 2190 inest
734 2153 931 2189 efficacia:
961 2150 1147 2201 quicquid
1177 2162 1246 2186 vos
1274 2149 1401 2187 secius
1428 2148 1561 2186 decre·

109 2216 254 2262 veritis,
275 2216 312 2254 id
331 2228 409 2267 quo
429 2215 617 2258 referatis,
639 2214 691 2250 nil
711 2213 876 2257 habetis,
900 2226 976 2262 quo
994 2212 1144 2262 culpam
1165 2211 1354 2261 purgetis.

158 2280 199 2314 2.
228 2278 314 2328 Ego
333 2290 436 2324 vero,
456 2277 538 2322 viri,
558 2275 606 2313 de
629 2275 855 2313 defensione
886 2287 960 2311 nou
986 2273 1088 2311 idem
1113 2272 1251 2317 sentio,
1271 2271 1376 2321 quod
1405 2283 1564 2308 accusa-

106 2347 209 2377 tores
221 2338 270 2376 de
284 2339 532 2377 accusatione
549 2337 735 2375 sentiunt.
768 2336 869 2373 Nam
885 2335 1022 2373 hicum
1041 2347 1083 2372 se
1097 2346 1280 2371 accusare
1295 2333 1401 2370 aiant
1413 2331 1565 2383 pietatis

106 2408 146 2438 et
163 2400 355 2450 aequitatis
375 2412 483 2450 ergo,
501 2406 621 2437 totam
649 2406 779 2436 tamen
804 2397 1092 2434 accusationem
1113 2409 1159 2433 eo
1184 2400 1468 2445 compararunt,
1489 2405 1565 2442 quo

106 2461 376 2500 mecalumniis
390 2473 549 2498 exosum
563 2460 670 2497 vobis
686 2459 862 2503 reddant,
875 2466 914 2495 et
926 2470 995 2495 vos
1009 2457 1328 2499 circumveniant3
1357 2468 1444 2505 quae
1457 2454 1564 2491 fraus

102 2529 181 2569 est,
200 2521 379 2560 fraudum
400 2521 582 2566 omnium,
598 2533 693 2570 quas
714 2521 882 2557 humana
895 2531 1002 2556 mens
1015 2517 1344 2561 comminiscatur‚
1356 2514 1566 2553 teterrima.

110 2584 200 2622 Non
214 2585 289 2621 hoc
308 2589 444 2633 agunt,
460 2589 504 2620 ut
516 2583 673 2633 planum
690 2582 834 2619 faciant
848 2594 907 2618 me
926 2580 1052 2617 scelus
1066 2579 1284 2622 admisisse,
1306 2589 1429 2627 eoque
1446 2577 1565 2620 facto,

111 2652 154 2681 ut
174 2658 310 2694 poenas
332 2645 421 2682 dem
447 2644 623 2686 meritas;
656 2643 724 2680 sed
744 2641 862 2687 istud,
882 2649 935 2687 ut,
961 2641 1117 2678 tametsi
1141 2640 1286 2683 insons,
1308 2639 1478 2688 ipsorum
1498 2637 1568 2673 ob-'

115 2712 223 2743 rutus
250 2706 465 2751 calumniis,
484 2704 647 2743 fortunis
669 2712 807 2742 exutus
835 2703 1027 2748 omnibus,
1055 2703 1092 2739 in
1118 2701 1292 2738 exsilium
1315 2710 1419 2749 agar.
1480 2697 1567 2748 Ego

111 2778 201 2805 vero
221 2779 374 2816 aequum
402 2780 543 2805 censeo
573 2778 729 2804 causam
763 2765 866 2802 banc
897 2764 953 2801 sic
982 2763 1132 2813 agitari,
1165 2769 1207 2798 ut
1227 2767 1315 2797 ante
1341 2758 1470 2796 omnia
1488 2772 1576 2797 rem

113 2833 261 2878 gestam
297 2840 346 2864 ex
383 2828 517 2866 ordine
544 2839 749 2878 exponam,
781 2834 820 2863 et
851 2825 1018 2863 criminis
1051 2823 1186 2873 ipsius,
1215 2821 1326 2871 cujus
1356 2820 1568 2864 insimulor,

111 2890 298 2926 rationem
329 2888 512 2927 reddam:
553 2889 710 2933 deinde,
741 2889 769 2925 si
804 2900 872 2923 vos
905 2886 1036 2923 audire
1063 2883 1220 2933 juverit,
1254 2881 1367 2919 etiam
1403 2881 1568 2930 reliquas

819 2961 840 2984 κ
