1822 3219
441 111 662 149 CONTRA
693 109 1164 147 ERATOSTHENEM.
1455 110 1529 146 231

77 213 202 253 omnis
228 211 446 251 clementiae
471 219 586 263 atque
617 211 890 250 misericordiae
917 224 1070 255 sensus,
1092 210 1293 248 sumendae
1311 212 1420 249 vobis
1447 219 1540 249 sunt

76 275 126 313 ab
145 274 191 312 iis
211 287 350 324 poenae,
370 273 676 324 cavendumque,
694 286 757 320 ne,
777 273 843 323 qui
863 272 999 310 armati
1021 271 1154 310 soletis
1173 272 1305 310 hostes
1323 280 1471 311 vestros
1499 274 1537 310 in

78 335 160 374 acie
195 336 362 382 vincere,
393 336 459 387 jus
495 335 669 373 dicentes
706 335 743 372 in
775 335 860 372 foro
895 333 1033 372 vestris
1070 332 1229 370 inimicis
1266 335 1539 372 succumbatis.

79 397 377 442 Beneficiorum,
398 409 486 446 quae
510 398 662 446 jactant
689 409 711 432 a
738 409 777 434 se
805 395 1053 446 postmodum
1079 395 1167 432 olim
1188 394 1397 445 aliquando
1417 396 1452 432 in
1474 409 1539 434 vos

81 459 329 504 conferenda,
351 458 424 495 hoc
444 458 629 494 minorem
651 457 743 508 ipsis
764 457 947 495 habetote
968 457 1144 508 gratiam,
1164 470 1240 507 quo
1269 457 1380 494 decet
1405 458 1540 495 saevio-

81 533 161 558 rem
190 533 274 559 esse
303 518 675 556 animadversionem
700 526 868 556 vestram
899 526 1015 569 atque
1046 519 1252 556 vindictam
1280 519 1467 556 scelerum
1494 520 1542 556 ab

82 581 173 632 ipsis
195 580 278 630 jam
303 579 622 618 commissorum:
653 581 792 631 quibus
821 582 991 632 tyrannis
1017 582 1241 619 absentibus
1262 581 1431 619 insidiati
1451 582 1544 620 estis

84 647 127 678 ut
153 641 198 678 iis
223 641 451 691 potiremini,
470 654 536 679 eos
565 643 602 680 in
631 648 861 693 potestate-m
888 644 991 681 nacti
1017 657 1037 681 e
1064 643 1242 681 manibus
1268 656 1316 680 ne
1341 643 1544 686 dimittite;

81 716 208 754 neque
227 703 338 754 pejus
357 703 430 753 ipsi
450 703 639 742 vobismet
658 704 849 742 consulite
867 718 993 754 neque
1013 704 1168 755 segnius
1189 704 1311 742 ultum
1330 704 1380 741 ite
1401 711 1546 742 vestras

81 764 253 816 injurias,
267 777 382 815 quam
402 764 570 811 fortuna,
587 778 675 816 quae
693 765 802 804 vobis
822 777 887 803 eos
904 766 1022 804 veluti
1042 766 1295 817 compedibus
1315 766 1545 804 constrictos

84 826 257 865 tradidit.
312 827 593 865 Accusatorum
609 827 758 866 induite
773 827 880 865 vob1s
895 841 1114 879 personam,
1127 828 1347 879 consurgite
1363 828 1548 866 adversus

83 890 379 928 Eratosthenem
405 890 624 940 amicosque
652 894 748 939 ejus,
769 903 932 941 quorum
958 891 1178 928 nominibus
1209 890 1464 929 obtendendis
1485 890 1548 928 ille

86 953 237 990 scelera
260 960 489 991 excusatum
513 953 582 990 ibit
609 966 670 999 ea,
689 966 773 1004 quae
800 952 893 1003 ipsis
916 954 1138 991 auctoribus
1161 959 1277 1003 atque
1297 952 1461 990 consciis
1483 964 1551 1002 pa-

86 1016 214 1054 travit.
271 1017 477 1055 Sustinetis
503 1017 598 1068 reip.
619 1030 838 1068 personam,
859 1030 975 1067 quam
1001 1017 1134 1067 fingite
1154 1016 1262 1054 vobis
1290 1023 1418 1053 mente
1445 1015 1550 1053 litem

87 1090 177 1115 cum
203 1078 277 1116 hoc
304 1079 559 1117 Eratosthene
585 1079 825 1130 suscepisse;
855 1079 1011 1118 tametsi
1036 1078 1254 1117 conditione
1277 1078 1406 1116 multis
1426 1077 1553 1116 modis

89 1139 255 1190 dispari:
286 1141 426 1179 civium
457 1149 670 1179 vestrorum
701 1141 732 1179 si
758 1141 824 1192 qui
854 1141 945 1179 oiim
978 1140 1029 1178 ad
1058 1141 1184 1178 forum
1211 1140 1554 1191 Trigintavirorum

89 1201 312 1248 citarentur,
350 1216 482 1240 eorum
521 1210 605 1240 erat
648 1203 748 1240 idem
790 1202 1069 1240 Eratosthenes
1115 1210 1396 1251 accusatorque
1441 1208 1556 1251 atque

82 1264 232 1314 judex;
264 1278 335 1302 nos
357 1272 485 1302 autem
509 1278 613 1303 nunc
634 1265 932 1302 Eratosthenem
950 1265 1000 1302 ad
1014 1272 1182 1303 vestrum
1202 1264 1328 1301 forum
1344 1264 1556 1309 trahentes,

89 1338 178 1362 cum
205 1338 438 1363 accusamus
464 1340 549 1364 eum
577 1333 659 1363 tum
684 1339 754 1364 nos
774 1339 1002 1377 purgamus.
1061 1325 1338 1364 Eratosthenes
1359 1325 1447 1363 olim
1467 1338 1556 1363 cum

90 1386 248 1437 collegis
268 1387 446 1425 homines
467 1388 652 1432 insontes,
674 1387 819 1426 indicta
845 1388 1093 1439 inauditaque
1120 1401 1254 1433 causa,
1275 1388 1458 1438 peremit:
1487 1399 1557 1424 vos

91 1455 220 1485 autem
252 1461 340 1486 cum
371 1448 590 1486 auctoribus
618 1449 735 1499 pestis
759 1449 925 1499 publicae
950 1462 996 1487 ea
1021 1450 1134 1500 agitis
1155 1449 1350 1500 aequitate,
1370 1455 1414 1485 ut
1433 1447 1558 1486 carni-

93 1509 187 1546 fices
206 1509 328 1559 plebis
350 1517 477 1547 tamen
498 1523 545 1546 ex
564 1511 651 1560 lege
672 1511 863 1547 censeatis
879 1510 1139 1561 judicandos;
1171 1524 1268 1561 quos
1290 1509 1440 1548 etiamsi
1466 1523 1560 1548 con-

91 1577 151 1608 tra
169 1571 372 1608 formulam
397 1571 495 1623 juris
514 1572 648 1622 punire
663 1574 786 1622 juvet,
809 1580 848 1609 at
869 1586 917 1610 ne
938 1573 993 1611 sic
1013 1574 1167 1623 quidem
1190 1581 1249 1611 sat
1269 1574 1408 1623 dignas
1435 1572 1559 1611 scele-

91 1646 178 1670 rum
208 1646 340 1683 poenas
370 1633 532 1684 exigatis
566 1646 710 1679 eorum,
745 1634 884 1684 quibus
915 1635 1073 1685 publica
1105 1635 1324 1672 minuerunt
1357 1634 1562 1672 commoda,

89 1694 254 1744 juraque
278 1702 316 1732 et
341 1694 582 1745 majestatem
613 1694 746 1745 populi
776 1695 980 1733 violarunt.
1040 1696 1200 1746 Ecquod
1228 1696 1330 1733 enim
1361 1695 1481 1733 ullum
1509 1695 1563 1733 illi

95 1756 255 1804 dignum
293 1756 372 1793 suis
411 1756 646 1794 facinoribus
686 1757 862 1795 dederint
901 1758 1160 1809 supplicium?
1209 1758 1366 1796 Cinolis
1408 1759 1454 1795 ab
1487 1758 1562 1795 illis

94 1815 208 1854 effusi
228 1817 370 1854 satisne
390 1829 457 1855 vos
478 1831 628 1868 aequam
649 1819 781 1856 feratis
807 1819 1003 1864 talionem,
1025 1819 1056 1856 si
1083 1820 1185 1870 ipsos
1212 1833 1290 1857 una
1318 1834 1406 1857 cum
1433 1820 1562 1857 liberis

99 1879 298 1925 occidatis,
327 1892 409 1925 vos,
435 1893 595 1930 quorum
626 1873 754 1931 patres
787 1888 825 1920 et
853 1882 952 1919 filios
983 1882 1197 1933 fratresque
1224 1883 1263 1920 hi
1295 1891 1438 1933 negata
1465 1883 1562 1920 adeo

97 1940 335 1979 defensionis
356 1942 468 1992 copia
487 1943 762 1993 peremerunt?
819 1944 888 1989 At,
909 1944 941 1981 si
960 1944 1062 1981 bona
1081 1957 1213 1982 eorum
1240 1945 1450 1982 immobilia
1475 1957 1564 1993 pro-

97 2002 338 2053 scripseritis,
359 2004 413 2041 sic
432 2010 560 2042 tamen
582 2004 823 2042 satisfactum
845 2007 926 2050 erit,
947 2005 985 2042 ni
1007 2005 1132 2044 fallor.
1176 2005 1416 2043 Eccuinam?
1460 2005 1563 2042 Civi-

97 2065 246 2103 tatine?
279 2066 388 2117 cujus
419 2067 596 2104 aerarium
627 2067 857 2118 expilarunt‚
886 2067 1083 2105 multoties
1114 2069 1200 2119 plus
1230 2068 1416 2113 furantes,
1447 2081 1563 2118 quam

95 2127 200 2164 bona
232 2140 363 2164 eorum
397 2129 468 2165 sub
500 2128 611 2166 hasta
645 2136 752 2166 secta
786 2130 970 2167 referant.
1025 2131 1086 2167 An
1122 2130 1280 2181 privatis
1313 2106 1564 2168 hominibus?

98 2201 261 2238 quorum
287 2170 409 2235 aedes,
435 2190 540 2227 velut
570 2190 741 2228 immisso
770 2191 903 2236 milite,
931 2192 1030 2229 ferro
1058 2193 1298 2243 flammisque
1327 2199 1564 2230 evastaiunt.

98 2249 425 2301 Quandoquidem
454 2252 582 2302 ioitur,
608 2254 759 2290 tametsi
786 2253 880 2290 nihil
912 2267 990 2291 non
1015 2255 1154 2304 agatis,
1177 2261 1305 2292 tamen
1332 2255 1458 2293 facere
1487 2268 1565 2292 non

97 2311 286 2362 poteritis,
304 2319 348 2348 ut
366 2325 496 2362 poenas
511 2314 558 2350 ab
575 2313 632 2351 his
647 2322 704 2352 sat
719 2315 856 2365 dignas
877 2317 1074 2366 repetatis,
1096 2317 1208 2367 ecqui
1228 2330 1305 2354 non
1325 2324 1434 2367 turpe
1456 2317 1564 2353 vobis

97 2374 160 2419 sit,
190 2386 259 2411 vos
294 2374 413 2411 ullum
443 2376 736 2425 praetermittere
766 2391 891 2427 poenae
924 2391 1062 2428 genus,
1091 2379 1193 2428 quod
1224 2379 1262 2415 in
1294 2378 1363 2416 hos
1390 2378 1566 2428 expediri

98 2436 300 2486 quisquam
321 2435 441 2473 velit?
497 2436 660 2473 Nullum
694 2438 757 2474 ille
791 2439 882 2475 mihi
913 2453 1038 2489 genus
1070 2440 1243 2478 audaciae
1272 2440 1342 2478 sibi
1375 2440 1563 2489 reliquum

99 2496 270 2535 facturus
292 2497 410 2535 fuisse
426 2498 589 2543 videtur,
608 2499 671 2549 qui
694 2513 797 2537 nunc
817 2513 944 2538 causae
966 2515 1034 2553 pro
1055 2515 1097 2539 se
1119 2503 1296 2540 dicendae
1319 2514 1411 2551 ergo
1433 2513 1498 2537 eos
1514 2500 1564 2537 ad

94 2555 243 2606 judices
263 2558 437 2610 prodeat,
454 2573 552 2610 quos
568 2560 737 2599 antehac
756 2562 888 2600 multis
904 2576 927 2600 a
942 2576 983 2600 se
1001 2563 1115 2602 laesos
1133 2578 1219 2602 esse
1236 2563 1345 2600 malis
1362 2571 1400 2600 et
1417 2561 1564 2612 injuriis

100 2616 185 2666 ipse
219 2619 289 2656 sibi
320 2621 370 2658 sit
400 2622 596 2667 conscius,
626 2630 665 2660 et
695 2635 718 2660 a
745 2636 908 2673 quorum
938 2625 1158 2663 testimonio
1187 2624 1398 2675 praevideat
1425 2623 1564 2673 impro-

102 2677 261 2716 bitatem
289 2693 397 2718 suam
425 2682 647 2721 confossum
676 2684 733 2722 iri.
791 2684 944 2731 Videte,
964 2694 1202 2736 quantopere
1223 2698 1292 2722 vos
1317 2691 1561 2722 contemnat:

103 2740 255 2777 tametsi
274 2741 358 2779 aliis
378 2743 540 2782 multum
561 2746 659 2791 fidit,
681 2747 803 2785 multo
823 2754 953 2786 tamen
973 2761 1041 2786 vos
1062 2748 1271 2785 contemnit
1290 2747 1426 2797 magis,
1446 2760 1561 2797 quam

101 2802 273 2852 patronis
306 2804 384 2840 suis
414 2805 510 2843 fidit.
568 2809 665 2852 Quae
693 2810 808 2847 ambo
838 2822 907 2847 vos
934 2822 1038 2846 nunc
1065 2809 1181 2846 decet
1199 2808 1249 2846 ad
1268 2808 1434 2846 animum
1455 2808 1562 2845 vobis

105 2875 286 2901 revocare
306 2871 422 2914 atque
442 2868 626 2916 cogitare,
646 2883 770 2919 neque
791 2883 953 2909 ausuros
972 2871 1066 2909 istos
1086 2884 1252 2921 unquam
1275 2884 1322 2910 ea
1340 2870 1460 2909 fuisse
1477 2884 1564 2920 quae
