1822 3219
578 126 747 163 LYSIAE
776 126 1105 163 OLYMPIACA.
1487 126 1562 162 365

121 225 250 262 animo
268 225 399 263 ardere
421 226 612 263 Graeciam
633 227 836 275 patiantur,
855 238 943 262 cum
962 225 1035 275 ipsi
1055 224 1277 261 Graecorum
1293 225 1410 263 duces
1431 225 1508 262 sint
1529 232 1568 262 et

122 286 324 336 principes,
342 286 458 335 idque
488 299 563 323 non
588 299 654 336 per
683 286 790 323 nefas
820 286 887 323 sed
914 286 1051 322 virtute
1075 285 1226 334 propria
1249 285 1378 332 reique
1398 285 1568 323 militaris

126 345 284 382 seientia
302 346 498 384 dominatu
518 352 761 395 comparat03
790 345 862 383 soli
884 358 972 382 vero
990 351 1099 394 portu
1119 353 1273 381 careant
1289 352 1326 382 et
1343 346 1473 391 muris,
1487 346 1567 383 sine

127 405 310 442 seditione
330 405 416 449 sint,
436 413 474 442 et
492 404 744 449 invincibiles,
765 412 804 442 et
823 405 956 441 iisdem
976 417 1123 454 semper
1141 405 1235 441 locis
1254 411 1425 442 utentes:
1455 412 1570 455 atque

127 465 214 502 ideo
233 465 465 514 sperandum
484 471 555 509 est,
575 464 798 514 perpetuam
826 477 889 501 eos
916 464 1128 501 libertatem
1159 463 1377 506 habituros;
1407 478 1571 514 cumque

128 524 167 561 in
186 525 381 574 praeteritis
400 524 579 574 periculis
600 523 762 561 Graeeiae
781 524 1028 573 sospitatores
1049 523 1274 568 exstiterint,
1293 524 1420 561 futura
1438 525 1572 574 praevi-

131 597 253 621 suros.
310 584 400 621 Non
417 591 545 622 tamen
563 585 692 621 futura
713 590 809 621 aetas
835 584 909 620 hac
940 584 1116 633 praesenti
1143 583 1296 621 melior:
1326 598 1449 634 neque
1474 586 1574 622 enim

131 646 368 696 pereuntium
387 646 619 683 calamitates
639 652 680 682 ut
699 645 834 682 alienae
856 651 948 681 sunt
970 644 1176 688 habendae,
1198 644 1266 682 sed
1294 646 1474 695 propriae;
1506 659 1576 685 nec

132 706 433 757 exspectandum
459 706 583 743 donec
615 718 686 742 nos
716 705 819 754 ipsos
849 705 1047 742 amborum
1078 705 1248 754 potentia
1276 707 1479 756 opprimat,
1507 707 1577 744 sed

133 767 316 816 quamdiu
341 766 470 803 adhuc
496 766 687 815 integrum
710 773 782 809 est,
807 778 938 802 eorum
967 765 1139 815 injuriam
1167 766 1389 815 propulsare
1417 774 1579 816 oportet.

137 826 232 869 Quis
251 826 353 862 enim
373 838 450 862 non
470 825 611 871 videat,
628 825 728 863 bello
745 825 925 862 intestino
945 832 983 862 et
1001 825 1100 862 civili
1122 838 1252 862 eorum
1280 829 1488 876 potentiam
1515 841 1578 865 ac-

135 885 332 924 crevisse?
365 899 450 935 quae
465 898 550 923 cum
569 899 645 922 non
662 886 782 922 solum
800 886 925 935 turpia
944 886 1032 930 sint,
1048 885 1116 922 sed
1134 887 1247 922 etiam
1269 887 1411 936 gravia,
1426 887 1479 924 eis
1494 888 1578 937 qui-

138 946 225 983 dem
257 946 320 996 qui
355 946 574 995 gravissime
608 946 850 995 deliquerunt
887 945 1040 982 licentia
1073 946 1362 983 commissorum
1391 947 1481 986 data
1508 955 1580 994 est,

139 1006 286 1044 G'raecis
306 1018 394 1044 vero
410 1005 563 1043 'nullum
581 1007 629 1043 ob
647 1006 686 1043 id
705 1005 933 1056 supplicium
951 1005 1156 1055 irrogatum
1176 1005 1195 1026 '¹‘
1216 1006 1235 1026 3
1255 1006 1276 1025 θ’
