1822 3219
211 171 284 207 102
819 171 1120 210 ANDOCIDIS

219 270 279 310 pti
304 275 462 302 cunctas
488 273 557 303 sub
581 273 690 304 hasta
719 285 797 304 cum
823 275 1048 311 vendidero,
1076 281 1149 305 tum
1179 277 1321 313 partem
1346 273 1542 304 dimidiam
1568 283 1678 313 pecua

221 321 288 351 niae
315 321 405 352 inde
429 324 592 354 redactae
623 326 865 364 peremptori
896 326 1051 356 reddam
1078 325 1131 356 nil
1156 324 1415 361 defraudans;
1450 325 1517 354 hoc
1547 325 1598 354 ita
1629 325 1678 354 fa-

219 372 395 402 ciendum
427 384 522 410 esse,
556 379 594 405 ot
625 376 759 405 verbis
794 375 985 415 factisque
1022 387 1086 406 ero
1122 382 1256 406 auctor
1287 380 1326 404 et
1355 374 1502 404 tabella
1531 386 1606 404 mea
1642 376 1676 404 in

219 423 349 453 cadum
373 423 586 463 injicienda
605 427 856 456 confirmabo.
903 427 966 456 Sin
990 431 1111 457 autem
1137 427 1232 466 quis,
1257 431 1455 465 tyranuum
1476 427 1677 464 tyrannive

218 474 428 504 satellitem
454 475 648 512 adoriens,
675 477 799 506 autin
826 478 912 516 ipsa
942 478 1054 513 oaede,
1082 483 1145 507 aut
1171 476 1300 507 saltim
1326 475 1359 505 in
1387 480 1523 505 conatu
1548 476 1677 512 credis,

217 525 301 566 ipse
330 528 572 564 occubuerit,
601 530 740 559 ornabo
774 529 973 570 ipsumque
1010 534 1292 569 peremptorem
1327 529 1488 567 ejusque
1520 526 1677 562 liberos,

217 579 384 619 perinde
419 585 531 619 atque
562 582 805 611 Harmodium
839 593 919 612 cum
949 582 1223 621 Aristogitone
1255 590 1461 619 eorumque
1496 584 1676 619 posteros

217 640 350 660 ornare
387 632 564 662 solemus.
626 632 871 672 Quaecunque
904 638 1138 663 sacramenta
1171 638 1232 663 aut
1269 632 1430 662 Athenis
1460 636 1526 661 aut
1555 630 1591 660 iu
1620 640 1676 660 ca-

217 681 311 712 stris
346 687 409 711 aut
447 683 590 722 uspiam
627 683 721 713 alibi
757 684 926 714 locorum
963 684 995 714 in
1030 684 1197 713 fraudem
1236 682 1369 722 populi
1407 682 1540 712 Athen.
1573 673 1683 711 dicta*

216 733 380 770 fuerint,
407 744 447 764 ea
478 735 658 765 rescindo
690 741 799 775 atque
832 735 944 766 irrita
972 734 1197 774 pronuncio,
1220 734 1345 773 iisque
1375 733 1588 773 obligatum
1616 737 1665 761 at-

217 794 287 823 que
330 791 590 816 consecratum
628 797 891 826 quemcunque
934 784 1165 816 sacramenti
1206 784 1398 824 religione
1438 782 1600 813 exsolvo
1639 786 1675 812 et

218 844 386 864 resecro.
432 836 521 865 Hanc
544 836 574 866 iu
598 837 755 867 formulam
778 838 900 876 juranto
917 837 1120 867 Athenienses
1144 847 1247 866 omnes
1271 846 1363 875 super
1384 833 1493 864 hostiis
1516 834 1674 873 perfectis,

216 884 287 921 rite,
307 886 563 924 quemadmodum
586 887 703 926 reliqua
725 887 824 917 omnia
848 898 915 926 quae
939 887 1000 917 ritu
1030 888 1130 926 patrio
1154 887 1313 925 conceptis
1338 886 1441 916 verbis
1461 885 1582 924 juratis,
1606 890 1674 914 ante

217 934 389 974 Liberalia3
414 941 445 966 et
458 938 578 976 precari
593 942 753 974 memento,
772 942 805 968 ut
820 937 1083 978 quijurisjuraudi
1106 938 1196 977 liujus
1217 937 1443 967 conditionibus
1465 940 1568 965 sancte
1584 940 1673 974 atque

216 985 359 1025 religiose
384 986 579 1024 satisfecerit,
601 990 628 1019 ei
651 989 754 1018 multae
779 999 955 1028 magnaeque
976 989 1198 1028 prosperitates
1221 999 1260 1018 ex
1285 988 1382 1027 ipsius
1407 986 1497 1016 animi
1522 986 1675 1017 sententia

218 1037 371 1073 eveniant,
387 1039 528 1077 pejerans
543 1043 644 1068 antem
660 1045 692 1069 ut
707 1049 765 1069 uua
781 1049 847 1069 cum
862 1039 946 1079 prole
962 1039 1038 1068 male
1052 1043 1166 1078 pereat.

275 1131 337 1169 17.
366 1131 455 1170 Jam
476 1132 667 1183 responde
698 1138 739 1170 tu
772 1132 876 1178 mihi,
909 1131 1184 1183 quadruplator
1219 1138 1257 1169 et
1286 1130 1446 1176 ardelio,
1477 1143 1591 1181 quem
1621 1129 1676 1167 dii

219 1191 380 1243 deaeque
400 1206 532 1232 omnes
552 1201 726 1231 evertant
750 1194 861 1232 velim
890 1200 1006 1244 atque
1036 1193 1249 1237 eradicent,
1269 1199 1376 1230 estne
1396 1192 1480 1229 haec
1509 1191 1571 1229 lex
1592 1197 1676 1228 rata

219 1261 258 1291 et
278 1253 406 1292 adhuc
426 1254 567 1300 valida,
590 1268 639 1292 an
660 1263 718 1293 est
747 1255 945 1306 antiquata
967 1263 1004 1292 et
1026 1254 1158 1291 irrita?
1202 1254 1302 1291 Rata
1322 1254 1395 1291 fuit
1419 1253 1523 1298 olim,
1541 1260 1579 1291 et
1608 1252 1677 1290 de-

217 1315 325 1352 beret
343 1315 469 1354 adhuc
488 1329 586 1361 esse,
619 1317 650 1354 si
681 1330 769 1367 quae
803 1317 878 1354 alia
909 1316 970 1353 vel
1004 1316 1170 1353 maxime
1188 1329 1196 1353 ;
1227 1328 1357 1352 verum
1392 1315 1481 1365 quia
1514 1315 1585 1352 sub
1601 1314 1673 1351 Ar·

217 1376 360 1415 clionte
382 1377 542 1415 Euclide
563 1385 744 1416 renovata
763 1387 802 1416 et
823 1378 1047 1416 confirmata
1066 1390 1141 1415 non
1161 1376 1245 1421 suit,
1266 1384 1306 1414 et
1333 1389 1403 1414 vos
1439 1377 1495 1413 uti
1521 1375 1673 1426 legibus

216 1439 333 1477 vultis
353 1439 418 1477 illo
433 1440 631 1478 Archonte
650 1440 752 1486 latis,
777 1440 864 1477 ideo
882 1440 953 1478 ista
973 1439 1037 1478 lex
1057 1438 1173 1477 hodie
1192 1439 1394 1489 antiquata.
1413 1444 1451 1476 et
1470 1438 1674 1476 obliterata

217 1508 291 1540 est.
347 1501 449 1539 Huic
465 1501 729 1540 constitutioni
747 1501 822 1540 hoc
841 1501 976 1546 debes,
997 1500 1102 1551 quod
1132 1499 1252 1550 spiras
1282 1499 1411 1537 adhuc
1431 1507 1470 1537 et
1488 1511 1555 1550 per
1572 1498 1673 1535 hanc

217 1563 349 1601 urbem
370 1562 607 1608 deambulas,
626 1562 731 1600 haud
751 1562 932 1607 meritus;
961 1562 1103 1613 quippe
1123 1561 1201 1612 qui,
1221 1568 1378 1599 tenente
1410 1560 1538 1598 adhue
1570 1566 1674 1598 statu

214 1624 400 1662 libertatis
424 1624 630 1676 popularis,
651 1637 672 1662 e
697 1623 898 1662 calumniis
928 1631 966 1661 et
997 1622 1251 1661 delationibus
1271 1630 1386 1672 atque
1404 1621 1673 1659 vexationibus

215 1685 425 1724 insontium
450 1685 593 1724 victum
623 1697 831 1736 quaereres,
851 1684 1010 1736 triginta
1040 1684 1213 1735 tyrannis
1242 1690 1370 1721 autem
1395 1695 1521 1721 rerum
1541 1681 1673 1733 potitis

217 1746 389 1792 servires,
405 1759 482 1798 quo
501 1753 694 1798 quaestum
715 1746 822 1784 illum
840 1746 1041 1785 infandum
1057 1759 1078 1784 e
1095 1745 1297 1784 calumniis
1313 1752 1461 1796 partum
1473 1757 1673 1783 revomere

217 1820 268 1846 ne
288 1820 479 1859 cogerere.
538 1808 648 1846 Itane
661 1820 751 1846 vero
772 1815 812 1845 tu
832 1808 1079 1846 nihilominus
1092 1807 1140 1845 de
1151 1813 1303 1858 quaestu
1325 1805 1542 1845 meretricio
1560 1806 1672 1845 facti-

217 1875 300 1907 tato
314 1882 375 1907 me
393 1869 671 1920 compellabis?
699 1869 874 1919 aliosque
893 1869 964 1907 ibis
983 1868 1225 1913 infamatum,
1247 1868 1312 1919 qui
1336 1867 1403 1905 uni
1422 1866 1576 1919 quidem
1594 1868 1672 1906 sin-

219 1930 341 1982 gulari
360 1930 504 1969 homini
519 1931 642 1969 solite
661 1944 727 1983 pro
748 1931 886 1982 pellice
905 1943 983 1969 non
1004 1931 1246 1969 substravisti
1260 1952 1310 1957 —
1325 1929 1429 1980 quod
1449 1929 1480 1967 si
1501 1929 1674 1975 fecisses,

218 1992 357 2031 fuisset
375 1991 414 2031 id
435 1993 565 2043 utique
584 1992 653 2030 tibi
672 1992 892 2044 praeclarius
914 2001 1028 2043 atque
1045 1992 1280 2031 fructuosius
1296 2014 1361 2038 —-,
1378 1990 1448 2029 sed
1466 1991 1674 2042 unicuique

218 2053 363 2092 volenti
381 2067 529 2092 morem
548 2054 715 2105 gessisti,
738 2054 778 2092 id
807 2054 913 2106 quod
943 2055 981 2093 hi
1007 2055 1160 2106 judices
1181 2061 1338 2099 norunt,
1370 2061 1410 2091 et
1428 2066 1498 2105 pro
1517 2054 1674 2092 minimo

217 2115 358 2153 lucello
386 2115 606 2166 turpissima
637 2128 800 2167 quaeque
831 2123 964 2168 stupra
994 2129 1131 2167 passus
1162 2129 1224 2159 es:
1254 2121 1372 2166 atque
1405 2122 1482 2152 tam
1521 2115 1674 2152 infamis

218 2182 390 2227 quaestus
410 2176 683 2215 exercitatione
701 2178 818 2216 vitam
837 2178 1002 2215 tenuiter
1023 2177 1115 2216 satis
1145 2185 1260 2227 atque
1282 2176 1413 2227 jejune
1434 2176 1675 2222 sustentasti,

220 2239 372 2276 tametsi
403 2251 512 2276 esses
542 2251 605 2276 ore
637 2238 823 2290 vultuque
847 2246 925 2276 tam
958 2238 1132 2276 deformi.
1190 2238 1240 2275 Et
1269 2236 1515 2274 nihilominus
1544 2243 1674 2274 tamen

220 2300 315 2337 alios
335 2312 520 2338 accusare
539 2312 654 2337 ausus
675 2308 735 2338 est
761 2300 837 2345 hic,
865 2300 927 2337 cui
960 2313 1009 2337 ne
1041 2312 1108 2350 pro
1141 2312 1182 2336 se
1211 2298 1367 2348 quidem
1399 2298 1483 2349 ipso
1515 2311 1673 2336 causam

219 2361 346 2400 dicere
365 2375 433 2413 per
458 2361 563 2412 leges
583 2369 734 2399 nostras
765 2361 871 2400 licet.
926 2361 1281 2405 verumenimvero,
1301 2359 1384 2404 viri,
1404 2372 1503 2404 curn,
1523 2359 1591 2397 illo
1614 2372 1675 2397 me

222 2432 444 2471 accusante,
463 2437 536 2476 ego
559 2424 734 2462 assidens
756 2424 793 2461 in
819 2437 862 2462 os
882 2426 964 2472 ejus
991 2423 1171 2469 intuerer,
1191 2422 1349 2460 videbar
1369 2421 1460 2459 mihi
1477 2421 1584 2459 haud
1605 2420 1673 2458 ali·

221 2493 294 2532 ter,
314 2493 428 2537 atque
448 2499 469 2523 a
490 2485 646 2536 triginta
663 2485 751 2523 viris
772 2485 1087 2537 comprehensus,
1106 2497 1235 2522 coram
1258 2483 1329 2521 illis
1353 2490 1453 2521 stare
1479 2490 1594 2533 atque
1609 2483 1672 2532 ju·

222 2547 363 2586 dicium
379 2559 510 2584 eorum
529 2546 704 2585 tolerare.
760 2546 876 2592 Nam,
897 2547 927 2584 si
948 2554 1040 2584 tunc
1066 2545 1139 2583 illis
1166 2544 1427 2583 obtinentibus
1452 2542 1590 2594 capitis
1609 2555 1675 2594 pe-

220 2609 382 2648 riculum
398 2608 486 2646 mihi
501 2609 777 2646 decertandum
798 2608 946 2654 fuisset,
966 2609 1097 2658 ecquis
1116 2607 1212 2645 alius
1232 2620 1305 2649 me,
1325 2612 1579 2655 praeterquam
1599 2603 1676 2650 hic,

221 2669 470 2710 accusasset?
506 2670 681 2708 Fecisset
697 2671 798 2707 enim
815 2668 1084 2720 proculdubio,
1099 2669 1168 2705 nisi
1189 2667 1398 2718 periculum
1417 2679 1489 2716 ego
1510 2666 1674 2703 nummis

219 2733 256 2769 ei
276 2732 375 2770 datis
394 2732 652 2770 redemissem.
708 2732 810 2768 Nam
844 2743 945 2768 nunc
974 2743 1127 2781 quoque
1159 2729 1267 2767 nulla
1297 2728 1372 2765 alia
1403 2728 1450 2765 de
1480 2740 1598 2765 causa
1615 2740 1676 2765 me

225 2795 433 2840 accusavit,
464 2807 578 2846 quam
609 2793 713 2844 quod
745 2806 830 2831 curn
864 2806 909 2830 eo
941 2793 1119 2831 decidere
1150 2792 1270 2830 nolui.
1328 2790 1473 2841 Ecquis
1501 2803 1562 2828 me
1583 2797 1676 2828 tnnc

225 2856 337 2901 alius,
356 2864 605 2907 praeterquam
634 2855 846 2899 Charicles,
864 2862 1111 2906 percontatus
1133 2854 1272 2891 fuisset
1292 2853 1329 2890 in
1357 2853 1460 2890 hunc
1485 2851 1642 2890 modum
1659 2850 1674 2887 ’ἒ

228 2917 301 2955 Dic
320 2916 424 2962 mihi,
463 2917 678 2964 Andocide,
711 2917 895 2955 venistine
929 2915 1170 2954 Deceleam?
1200 2914 1402 2953 castellum
1438 2914 1568 2965 patriae
1598 2920 1674 2950 tuae.
