1822 3219
244 182 315 218 160
883 181 1050 219 LYSIAE

236 281 423 319 indicare:
454 287 632 331 potuerat
650 282 850 333 pedestres
876 283 1008 333 copias
1028 294 1093 331 per
1116 280 1424 330 Hellespontum,
1450 293 1527 331 qua
1545 280 1682 318 fretum

235 349 296 380 est
324 342 651 392 angustissimum,
672 357 788 394 super
817 344 918 381 mille
940 343 1101 380 navibus
1120 352 1168 379 ex
1190 341 1283 379 Asia
1301 342 1337 378 in
1359 342 1551 391 Europam
1583 341 1686 389 traji-

235 415 338 448 cere,
366 403 434 441 sed
450 404 585 449 noluit,
617 411 738 449 ratus,
759 404 863 441 illam
880 415 1023 441 moram
1045 402 1116 440 sibi
1141 414 1255 453 quam
1276 401 1392 440 vellet
1411 401 1691 439 diuturniorem.

237 463 342 506 forez
372 471 619 515 quapropter,
652 472 693 502 et
724 464 907 501 terminos
940 476 964 501 a
991 470 1128 500 natura
1159 475 1284 500 rerum
1318 463 1415 500 fixos
1447 469 1486 499 et
1514 461 1693 500 coelestia

237 531 388 563 ostenta
420 525 658 576 deorumque
692 525 972 562 admonitiones
1001 530 1040 561 et
1060 524 1248 562 humanas
1281 523 1530 561 auctoritates
1557 534 1692 572 asper-

237 591 368 632 natus,
404 586 502 624 viam
528 586 599 623 sibi
628 598 696 635 per
726 598 830 623 mare
859 584 1125 629 communivit,
1156 591 1195 622 et
1224 584 1352 622 invitae
1377 582 1590 621 continenti
1619 594 1690 633 per

237 659 350 696 agros
382 659 475 685 suos
510 646 794 696 navigationem
824 645 995 690 extorsit,
1034 645 1292 695 Hellesponto
1323 651 1439 694 ponte
1466 644 1619 695 juncto,
1650 648 1693 680 et

236 708 340 745 Atho
366 713 496 744 monte
522 707 708 757 perfosso,
739 707 891 744 nemine
917 707 1132 749 resistente,
1166 705 1236 743 sed
1261 705 1344 742 aliis
1374 703 1599 742 necessitati
1628 715 1691 741 ce-

236 767 430 812 dentibus,
461 766 543 804 aliis
574 766 675 804 ultro
707 779 912 804 commune
941 767 1062 804 decus
1092 765 1355 816 prodentibus.
1412 765 1471 802 Illi
1500 764 1601 802 enim
1621 763 1693 800 de—

235 828 377 878 pellere
396 827 485 872 vim,
505 840 593 865 cum
627 827 783 872 vellent,
804 828 883 865 suis
903 828 1043 865 viribus
1063 840 1139 865 non
1161 835 1354 877 poterant,
1370 826 1410 864 hi
1429 825 1619 875 corrumpi
1649 836 1692 862 se

233 887 502 938 largitionibus
539 888 643 938 passi
679 887 855 930 fuerant;
894 895 997 924 metu
1036 887 1136 931 illos,
1165 887 1236 924 hos
1270 886 1366 924 lucri
1406 898 1476 936 spe
1510 885 1694 923 ducente.

235 948 493 986 Athenienses
515 956 658 992 autem,
678 948 716 985 in
737 949 849 985 rebus
879 947 1045 985 Graeciae
1062 954 1140 984 tam
1161 945 1426 990 conclamatis,
1455 958 1543 982 cum
1563 945 1693 982 classe

234 1008 284 1046 ad
299 1008 544 1045 Artemisium
565 1009 830 1053 occurrebant,
843 1008 892 1045 ad
908 1007 1119 1045 sistendum
1135 1006 1354 1045 incendium
1372 1021 1382 1051 ;
1405 1005 1691 1044 Lacedaemonii

232 1080 337 1112 vero,
357 1080 445 1105 cum
465 1068 656 1105 nonnullis
677 1068 870 1105 sociorum
890 1067 937 1104 ad
953 1066 1230 1117 Thermopylas
1246 1066 1348 1104 hosti
1367 1079 1408 1104 se
1428 1067 1692 1117 opponebant,

234 1136 434 1178 sperantes
462 1141 528 1177 per
554 1129 725 1166 locorum
761 1129 960 1177 angustias
993 1128 1178 1173 futurum,
1208 1133 1250 1164 ut
1281 1133 1447 1164 meatum
1478 1118 1692 1166 tuerentur.

235 1189 466 1227 Discrimine
493 1189 749 1240 defungentes
775 1190 847 1226 sub
874 1188 972 1226 idem
994 1195 1145 1238 tempus
1173 1188 1298 1233 ambo,
1319 1187 1578 1226 Athenienses
1603 1188 1691 1237 qui-

235 1249 323 1287 dem
347 1263 367 1287 e
398 1250 529 1300 praelio
556 1250 682 1288 navali
713 1249 928 1300 superiores
955 1248 1221 1292 discedebant,
1256 1247 1539 1286 Lacedaemonii
1559 1255 1690 1285 autem
1722 1281 1725 1283 .

234 1311 443 1348 infortunio
464 1311 784 1362 percellebantur,
806 1323 882 1347 non
898 1309 1074 1347 virtutem
1094 1309 1149 1346 illi
1169 1309 1323 1359 quidem
1345 1321 1453 1347 suam
1472 1309 1575 1359 passi
1589 1308 1694 1346 desi-

236 1371 375 1417 derari,
399 1379 660 1410 verumtamen
677 1371 764 1409 falsi
793 1370 999 1421 opinionis,
1020 1383 1135 1420 quam
1161 1370 1433 1420 concepissent
1451 1369 1499 1407 de
1518 1381 1691 1414 numero,

236 1440 278 1471 et
298 1445 430 1471 eorum
461 1434 665 1471 adversum
683 1445 782 1482 quos
803 1438 914 1469 erant
932 1431 1129 1476 certaturi,
1149 1430 1214 1480 qui
1233 1443 1416 1468 numerus
1437 1430 1606 1480 ipsorum
1625 1442 1691 1467 ex-

238 1497 515 1546 spectationem
536 1495 757 1545 longissime
784 1493 1055 1543 exsuperabat,
1086 1499 1126 1530 et
1145 1504 1276 1529 eorum
1296 1503 1394 1541 quos
1425 1503 1448 1527 a
1466 1503 1508 1527 se
1529 1490 1693 1528 tuendos

236 1562 496 1607 speraverant,
527 1555 591 1605 qui
613 1567 791 1592 numerus
811 1554 940 1591 multis
965 1553 1138 1604 partibus
1159 1559 1242 1590 erat
1259 1558 1412 1603 sperato
1438 1551 1586 1594 minor;
1617 1551 1692 1596 sic,

236 1618 285 1655 ab
304 1617 416 1655 hoste
435 1630 513 1654 non
532 1616 637 1662 victi,
662 1615 927 1653 occubuerunt
958 1614 997 1651 in
1023 1614 1188 1652 statione
1217 1613 1384 1664 quisque
1404 1625 1488 1650 sua.
1547 1612 1693 1650 Alteris

235 1678 364 1728 itaque
390 1678 438 1716 ab
472 1676 634 1714 adversa
665 1676 817 1714 fortuna
851 1674 1058 1718 subversis,
1091 1674 1199 1712 alteri
1228 1687 1294 1724 per
1318 1673 1452 1710 fauces
1476 1672 1689 1722 patefactas

235 1737 364 1783 infusi,
393 1737 577 1775 adversus
596 1736 698 1774 hanc
725 1737 857 1774 urbem
889 1735 1177 1786 procedebant:
1207 1734 1370 1785 majores
1398 1740 1528 1771 autem
1555 1733 1693 1778 nostri,

237 1797 370 1836 audita
396 1796 777 1835 Lacedaemoniorum
803 1796 928 1841 clade,
961 1795 1197 1846 trepidantes
1227 1796 1266 1832 in
1292 1795 1366 1832 ista
1396 1807 1522 1832 rerum
1552 1793 1693 1845 quibus

237 1859 335 1909 septi
354 1857 737 1908 deprehenderentur
764 1857 948 1908 procella,
969 1857 1062 1894 certi
1082 1869 1170 1894 cum
1187 1862 1318 1894 essent
1336 1855 1506 1893 futurum
1527 1855 1616 1901 hoc,
1635 1863 1693 1901 ut,

236 1921 316 1957 sive
343 1917 510 1970 pedestri
549 1917 684 1956 itinere
721 1918 894 1956 hostibus
927 1924 1146 1962 occurrant,
1177 1917 1213 1954 hi
1244 1916 1371 1954 classe
1403 1916 1506 1954 mille
1538 1916 1694 1954 navium

235 1980 376 2018 invecti
396 1979 526 2017 urbem
546 1978 635 2016 viris
655 1978 887 2016 denudatam
910 1985 1116 2028 occupent,
1138 1978 1217 2015 sive
1237 1976 1275 2013 in
1294 1989 1413 2015 naves
1439 1977 1512 2027 ipsi
1541 1976 1694 2014 inscen-

236 2042 345 2086 dant,
373 2041 464 2078 urbs
483 2039 726 2091 pedestribus
745 2040 913 2077 hostium
933 2039 1053 2089 copiis
1072 2038 1205 2090 praeda
1226 2039 1318 2080 fiat:
1350 2044 1534 2088 negatum
1565 2043 1695 2075 autem

236 2102 308 2141 sibi
339 2101 529 2147 videntes,
560 2101 698 2139 muniis
723 2101 911 2139 ambobus
937 2113 1014 2138 una
1039 2100 1162 2150 fungi,
1195 2100 1268 2137 hoc
1288 2106 1359 2146 est,
1388 2106 1426 2137 et
1456 2098 1605 2136 hostem
1626 2098 1694 2138 de-

236 2163 394 2202 fendere
415 2170 455 2200 et
482 2163 520 2199 in
543 2163 637 2200 urbe
670 2162 890 2212 praesidium
920 2161 1098 2200 idoneum
1129 2160 1369 2211 relinquere;
1404 2159 1602 2211 proposita
1625 2173 1692 2209 ge-

237 2224 342 2261 mina
365 2223 599 2268 conditione,
630 2223 809 2272 utrinque
841 2222 952 2267 dura,
983 2228 1023 2258 et
1052 2220 1175 2271 patrio
1203 2220 1287 2258 solo
1318 2219 1547 2266 excedendi,
1584 2227 1623 2257 et
1655 2220 1695 2256 in

238 2285 374 2323 castris
394 2284 563 2321 hostIum
584 2295 741 2334 operam
761 2283 929 2320 navandi
950 2283 1049 2332 jugo
1075 2282 1268 2319 servitutis
1290 2281 1455 2320 Graeciae
1483 2281 1695 2319 cervicibus

236 2344 493 2397 imponendo;
528 2343 649 2381 satius
679 2343 942 2381 existimantes
976 2355 1075 2388 esse,
1104 2355 1192 2380 cum
1221 2342 1360 2380 virtute
1392 2343 1567 2380 libertate
1598 2355 1694 2393 gau·

238 2407 343 2447 dere,
375 2404 528 2443 tametsi
552 2404 687 2455 jejuna
711 2410 751 2441 et
779 2403 909 2454 inope,
939 2415 1055 2453 quam
1085 2402 1304 2441 servitutem
1337 2403 1501 2440 tolerare
1528 2409 1692 2453 turpem,

236 2465 389 2506 tametsi
408 2464 650 2516 splendidam
667 2471 706 2502 et
723 2464 842 2515 copiis
861 2476 983 2502 rerum
1002 2462 1235 2509 affluentem,
1247 2463 1464 2502 maluerunt
1480 2463 1517 2501 in
1532 2462 1696 2501 Graeeiae

237 2527 401 2578 gratiam
426 2526 519 2563 urbe
545 2525 763 2563 exsulatum
791 2525 859 2571 ire,
878 2537 955 2575 quo
974 2531 1136 2576 possent
1156 2524 1274 2562 altera
1294 2538 1381 2562 cum
1401 2530 1508 2575 parte
1526 2524 1695 2561 hostium

237 2587 394 2627 seorsim
415 2585 610 2631 dimicare,
630 2598 726 2622 neve
745 2592 974 2635 cogerentur
994 2585 1179 2622 ambabus
1200 2597 1288 2622 cum
1307 2585 1479 2636 partibus
1499 2584 1610 2621 simul
1627 2584 1695 2623 de-

235 2657 407 2687 certare:
437 2646 564 2684 liberis
584 2646 714 2696 itaque
735 2653 851 2695 atque
872 2645 1054 2683 uxoribus
1074 2645 1333 2695 matribusque
1354 2645 1391 2682 in
1413 2644 1607 2682 Salamine
1627 2645 1694 2683 de-

236 2709 385 2759 positis,
408 2707 700 2758 congregabant
719 2706 947 2755 reliquorum
970 2719 1125 2756 quoque
1145 2705 1334 2743 sociorum
1363 2704 1520 2742 navales
1547 2706 1693 2755 copias.

240 2769 388 2806 Diebus
408 2781 485 2805 non
504 2767 634 2805 multis
652 2771 742 2817 post
760 2766 990 2803 adveniebat
1008 2765 1174 2803 hostium
1194 2778 1347 2815 quoque
1368 2772 1407 2802 et
1425 2765 1605 2815 pedester
1627 2778 1693 2803 ex—

239 2828 382 2866 ercitus
408 2835 447 2865 et
471 2828 631 2866 classis:
669 2827 706 2864 O
732 2833 876 2876 quanto
906 2832 987 2862 tum
1015 2832 1054 2863 et
1079 2837 1194 2874 quarn
1222 2824 1304 2863 diro
1335 2825 1553 2863 discrimine
1580 2837 1694 2875 super

240 2889 404 2927 Graeciae
436 2890 612 2927 libertate
647 2888 885 2926 decertatum
919 2890 999 2924 est!
1043 2898 1157 2935 quam
1192 2886 1416 2924 existimatis
1450 2894 1529 2922 tum
1568 2885 1688 2923 fuisse
