1822 3219
554 117 776 156 CONTRA
808 116 1206 155 NICOMACHUM.
1231 113 1233 115 '
1527 120 1601 156 347

158 219 388 268 pecuniariae
421 231 539 269 remp.
571 212 820 269 deprimunt(
860 212 1080 253 Atten‘dunt
1111 228 1212 254 nunc
1242 216 1461 267 exitumque
1490 218 1603 268 hujus

154 279 286 328 judicii
311 281 578 330 praestolantur
597 280 700 316 fures
718 278 870 328 peculio
891 285 1012 314 vestro
1032 277 1271 322 insidiantes,
1288 279 1425 327 quibus
1445 278 1604 316 effusam

157 339 348 376 licentiam
370 340 708 388 impunitatemque
729 338 867 374 dabitis
887 349 953 374 vos
973 336 1218 387 compilandi,
1234 338 1305 373 nisi
1328 338 1602 375 Nicomachum

158 399 402 448 puniveritis:
431 399 486 435 sin
517 405 642 434 autem
673 397 928 434 condemnato
955 404 1145 434 extremas
1171 409 1339 446 quasque
1364 412 1491 447 poenas
1512 400 1602 436 irro-

157 458 306 506 gabitis,
332 470 409 507 quo
439 451 589 494 calculo
623 457 902 493 Nicomachum
935 456 1252 501 condemnabitis,
1278 458 1410 494 eodem
1441 460 1605 509 reliquos

156 529 307 566 quoqne
335 517 532 566 corrigetis
561 516 833 565 melioremque
863 515 911 552 ad
943 517 1089 565 frugem
1122 517 1371 560 revocabitis;
1408 519 1605 570 edetisque

155 576 443 621 documentum,
465 576 567 613 unde
593 576 654 612 alii
681 576 832 613 discant
859 589 984 625 neque
1005 577 1182 626 expedire
1202 577 1271 614 sibi
1292 590 1416 627 neque
1436 578 1549 617 licere
1565 580 1602 617 in

156 649 224 673 vos
252 636 487 686 delinquere,
515 649 590 673 non
618 634 848 672 infacundos
873 636 1107 685 castigantes
1133 636 1199 673 sed
1225 637 1385 673 disertos
1407 644 1445 674 et
1465 638 1604 688 linguae

155 703 346 746 potentes.
404 696 544 746 Ecquis
560 696 646 745 ‘jam
675 708 774 731 unus
802 695 968 731 omnium
994 695 1134 732 civium
1163 697 1210 733 ad
1232 709 1361 746 poenas
1382 698 1488 735 vobis
1509 699 1604 735 dan-

157 757 246 793 dum
282 757 433 793 meritas
467 756 542 793 hoc
575 755 811 792 Nicomacho
838 762 897 792 est
922 756 1270 794 accommodatior?
1300 758 1385 806 quis
1413 758 1460 795 de
1486 759 1607 809 patria

156 816 280 853 minus
295 822 353 853 est
369 817 468 853 bene
481 815 665 852 meritus?
696 815 779 865 quis
796 828 877 852 earn
897 816 1037 866 saepius
1054 823 1166 866 atque
1184 818 1335 867 gravius
1352 817 1475 855 laesit?
1505 821 1604 868 quis,

155 883 305 913 creatus
331 889 351 912 a
372 876 476 914 vobis
500 876 597 926 juris
624 876 737 912 vestri
763 876 960 925 civilisque
990 883 1028 913 et
1054 879 1151 914 sacri
1178 877 1347 927 digestor
1376 885 1489 927 atque
1515 893 1606 916 con-

156 936 333 986 scriptor,
354 943 556 985 utrumque
577 936 668 972 illud
687 935 754 986 jus
776 935 829 972 ita
851 936 1017 985 corrupit
1045 944 1159 987 atque
1187 938 1473 975 Nicomachus?
1530 941 1605 978 Re-

154 996 378 1040 cordamini,
403 1009 516 1045 quam
545 996 666 1040 multi,
688 996 801 1033 vestri
828 997 890 1046 qui
919 998 1021 1034 cives
1050 998 1129 1034 nati
1158 1006 1300 1041 essent,
1321 1000 1369 1035 ob
1390 999 1605 1048 peculatum

156 1064 276 1093 morte
307 1057 383 1093 sint
411 1056 594 1093 mulctati.
650 1056 850 1093 Laeserunt
886 1056 924 1092 hi
959 1057 1111 1106 quidem
1143 1071 1210 1094 vos
1243 1059 1509 1108 proculdubio,
1539 1062 1605 1098 sed

153 1116 340 1153 hactenus
362 1117 602 1153 solummodo
626 1116 731 1166 quod
752 1117 978 1154 detrimento
997 1130 1064 1153 vos
1085 1117 1295 1155 affecerunt
1313 1120 1422 1169 quasi
1442 1133 1608 1159 momen-

154 1183 283 1222 taneo,
299 1176 346 1213 ad
363 1177 399 1213 id
417 1176 662 1213 solummodo
680 1177 795 1213 breve
814 1184 966 1226 tempus
987 1190 1066 1226 quo
1086 1191 1162 1214 rem
1182 1186 1341 1216 vestram
1365 1180 1604 1220 minuerunt:

154 1237 192 1273 hi
209 1243 349 1281 autern,
366 1236 625 1273 Nicomachus
644 1249 732 1273 cum
752 1237 1008 1281 consortibus,
1022 1238 1087 1287 qui
1107 1238 1212 1287 leges
1234 1246 1350 1289 atque
1369 1241 1605 1280 caerimonias

153 1304 300 1335 vestras
325 1296 543 1333 describere
567 1295 679 1345 jussi,
707 1307 772 1333 eas
804 1303 1005 1341 temerant,
1027 1296 1073 1333 ad
1097 1297 1135 1334 id
1160 1297 1379 1335 faciendum
1398 1299 1607 1350 largitioni-

154 1358 226 1394 bus
247 1356 377 1406 empti,
395 1369 512 1406 remp.
533 1356 569 1392 in
590 1368 702 1393 omne
722 1356 892 1392 futurum
913 1363 1062 1407 tempus
1083 1366 1245 1408 carpunt
1262 1366 1300 1396 et
1318 1359 1567 1399 labefactant.

208 1419 244 1453 7.
275 1416 409 1466 Ecqua
434 1415 590 1452 tandem
608 1428 674 1452 vos
694 1416 743 1454 de
762 1429 892 1461 causa,
919 1420 1074 1464 eccujus
1103 1430 1292 1456 memores
1319 1419 1469 1457 virtutis
1489 1422 1536 1458 ab
1556 1435 1603 1460 eo

155 1478 444 1520 demonstratae,
466 1475 743 1513 Nicomachum
765 1476 1001 1514 absolvatis?
1043 1477 1144 1515 Num
1165 1479 1268 1529 quod
1287 1480 1342 1516 vir
1361 1480 1468 1518 fortis
1487 1489 1603 1532 atque

155 1535 334 1577 strenuus
355 1539 403 1576 sit
417 1538 624 1588 multisque
645 1536 979 1588 proeliis‘terraque
1000 1540 1171 1589 marique
1187 1541 1428 1579 interfuerit?
1471 1543 1605 1594 Atqui,

154 1613 231 1650 quo
250 1596 419 1649 tempore
437 1611 504 1635 vos
518 1611 606 1635 cum
627 1599 844 1636 discrimine
864 1599 1030 1649 capitum
1045 1607 1255 1638 vestrorum
1276 1602 1312 1638 in
1330 1604 1494 1641 navibus
1513 1604 1602 1643 hinc

153 1660 344 1710 fugientes
360 1659 396 1695 in
415 1659 587 1696 exsilium
603 1659 730 1703 ibatis,
747 1659 809 1696 hic
820 1672 982 1696 manens
998 1660 1034 1696 in
1052 1662 1144 1698 urbe
1162 1661 1315 1700 Solonis
1328 1664 1432 1713 leges
1445 1665 1602 1703 vitiabat

155 1728 271 1771 atque
299 1720 556 1758 confodiebat.
611 1722 687 1765 An,
710 1720 813 1770 quod
842 1720 890 1756 de
916 1733 985 1757 suo
1014 1721 1170 1771 largiter
1195 1730 1306 1773 atque
1334 1725 1534 1774 magnifice
1562 1727 1601 1764 in

152 1796 222 1820 vos
255 1781 483 1833 impenderit
515 1781 732 1830 multasque
761 1781 1066 1819 contributiones
1098 1783 1328 1821 contulerit?
1375 1786 1493 1835 Atqui
1523 1781 1601 1825 rion

154 1842 270 1880 modo
289 1842 341 1878 nil
357 1841 532 1886 contulit,
549 1841 618 1878 sed
634 1847 768 1878 contra
780 1840 972 1891 peculium
995 1848 1165 1879 vestrum
1186 1843 1381 1894 expilavit.
1439 1845 1600 1884 Verum·

155 1910 281 1941 tamen
307 1903 356 1939 ob
388 1904 565 1949 majorem
598 1901 738 1938 famam
765 1909 803 1938 et
832 1900 1033 1938 virtutem?
1074 1902 1254 1940 Profecto
1275 1904 1355 1954 jam
1384 1918 1487 1956 saepe
1516 1906 1601 1956 qui·

153 1963 318 2000 busdam
344 1961 417 1999 hoc
447 1961 599 1998 nomine
631 1961 852 2011 ignovistis:
900 1961 1005 1999 hunc
1033 1969 1174 2007 autem,
1209 1964 1266 2001 sui
1300 1965 1455 2015 quidem
1485 1980 1603 2005 causa

154 2030 284 2061 morte*
302 2022 489 2066 mulctari,
510 2022 694 2071 majorum
725 2035 811 2059 vero
834 2023 904 2059 sub
931 2035 1074 2060 corona
1099 2023 1238 2061 vaenire
1263 2026 1475 2075 oportebat.
1533 2027 1601 2064 At-

153 2083 296 2130 tamen,
315 2085 345 2122 si
361 2097 463 2122 nunc
483 2083 517 2120 ei
537 2084 684 2121 veniam
702 2084 884 2121 dederitis
901 2091 1013 2134 atque
1033 2086 1291 2135 peperceritis,
1311 2088 1473 2137 gratiam
1493 2089 1600 2126 vobis

152 2148 400 2197 imposterum
434 2146 546 2182 rebus
569 2143 662 2194 ipsis
693 2144 831 2182 reddet
856 2145 1101 2194 animumque
1132 2159 1337 2185 memorem
1366 2148 1601 2186 declarabit?

156 2208 195 2244 Is
215 2206 291 2243 ne?
319 2206 383 2255 qui
413 2205 646 2254 nepriorum
675 2204 828 2254 quidem
857 2213 1163 2242 ornamentorum
1186 2220 1207 2243 a
1226 2207 1331 2244 vobis
1356 2208 1392 2244 in
1413 2221 1453 2245 se
1481 2208 1600 2246 colla-

154 2275 277 2304 torum
298 2265 494 2307 meminit;
526 2277 748 2314 quanquam
771 2278 792 2302 e
810 2278 919 2302 servo
941 2266 1034 2302 civis
1053 2267 1238 2303 beneficio
1253 2274 1380 2305 vestro
1404 2268 1542 2314 factus,
1562 2277 1601 2307 et

156 2340 177 2363 e
209 2325 387 2362 mendico
414 2325 533 2368 diveS,
562 2331 648 2361 ete
675 2325 1003 2362 commentariensi
1036 2325 1200 2362 secundi
1223 2327 1366 2363 ordinis
1390 2327 1598 2377 legislator.

156 2386 201 2423 Id
237 2385 341 2435 quod
373 2384 486 2420 etiam
507 2384 593 2433 jure
619 2384 752 2421 merito
778 2385 887 2421 vobis
920 2384 1008 2420 vitio
1040 2391 1222 2430 vertatur,
1252 2386 1315 2435 qui
1347 2387 1394 2424 ab
1426 2389 1600 2438 exemplo

155 2446 341 2496 majorum
367 2451 581 2481 vestrorum
607 2445 678 2481 hac
709 2445 747 2480 in
774 2457 813 2481 re
839 2444 1089 2481 desciveritis:
1119 2447 1282 2494 majores
1307 2446 1420 2482 vestri
1446 2447 1600 2485 delectu

156 2518 225 2543 suo
245 2505 316 2542 sibi
342 2504 579 2553 legislatores
598 2504 882 2541 constituebant
903 2504 1082 2541 Solonem
1103 2511 1142 2541 et
1159 2505 1452 2542 Themistoclem
1471 2514 1510 2544 et
1529 2508 1600 2546 Pe-

155 2565 306 2609 riclem,
324 2564 585 2601 existimantes
615 2563 800 2600 latoribus
829 2564 957 2613 legum
990 2564 1096 2613 leges
1125 2564 1225 2613 ipsas
1259 2564 1402 2602 similes
1429 2578 1514 2603 esse
1540 2568 1598 2604 fu-

156 2633 285 2667 turas3
317 2635 383 2660 vos
402 2630 529 2660 autem
556 2623 802 2659 Tisamenum
829 2623 1092 2661 Mechanionis
1110 2623 1228 2659 filium
1249 2630 1287 2660 et
1307 2624 1599 2673 Nicomachum,

155 2687 326 2734 aliosque
343 2685 387 2720 iis
405 2684 547 2721 similes
564 2684 735 2721 homines
752 2684 881 2721 nescio
899 2697 996 2734 quos
1011 2683 1245 2727 subscribas,
1259 2683 1346 2720 huic
1363 2684 1489 2735 legum
1505 2701 1597 2725 con-

154 2745 440 2785 scribendarum
469 2745 622 2794 negotio
655 2744 898 2794 praefecistis;
930 2753 968 2781 et
993 2743 1237 2792 magistratus
1265 2744 1419 2792 quidem
1450 2755 1596 2785 vestros

153 2808 202 2844 ab
222 2805 295 2842 illis
315 2803 565 2841 contaminari
585 2811 700 2853 atque
717 2806 906 2854 corrumpi
928 2802 1184 2852 suspicamini,
1203 2803 1272 2852 ipsi
1291 2816 1356 2841 vos
1376 2813 1502 2842 autem
1525 2808 1596 2845 illis

149 2867 279 2905 fiditis.
322 2864 436 2906 Quod
453 2864 726 2913 turpissimum,
740 2865 842 2914 quod
859 2877 946 2901 cum
963 2863 1083 2899 eidem
1101 2864 1338 2913 magistratui
1353 2866 1514 2903 eundem
1530 2861 1600 2918 pro
