1822 3219
767 599 1162 654 LYSIAE

623 743 919 792 CORAM
975 746 1303 794 SENATU

442 869 549 906 PRO
581 870 907 909 MANTITHEO
939 872 1173 910 EXAMEN
1203 871 1487 910 SUBEUNTE

800 970 1131 1012 APOLOGIA.

299 1148 332 1184 l.
360 1145 462 1185 N1s1
492 1160 660 1191 nossem,
686 1154 897 1191 senatores,
919 1147 1022 1185 omni
1051 1148 1167 1185 modo
1192 1153 1434 1186 accusatores
1455 1146 1691 1185 contendere

240 1208 333 1245 mihi
359 1208 501 1245 malum
530 1208 634 1253 dare,
662 1221 843 1258 magnam
880 1208 971 1259 ipsis
1002 1209 1163 1258 gratiam
1192 1209 1304 1259 hujus
1336 1208 1591 1246 accusationis
1620 1207 1689 1244 ha-

240 1268 392 1312 berem3
425 1269 663 1312 existimans,
686 1268 830 1319 injusta
854 1269 1018 1306 oneratis
1038 1269 1230 1306 calumnia
1251 1281 1483 1306 summorum
1504 1268 1691 1305 bonorum

240 1337 418 1367 auctores
440 1337 553 1380 atque
570 1329 835 1367 conciliatores
849 1343 931 1367 esse
948 1342 1026 1375 eos,
1042 1330 1072 1366 si
1093 1331 1157 1379 qui
1178 1330 1226 1366 ad
1246 1330 1515 1367 necessitatem
1532 1328 1693 1366 redden-

241 1391 302 1428 dae
322 1390 478 1428 rationis
507 1390 556 1427 de
588 1390 690 1427 omni
710 1391 894 1440 superiori
924 1397 1009 1428 acta
1038 1391 1114 1428 vita
1134 1390 1235 1440 ipsos
1261 1390 1431 1440 adigant.
1488 1390 1571 1439 Ego
1590 1388 1691 1426 enim

239 1446 294 1488 ita
313 1464 470 1488 securus
493 1463 576 1488 sum
592 1451 747 1501 fidoque
775 1451 853 1501 ipse
878 1459 1031 1494 memet,
1052 1459 1095 1488 ut
1114 1464 1278 1501 sperem,
1296 1451 1446 1488 etiamsi
1462 1451 1546 1500 quis
1566 1449 1693 1487 animo

242 1525 265 1549 a
284 1524 345 1549 me
371 1511 421 1548 sit
440 1511 634 1555 alieniore,
650 1524 737 1548 eum
765 1517 893 1548 tamen
912 1524 997 1549 esse
1021 1512 1121 1549 hanc
1141 1511 1445 1548 malevolentiam
1467 1509 1692 1548 secundiore

239 1571 418 1622 opinione
439 1577 689 1615 mutaturum,
702 1578 953 1621 posteaquam
976 1585 1022 1609 ex
1048 1571 1219 1609 oratione
1235 1584 1321 1608 mea
1341 1571 1388 1608 de
1407 1570 1691 1608 moribusmeis

240 1631 420 1681 omnique
439 1632 526 1668 vitae
556 1639 644 1668 ante
661 1638 758 1669 actae
779 1632 923 1669 ratione
945 1633 1081 1670 certior
1100 1632 1212 1670 fuerit
1237 1633 1377 1677 factus,
1399 1632 1602 1682 animoque
1621 1643 1692 1668 suo

240 1696 341 1733 hanc
367 1694 415 1732 de
442 1709 500 1732 me
527 1695 769 1732 inducturum
792 1708 877 1732 esse
899 1696 1116 1745 opinionem
1138 1703 1179 1732 ut
1207 1695 1328 1732 multo
1348 1709 1407 1732 me
1428 1696 1548 1732 virum
1570 1695 1693 1732 fortis-

243 1758 378 1794 simum
415 1763 530 1806 atque
554 1756 865 1794 honestissimum
900 1757 1146 1806 imposterum
1177 1756 1333 1793 habeat.
1398 1755 1550 1800 Videte,
1579 1766 1692 1792 sena-

243 1826 359 1863 tores,
380 1831 471 1854 num
503 1817 658 1867 sponsio
684 1816 838 1867 placeat
863 1829 974 1866 quam
996 1817 1103 1853 vobis
1131 1816 1275 1853 offero:
1316 1815 1437 1853 solum
1459 1815 1538 1852 hoc
1566 1815 1597 1852 si
1623 1814 1693 1852 do-

244 1893 372 1925 cuero,
392 1892 454 1916 me
486 1879 618 1915 formae
639 1878 730 1928 reip.
749 1891 836 1927 quae
864 1891 965 1914 nunc
996 1884 1056 1915 est
1072 1877 1284 1922 benevelle,
1303 1884 1340 1914 et
1364 1877 1399 1914 in
1428 1876 1695 1914 necessitatem.

244 1940 444 1978 devenisse
478 1939 613 1976 eadem
636 1938 834 1975 vobiscum
868 1938 1040 1988 pericula
1068 1938 1270 1982 subeundi,
1302 1937 1515 1974 existimate
1547 1949 1607 1973 me
1641 1936 1693 1973 nil

245 2001 452 2039 admodum
468 2012 649 2049 magnum
664 1999 881 2036 elaborasse
895 2014 904 2042 ;
934 1999 990 2036 sin
1007 2006 1131 2036 autem
1147 1999 1301 2049 planum
1317 1999 1458 2042 fecero,
1474 2011 1532 2035 me
1547 1997 1695 2034 caeteris

247 2074 400 2112 quoque
431 2061 469 2097 in
499 2061 612 2097 rebus
638 2060 853 2096 modestum
880 2059 1107 2109 civilemque
1134 2072 1194 2095 me
1225 2058 1404 2108 gessisse,
1431 2057 1626 2108 multoque
1657 2056 1696 2093 id

245 2123 369 2173 magis
391 2134 507 2172 quam
522 2120 690 2170 vulgaris
709 2121 781 2157 fert
802 2119 930 2170 opinio
948 2119 1262 2168 inimicorumque
1277 2118 1359 2155 vult
1378 2118 1599 2163 criminatio,
1614 2124 1696 2154 tum

247 2196 341 2232 rogo
367 2195 435 2219 vos
460 2188 503 2218 ut
525 2181 672 2229 judicio
700 2187 827 2217 vestro
850 2181 1103 2230 approbatum
1133 2193 1193 2216 me
1214 2179 1263 2215 ad
1284 2179 1491 2229 gerendum
1511 2178 1696 2215 honorem

248 2244 473 2286 admittatis,
493 2242 564 2279 hos
586 2248 714 2278 autem
740 2247 983 2278 accusatores
1014 2241 1086 2277 mei
1106 2240 1281 2276 homines
1308 2247 1438 2288 turpes
1459 2238 1695 2288 infamesque

246 2303 433 2340 habeatis.
490 2301 661 2338 Primum
692 2307 818 2337 autem
846 2301 921 2338 hoc
943 2301 1106 2345 docebo,
1134 2313 1193 2336 me
1217 2307 1372 2336 tenente
1396 2299 1697 2349 Trigintatyran·

246 2375 380 2400 norum
401 2361 602 2412 tyrannide
620 2373 746 2410 neque
764 2374 864 2410 equo
884 2361 1040 2411 publico
1056 2362 1235 2397 meruisse
1252 2373 1375 2410 neque
1395 2360 1432 2396 in
1454 2360 1546 2397 urbe
1566 2361 1697 2407 fuisse,

248 2434 370 2473 eoque
389 2421 534 2457 nullam
554 2420 590 2456 in
608 2427 752 2470 partem
775 2433 898 2457 rerum
922 2422 968 2457 ab
989 2421 1032 2457 iis
1050 2428 1129 2458 tum
1152 2428 1343 2471 gestarum
1367 2420 1527 2457 venisse.

302 2486 340 2520 2.
362 2482 477 2520 Pater
490 2481 587 2518 enim
605 2493 675 2517 nos
689 2480 857 2530 [frat1·es‚
870 2481 1008 2518 liberos
1024 2481 1132 2528 suos]
1146 2482 1224 2531 jam
1239 2489 1327 2518 ante
1339 2481 1486 2518 cladem
1499 2481 1536 2518 in
1553 2481 1701 2519 Helles-

249 2551 368 2596 ponto
384 2548 581 2592 acceptam
593 2542 630 2577 in
644 2541 810 2578 Pontum
822 2542 975 2578 miserat
990 2542 1036 2579 ad
1052 2543 1243 2592 Satyrum,
1254 2549 1384 2578 notum
1399 2541 1501 2577 illum
1518 2541 1630 2578 Ponti
1645 2555 1701 2579 re-

251 2605 399 2655 gulum,
413 2610 454 2639 ut
470 2602 520 2639 ibi
539 2613 788 2638 moraremur.
846 2604 933 2643 Quo
949 2603 1092 2638 factum
1106 2608 1162 2646 ut,
1180 2615 1303 2651 neque
1318 2614 1402 2638 cum
1421 2601 1558 2637 moenia
1571 2601 1697 2640 dirue-

249 2673 378 2704 rentur
391 2676 514 2714 neque
528 2676 614 2701 curn
630 2674 729 2699 nova
744 2663 835 2712 reip.
853 2663 974 2699 forma
993 2663 1215 2700 indueretur
1231 2663 1531 2712 gubernationiS,
1545 2663 1697 2701 interes-

251 2740 397 2768 semus;
421 2724 489 2762 sed
502 2723 683 2761 rediimus
697 2723 828 2773 quinto
845 2736 920 2759 non
938 2723 1047 2760 citius
1064 2723 1125 2760 die
1143 2731 1230 2760 ante
1242 2736 1355 2773 quam
1374 2723 1522 2761 exsules
1538 2736 1558 2761 e
1576 2724 1699 2775 Phyla

253 2789 290 2825 in
314 2786 501 2822 Piraeeum
527 2784 731 2821 redeuntes
758 2782 1007 2833 appellerent.
1059 2783 1146 2820 Jam
1168 2784 1346 2821 credibile
1374 2797 1449 2820 non
1475 2792 1533 2821 est
1559 2797 1638 2829 nos,
1659 2787 1698 2822 in

254 2846 455 2884 articulum
470 2844 650 2895 temporis
666 2850 742 2881 tam
760 2844 955 2881 turbidum
973 2851 1084 2893 atque
1104 2851 1181 2880 tam
1198 2845 1451 2894 suspiciosum
1467 2846 1698 2896 compulsos,

255 2905 462 2956 cupiditate
484 2905 601 2942 fnisse
621 2911 789 2943 tentatos
813 2903 992 2955 periculis
1019 2917 1088 2941 nos
1117 2904 1353 2942 immiscendi
1379 2905 1426 2942 ad
1448 2917 1516 2942 nos
1541 2906 1592 2942 nil
1615 2918 1700 2955 per-
