1822 3219
235 179 307 216 138
670 188 673 193 ·
801 178 1105 218 ANDOCIDIS

230 280 346 319 etiam
376 280 485 319 minis
505 281 704 327 territaret,
723 282 827 332 quod
855 295 951 333 opus
975 281 1154 320 affectum
1184 279 1449 319 destituisset:
1480 280 1530 318 ibi
1549 281 1684 332 pictori

229 341 320 379 nihil
342 342 535 393 proderat,
555 344 660 393 quod
681 343 772 381 civis
794 344 922 382 liberae
949 343 1124 386 civitatis,
1144 341 1247 393 quod
1269 342 1436 392 ingenuo
1463 340 1550 379 loco
1570 350 1682 380 natus

229 410 335 442 esset
351 417 360 441 :
390 403 441 442 nil
456 404 526 442 sibi
540 405 661 455 pictor
676 405 874 442 metuebat
889 404 1026 448 minus,
1039 417 1153 454 quam
1170 405 1199 442 si
1217 416 1349 441 servus
1364 403 1520 454 perinde
1535 403 1683 448 fuisset,

229 471 348 516 atque
367 466 431 516 qui
458 467 700 504 confessione
721 466 891 504 omnium
911 466 1009 504 servi
1040 472 1142 504 sunt.
1200 465 1315 508 Quod
1337 477 1426 502 cum
1446 465 1592 502 factum
1611 477 1684 516 ego

230 540 382 567 mecum
410 537 560 580 reputo,
590 529 787 568 continere
807 543 866 567 me
896 542 971 567 non
991 535 1267 581 possum,'quo
1296 529 1423 567 minus
1453 528 1630 578 indigner
1647 536 1687 566 et

229 590 478 641 ingemiscam
515 591 605 629 sorti
641 598 791 637 vestrae,
817 591 942 629 cives:
971 604 1020 628 ne
1050 590 1151 629 fures
1180 591 1334 642 quidem
1370 597 1487 641 atque
1519 589 1686 627 latrones

231 651 466 702 sicariosque
486 653 591 690 vobis
612 652 704 691 satis
726 660 850 690 tutum
874 659 934 690 est
960 653 998 690 in
1018 665 1210 691 carcerem
1231 653 1437 697 abducere,
1457 651 1546 701 quia
1567 651 1687 689 actori

231 726 279 751 ex
308 714 420 752 titulo
453 715 679 762 α’παγωγῆς,
713 727 781 752 seu
817 714 1076 759 abductionis,
1111 714 1254 752 mulcta
1285 713 1386 751 mille
1417 712 1686 751 drachmarum

230 776 375 815 luenda
392 777 428 814 in
449 778 536 827 lege
557 777 777 828 praescripta
796 783 868 821 est,
886 776 958 814 nisi
974 784 1121 827 partem
1143 777 1339 813 minimum
1358 776 1532 826 quintam
1551 774 1687 812 suffra—

232 838 381 888 giorum
414 838 646 876 obtinuerit:
687 827 906 875 Alcibiades
940 845 1081 881 autem,
1113 850 1199 874 cum
1229 836 1352 874 civem
1383 843 1550 873 vestrum
1585 835 1686 872 domi

231 912 326 946 suae,
345 900 449 939 velut
476 900 514 939 in
543 912 695 938 carcere
718 899 900 950 quodam,
929 906 1007 936 tam
1035 898 1100 936 diu
1126 898 1332 936 coercitum
1359 896 1547 934 tenuisset
1571 904 1687 946 atque

231 962 390 1013 pingere
420 962 626 1013 coegisset,
656 975 733 999 non
754 969 903 1000 tantum
934 961 1087 1012 impune
1107 960 1145 998 id
1175 959 1344 1005 abstulit,
1376 959 1445 997 sed
1474 959 1590 998 etiam
1614 958 1688 996 hoc

234 1023 383 1074 sibique
402 1024 562 1074 aliisque
582 1024 733 1062 videtur
761 1023 1022 1074 majestuosior
1042 1029 1158 1073 atque
1187 1021 1461 1059 formidabilior
1479 1034 1578 1059 esse.
1637 1020 1689 1057 Et

234 1085 390 1136 reliquis
412 1085 569 1136 quidem
589 1085 817 1129 civitatibus,
837 1083 1066 1134 quibuscum
1083 1091 1196 1134 pacta
1211 1084 1360 1133 dejure
1376 1082 1690 1120 commerciorum

235 1153 367 1184 mutuo
387 1147 540 1192 inimus,
568 1147 606 1184 in
626 1146 759 1194 literis,
779 1146 918 1196 quibus
938 1145 1051 1197 hujus
1076 1145 1174 1193 juris
1196 1144 1325 1196 capita
1352 1143 1561 1195 perscripta
1589 1150 1690 1187 sunt,

235 1209 440 1261 recipimus
472 1210 569 1248 inter
601 1208 674 1247 alia
694 1215 807 1259 atque
836 1221 1031 1254 cavemus,
1050 1208 1242 1246 hominem
1272 1208 1480 1258 ingenuum
1509 1218 1634 1256 neque
1652 1205 1691 1242 in

236 1273 453 1310 custodiam
473 1285 595 1321 neque
616 1272 653 1308 in
673 1271 828 1308 vincula
848 1270 1016 1308 dandum
1036 1283 1147 1313 esse;
1177 1282 1291 1320 quam
1312 1268 1434 1319 legem
1456 1266 1521 1317 qui
1542 1266 1692 1317 migret,

235 1334 270 1372 ei
288 1335 426 1386 ingens
454 1334 599 1372 mulcta
617 1333 866 1385 proponitur:
896 1334 943 1371 ab
974 1332 1047 1369 hoc
1075 1339 1202 1369 autem
1225 1329 1439 1374 Alcibiade,
1466 1341 1690 1379 quanquam

236 1397 312 1435 ista
330 1397 506 1448 patravit,
527 1409 637 1434 nemo
666 1408 834 1445 unquam
856 1407 1008 1445 poenam
1040 1406 1165 1444 neque
1185 1392 1358 1444 privatim
1391 1404 1516 1442 neque
1538 1389 1691 1441 publice

239 1459 403 1510 repetiit.
459 1459 543 1508 Ego
562 1470 651 1495 vero
680 1457 845 1495 salutem
866 1456 1035 1494 omnium
1061 1456 1135 1492 hoc
1155 1467 1232 1491 uno
1253 1460 1410 1491 autumo
1430 1451 1630 1495 contineri,
1650 1457 1693 1488 ut

237 1532 372 1558 omnes
393 1519 680 1570 magistratibus
695 1525 811 1569 atque
833 1518 984 1568 legibus
1003 1523 1185 1568 pareant:
1214 1528 1302 1566 quae
1315 1526 1540 1566 aspernans,
1557 1511 1692 1550 firmis-

237 1580 374 1619 simum
395 1580 559 1620 destruit
576 1580 738 1619 civitatis
758 1578 992 1631 praesidium.
1047 1578 1238 1615 Acerbum
1261 1589 1411 1627 semper
1431 1583 1469 1614 et
1492 1574 1693 1624 indignum

238 1650 299 1681 est
318 1642 462 1681 malum
483 1642 669 1694 accipere,
689 1641 836 1680 etiamsi
858 1641 905 1679 ab
925 1640 968 1677 iis
989 1639 1198 1691 accipiatur
1213 1638 1279 1689 qui
1292 1638 1381 1689 jura
1409 1637 1547 1688 cuique
1566 1635 1696 1674 debita

238 1705 435 1743 nesciant:
467 1705 589 1742 multo
608 1711 736 1742 autem
756 1703 794 1741 id
816 1709 876 1740 est
902 1702 1087 1747 acerbius,
1108 1702 1138 1738 si
1157 1701 1245 1751 quis
1274 1700 1399 1737 sciens
1418 1699 1629 1748 volensque
1649 1708 1696 1734 ea

237 1765 355 1804 violet
366 1779 454 1816 quae
469 1778 620 1804 summa
633 1765 772 1815 cuique
788 1774 876 1802 sunt
889 1772 1006 1814 atque
1021 1762 1217 1801 carissima
1231 1774 1240 1805 3
1264 1760 1449 1809 ejusmodi
1465 1761 1562 1798 enim
1578 1759 1694 1796 homo

239 1826 367 1878 palam
387 1826 497 1877 quasi
512 1829 634 1874 jactat
653 1834 692 1864 et
711 1826 829 1864 veluti
849 1825 1043 1877 praeconio
1060 1838 1129 1863 suo
1150 1823 1352 1862 denuntiat
1367 1822 1542 1860 omnibus
1560 1834 1699 1872 quem-

241 1887 449 1926 admodum
468 1887 529 1925 hic
549 1887 769 1924 Alcibiades
788 1900 940 1937 quoque
961 1887 1066 1932 fecit,
1087 1899 1242 1936 aequum
1263 1898 1306 1923 se
1326 1891 1443 1934 atque
1461 1885 1695 1923 conveniens

241 1950 469 1995 existimare,
487 1961 565 1987 non
585 1956 630 1986 ut
647 1949 725 2000 ipse
743 1948 876 1999 patriae
890 1947 1040 1998 legibus
1057 1946 1308 1992 obsecundet,
1325 1946 1394 1984 sed
1409 1952 1451 1983 ut
1464 1959 1532 1984 vos
1547 1945 1696 1984 libidini

242 2024 323 2050 suae
340 2010 527 2050 serviatis.

297 2075 335 2111 8.
363 2073 506 2111 Verum
533 2072 668 2110 nonin
699 2072 842 2122 pictore
869 2070 1038 2108 substitit
1058 2069 1268 2108 Alcibiadis
1297 2069 1482 2108 audacia:
1513 2069 1700 2120 processit

242 2134 420 2173 ulterius.
467 2134 626 2172 Taureae
638 2147 782 2179 casum,
797 2134 880 2180 viri,
895 2133 1119 2184 recogitate,
1135 2134 1200 2184 qui
1215 2134 1487 2184 antichoregus
1505 2133 1698 2171 Alcibiadi

243 2192 329 2235 fuit.
387 2196 469 2235 Lex
498 2205 556 2236 est
586 2197 687 2234 hanc
717 2197 755 2234 in
786 2195 986 2234 formulam
1020 2196 1187 2246 scripta:
1229 2196 1421 2239 Quoniam
1450 2195 1555 2232 haud
1585 2195 1698 2234 liceat

245 2258 534 2309 peregrinorum
555 2258 779 2296 saltatorum
801 2258 967 2308 aliquem
986 2270 1100 2308 quem
1120 2257 1231 2301 velis,
1264 2264 1351 2294 actu
1366 2257 1447 2308 jam
1479 2257 1700 2304 saltantem,

245 2331 293 2357 ex
308 2319 506 2357 orchestra
519 2318 722 2365 deducere,
737 2318 824 2356 ideo
841 2320 898 2356 fas
919 2332 1015 2361 esse,
1037 2331 1152 2369 quem
1171 2318 1411 2369 peregrinum
1429 2318 1560 2356 videas
1576 2318 1614 2356 id
1634 2331 1700 2357 co-

244 2387 399 2419 nantem
420 2388 538 2431 atque
566 2388 779 2431 parantem,
799 2387 852 2426 ut,
873 2381 1047 2430 quamvis
1066 2380 1226 2417 vetitum
1247 2380 1308 2424 sit,
1334 2387 1462 2418 tamen
1490 2380 1527 2417 in
1548 2380 1702 2430 publico

245 2442 374 2487 saltet,
396 2455 483 2480 eum
502 2442 700 2493 impedire.
758 2441 872 2480 Hanc
900 2442 938 2479 in
959 2442 1081 2492 legem
1104 2450 1181 2478 tam
1199 2440 1404 2478 enormiter
1422 2440 1579 2491 impegit
1598 2441 1702 2479 Alci-

245 2503 393 2550 biades,
414 2511 456 2542 ut
473 2504 674 2548 Tauream,
695 2505 956 2554 spectantibus
976 2504 1083 2541 vobis
1105 2511 1145 2541 et
1164 2503 1317 2553 reliquis
1337 2502 1485 2540 Graecis
1505 2504 1570 2552 qui
1589 2503 1700 2540 ludos

248 2572 466 2617 spectatum
480 2572 520 2602 et
534 2564 844 2603 concelebratum
856 2572 1129 2608 convenerant,
1147 2564 1199 2602 nil
1212 2564 1395 2602 reveritus
1409 2563 1700 2613 magistratuum

247 2628 500 2679 majestatem,
522 2626 696 2677 quamvis
715 2639 848 2664 omnes
869 2634 949 2664 tum
972 2626 1009 2664 in
1031 2627 1124 2664 urbe
1145 2626 1328 2663 adessent
1345 2626 1569 2675 [eorumque
1589 2637 1702 2676 opem

249 2689 452 2740 implorare
472 2686 692 2726 Alcibiades
721 2687 919 2737 potuisset,
951 2694 1065 2738 atque
1097 2686 1305 2729 debuisset,
1336 2685 1366 2723 si
1392 2685 1484 2735 quid
1515 2698 1536 2722 a
1556 2685 1705 2723 Taurea

250 2749 368 2790 laesus
397 2750 468 2788 sibi
487 2748 708 2797 videretur]‚
728 2761 748 2786 e
776 2761 892 2786 scena
910 2748 1130 2786 verberibus
1157 2747 1341 2797 exegerit,
1369 2747 1523 2785 tametsi
1552 2754 1704 2798 specta—

250 2819 354 2851 tores
384 2813 542 2850 Taureae
571 2810 777 2849 studerent'
789 2817 828 2848 et
847 2809 1086 2848 Alcibiadem
1106 2809 1290 2853 odissent,
1310 2816 1349 2846 et
1368 2808 1525 2846 chorum
1544 2809 1704 2846 Taureae

249 2873 404 2924 quidem
426 2873 641 2918 laudarent,
663 2872 873 2910 Alcibiadis
893 2878 1021 2910 autem
1041 2884 1088 2909 ne
1108 2878 1279 2921 spectare
1298 2870 1451 2921 quidem
1471 2870 1636 2908 vellent:
1665 2876 1704 2906 et

251 2936 421 2975 Taureas
459 2942 601 2979 tamen,
634 2947 853 2985 quanquam
892 2933 965 2971 hac
997 2933 1138 2983 insigni
1175 2932 1287 2970 laesus
1323 2932 1474 2982 injuria,
1507 2931 1601 2968 nihil
1627 2930 1704 2968 ista
