1822 3219
243 183 313 219 134
807 180 1106 220 ANDOClDlS

235 287 391 325 daturos
424 300 551 337 neque
580 294 750 326 extremo
782 290 969 341 supplicio
1002 303 1119 328 causa
1153 301 1228 327 non
1266 289 1398 327 audita
1431 291 1673 336 addicturus:

233 349 450 401 hujusmodi
485 357 612 387 autem
634 363 831 388 causarum
859 365 904 389 ea
933 358 991 389 est
1020 351 1214 399 iniquitas,
1242 357 1296 396 ut,
1326 364 1449 403 neque
1470 353 1530 392 die
1550 367 1676 407 neque

232 409 456 448 defensione
476 411 578 449 dicta
598 425 721 459 neque
754 412 903 449 tabellis
933 413 1031 450 clam
1054 412 1197 458 diditis,
1225 413 1364 451 misero
1393 416 1677 454 exterminando

232 485 300 523 per
325 480 401 510 tam
435 473 685 524 longinquum
714 481 863 525 tempus
885 475 1005 525 patria
1025 475 1230 513 carendum
1253 476 1315 513 sit.
1374 475 1471 513 Fieri
1491 477 1590 515 enlm
1610 492 1678 530 per

232 547 317 573 eam
348 542 486 586 potest,
515 542 556 573 ut
587 536 881 573 nocentissimus
909 537 1068 587 quisque
1099 537 1199 575 malo
1225 537 1392 575 intactus
1414 538 1538 583 abeat,
1572 539 1679 578 inno-

231 597 472 635 centissimus
493 597 742 648 percellatur;
764 611 850 636 nam
867 599 932 649 qui
954 598 1139 636 sodalium
1160 606 1198 637 et
1216 600 1503 650 conjuratorum
1520 614 1679 640 numero

230 659 454 710 praevalent,
483 658 520 696 hi
548 659 703 696 vincunt
731 667 769 697 et
795 660 1020 698 secundiore
1053 673 1138 698 cum
1170 661 1322 699 fortuna
1351 661 1579 701 discedunt:
1601 676 1678 702 non

231 721 332 759 enim
362 720 482 758 sortiti
505 720 908 773 judicesdisceptant
935 722 1007 760 hoc
1037 735 1238 760 causarum
1272 735 1408 773 genuS,
1444 730 1486 762 ut
1514 724 1680 775 reliquas

229 785 367 829 solent,
386 798 516 823 verum
538 785 736 822 universus
757 785 921 837 populus
943 786 1004 823 hic
1027 786 1243 823 intervenit.
1301 787 1495 824 Praeterea
1515 787 1575 825 lex
1590 787 1681 825 mihi

229 845 303 884 alia
321 859 366 883 ex
394 853 498 897 parte
516 845 696 891 deficere,
727 859 773 883 ex
799 846 873 884 alia
893 846 1049 884 modum
1071 846 1256 884 excedere
1277 847 1450 891 videtur:
1473 857 1538 886 aut
1558 849 1680 887 minor

229 915 287 946 est
300 907 420 959 justo,
441 916 506 946 aut
527 908 646 959 major
665 916 749 946 est:
770 909 1001 958 privatorum
1021 908 1119 945 enim
1141 908 1368 946 delictorum
1389 909 1472 947 haec
1507 911 1537 948 si
1567 924 1682 962 poena

229 970 344 1008 debet
362 983 462 1016 esse,
475 970 581 1021 justo
602 977 658 1008 est
677 971 840 1008 atrocior
853 986 862 1015 3
877 970 933 1007 sin
951 977 1078 1008 autem
1099 970 1299 1008 criminum
1319 983 1432 1022 pcena
1447 980 1505 1010 est
1521 972 1569 1010 ad
1586 985 1679 1011 cun-

229 1039 329 1070 ctam
353 1044 472 1082 remp.
494 1031 778 1082 pertinentium,
799 1039 879 1069 tum
897 1045 971 1082 ego
990 1045 1071 1070 eam
1094 1032 1278 1070 minutam
1298 1040 1412 1083 atque
1433 1042 1681 1074 contemnen-

230 1093 318 1131 dam
340 1093 500 1130 arbitror
522 1105 629 1130 esse:
660 1100 836 1143 poterant
856 1093 955 1130 enim
981 1093 1064 1131 haec
1091 1094 1168 1132 sive
1191 1095 1333 1132 mulcta
1351 1097 1583 1146 pecuniaria,
1601 1099 1681 1137 sive

229 1167 395 1199 carcere,
420 1153 497 1192 sive
525 1161 695 1192 extremo
715 1154 902 1205 supplicio
923 1155 1128 1206 castigari;
1153 1169 1240 1206 quae
1261 1158 1532 1207 castigationes
1561 1159 1680 1198 multo

230 1224 334 1263 sunt,
353 1230 466 1268 quam
486 1217 746 1262 ostracismus‚
768 1217 996 1255 acerbiores.
1045 1218 1172 1263 Adde,
1189 1217 1304 1269 quod,
1327 1219 1391 1270 qui
1412 1220 1571 1272 migrare
1591 1221 1680 1260 hinc

231 1278 304 1316 alio
324 1286 527 1330 propterea
541 1279 712 1330 jubetur,
733 1278 835 1330 quod
857 1279 978 1316 malus
998 1279 1088 1317 civis
1109 1288 1179 1326 est,
1193 1281 1221 1318 is
1243 1281 1314 1319 hac
1335 1295 1447 1332 poena
1462 1296 1537 1321 non
1551 1296 1682 1322 emen·

231 1341 369 1379 datur:
401 1354 556 1392 quoquo
577 1341 675 1379 enim
709 1355 748 1379 se
774 1341 991 1385 contulerit,
1012 1354 1088 1378 non
1110 1341 1261 1379 desinet
1281 1343 1330 1379 ibi
1351 1343 1470 1381 malus
1491 1357 1591 1393 esse,
1613 1345 1681 1383 sed

227 1411 444 1455 corrumpet
464 1404 577 1441 etiam
609 1403 712 1440 illam
745 1403 934 1441 civitatem
955 1403 992 1440 in
1013 1416 1127 1453 quam
1149 1416 1188 1441 se
1210 1404 1437 1454 ingesserit;
1466 1412 1504 1442 et
1524 1418 1599 1442 non
1620 1418 1681 1443 so·-

228 1465 426 1504 lummodo
463 1466 596 1516 patriae
627 1477 703 1502 non
736 1465 859 1501 minus
895 1463 1134 1502 insidiabitur
1166 1465 1424 1515 postmodum,
1449 1472 1560 1516 atque
1592 1473 1681 1504 ante

228 1527 319 1565 fecit
337 1540 451 1578 quam
473 1527 739 1577 expelleretur,
760 1525 825 1563 sed
845 1525 904 1563 vel
925 1525 1046 1576 magis
1075 1525 1187 1563 etiam
1209 1532 1324 1576 atque
1344 1526 1454 1564 titulo
1478 1526 1574 1577 juris
1594 1539 1680 1578 spe-

227 1590 402 1628 ciosiore.
450 1590 516 1626 Sin
537 1596 661 1627 autem
680 1588 797 1626 virum
817 1589 958 1625 bonum
980 1588 1204 1633 extrudaris,
1220 1601 1266 1626 ea
1285 1588 1345 1625 die
1366 1601 1442 1640 qua
1461 1588 1498 1626 id
1520 1589 1682 1635 faciatis,

227 1651 370 1689 amicos
388 1650 540 1702 quidem
561 1658 708 1688 vestros
729 1649 987 1687 incredibilem
1009 1649 1135 1686 animo
1157 1649 1344 1687 tristitiam
1380 1656 1494 1700 atque
1525 1651 1678 1701 aegritu-

229 1713 356 1751 dinem
388 1726 473 1750 esse
503 1719 756 1763 concepturos
789 1718 960 1755 autumo,
992 1711 1160 1748 inimicos
1185 1717 1310 1748 autem
1332 1711 1518 1756 laetitiam,
1540 1711 1678 1750 intelli-

229 1781 378 1825 gentes,
394 1774 424 1811 si
441 1787 506 1825 per
524 1772 817 1824 imprudentiam
834 1780 948 1822 atque
968 1771 1155 1809 inscitiam
1169 1779 1332 1810 vestram
1354 1772 1554 1823 contingat
1573 1780 1615 1811 ut
1633 1786 1680 1812 ex

227 1838 422 1888 ejiciendis
449 1838 631 1889 optimum
665 1836 837 1888 ejiciatis,
869 1835 1036 1873 futurum
1066 1848 1164 1880 esse,
1193 1842 1235 1872 ut
1263 1848 1361 1886 resp.
1388 1835 1435 1873 ab
1467 1835 1579 1887 hujus
1611 1835 1679 1874 viri

227 1901 363 1938 virtute
378 1906 459 1938 toto
476 1899 661 1937 decennio
676 1898 820 1936 nullum
836 1898 999 1935 fructum
1016 1896 1210 1948 percipiat.
1255 1897 1396 1934 Verum
1418 1896 1507 1935 hinc
1526 1910 1679 1949 quoque

228 1961 338 2000 facile
359 1962 408 1999 sit
426 1975 580 2000 cernere
602 1961 728 2011 legem
756 1960 856 1997 hanc
888 1959 1126 1997 testulariam
1162 1958 1301 1996 malam
1333 1966 1370 1996 et
1403 1959 1553 1996 noxiam
1581 1972 1677 2003 esse,

224 2023 330 2075 quod
349 2023 570 2061 Graecarum
605 2023 773 2060 omnium
804 2022 999 2059 civitatum
1030 2020 1136 2058 nulla
1169 2020 1242 2058 hae
1271 2020 1358 2071 lege
1378 2020 1428 2058 ad
1459 2020 1675 2073 exemplum

226 2092 397 2123 nostrum
419 2084 471 2122 uti
491 2083 664 2122 voluerit.
722 2084 842 2134 Atqui
862 2083 1055 2122 hominum
1075 2083 1243 2120 omnium
1265 2095 1458 2120 consensu
1487 2096 1532 2120 ea
1563 2083 1677 2121 scito-

226 2160 309 2185 rum
330 2146 521 2185 habentur
540 2145 831 2197 proeclarissima
848 2152 963 2196 atque
978 2144 1238 2188 saluberrima,
1251 2157 1336 2194 quae
1350 2144 1505 2194 plebeiis
1521 2144 1678 2194 perinde

227 2217 339 2262 atque
359 2209 606 2261 optimatibus
627 2208 871 2253 conveniant,
892 2215 929 2245 et
948 2207 986 2244 in
1008 2219 1168 2256 quorum
1189 2205 1422 2257 appetitione
1440 2217 1552 2256 quarn
1566 2205 1679 2256 pluri-

225 2284 374 2309 morum
394 2277 514 2308 certet
533 2269 738 2306 aemulatio.

279 2334 315 2370 3.
344 2331 682 2369 verumenimvero
714 2329 887 2381 pluribus
915 2342 973 2368 me
992 2329 1066 2367 hac
1087 2329 1136 2366 de
1155 2341 1193 2366 re
1211 2328 1420 2379 disputare,
1442 2327 1542 2365 haud
1565 2327 1675 2366 video

224 2393 316 2444 quid
343 2393 392 2431 ad
413 2405 492 2431 rem
516 2391 697 2434 attineat;
729 2390 821 2428 nihil
843 2391 942 2428 enirn
964 2391 1135 2441 profecto
1167 2390 1216 2428 ad
1249 2403 1328 2427 rem
1363 2390 1678 2441 praesentem'aut

227 2454 515 2508 gubernandam
546 2462 612 2491 aut
641 2452 865 2491 mutandam
896 2451 1100 2490 multitudo
1120 2453 1318 2490 verborum
1346 2464 1459 2502 super
1487 2451 1560 2488 boc
1579 2451 1676 2488 'loco

226 2516 449 2568 profecerit:
479 2528 596 2565 quare
616 2528 733 2551 unum
756 2514 828 2552 hoc
848 2527 917 2552 vos
938 2527 1045 2565 rogo,
1065 2520 1109 2551 ut
1127 2514 1375 2551 dicendorum
1395 2513 1493 2563 aequi
1513 2520 1553 2551 et
1572 2525 1676 2550 com-

225 2591 360 2616 munes
389 2577 513 2615 velitis
546 2576 673 2614 arbitri
704 2588 801 2617 esse,
823 2583 873 2619 et,
894 2584 935 2613 ut
969 2575 1198 2626 reliquarum
1227 2575 1320 2613 estis
1353 2574 1518 2612 omnium
1553 2587 1675 2612 rerum

224 2641 397 2691 magistri
430 2647 545 2691 atque
572 2639 860 2689 gubernatores,
891 2638 944 2675 ita
976 2637 1090 2688 hujus
1123 2649 1274 2687 quoque
1310 2636 1405 2679 sitis,
1429 2634 1503 2672 hoc
1536 2642 1608 2679 est,
1633 2642 1675 2673 ut

225 2715 349 2754 neque
373 2701 625 2740 convitiorum
653 2699 928 2749 importunitati
949 2711 1074 2749 neque
1095 2698 1357 2735 adulationum
1378 2696 1676 2748 intemperantiae

224 2764 352 2802 locum
379 2762 612 2807 concedatis,
645 2762 710 2800 sed
742 2760 913 2798 modeste
945 2760 1099 2810 quidem
1135 2767 1248 2809 atque
1280 2759 1490 2809 composite
1522 2771 1675 2796 causam

225 2825 364 2863 dicenti
385 2824 534 2875 patulas
555 2835 666 2862 aures
688 2829 911 2872 mentesque
932 2821 1133 2872 praebeatis
1153 2820 1350 2871 propitias,
1371 2820 1527 2858 infestas
1549 2827 1674 2858 autem

226 2886 455 2936 clausasque
486 2885 668 2923 insolenti
686 2891 799 2935 atque
819 2883 1003 2921 clamoso.
1060 2883 1147 2924 Quo
1166 2883 1265 2919 enim
1285 2882 1508 2933 diligentius
1529 2881 1578 2920 de
1598 2894 1674 2919 uno

223 2961 375 3000 quoque
395 2947 482 2985 loco
503 2955 619 2997 atque
640 2946 801 2985 articulo
817 2958 940 2983 rerum
955 2945 991 2982 in
1011 2944 1136 2982 medio
1152 2943 1427 2994 propositarum
1442 2942 1674 2988 audiveritis,
