1822 3219
224 145 277 180 44
767 141 1139 180 ANTIPHONTIS

226 245 344 287 dicto,
364 249 491 281 tamen
526 255 588 281 me
620 243 816 282 homicidii
837 257 1028 282 accusas:
1066 248 1255 281 accusant
1285 240 1426 291 pariter
1460 245 1578 280 testea
1608 239 1680 285 tui,

224 303 329 341 nulla
351 303 486 354 magis,
507 317 622 355 quam
643 312 700 349 tu,
714 305 924 356 juramenti
946 305 1131 355 religione
1157 301 1343 346 obstricti,
1362 313 1584 352 quanquam
1609 313 1679 340 eon

224 364 428 414 oportebat
447 364 552 403 dicta
577 365 714 403 eadem
740 365 992 416 jurisjurandi
1027 363 1204 409 formula,
1223 369 1401 400 tenentes
1435 361 1474 398 in
1503 361 1679 400 manibus

224 431 327 470 exta,
352 425 408 463 sic
438 426 620 464 adversus
642 439 702 463 me
723 426 869 464 testari.
926 425 982 463 Et
1007 425 1254 463 nihilominus
1287 431 1416 460 tamen
1444 421 1609 472 flagitas,
1636 427 1680 459 ut

219 484 384 535 judiceS,
399 487 561 524 testibus
581 486 695 524 fidem
729 494 871 524 temere
901 486 1088 523 habentes
1122 497 1198 522 non
1223 484 1377 535 juratis,
1398 495 1458 520 me
1485 480 1678 520 homicidii

223 545 509 590 condemnent;
555 546 709 585 tametsi
747 552 830 585 tute
866 546 948 597 ipse
979 547 1055 584 tuis
1094 546 1258 583 testibus
1299 556 1451 582 omnem
1488 542 1602 580 fidem
1630 553 1680 579 eo

225 604 436 656 derogaris,
465 607 570 657 quod
604 620 628 644 a
654 607 804 657 legibus
844 607 882 644 in
920 607 994 645 hac
1034 606 1233 657 republica
1267 605 1418 643 usitatis
1455 601 1679 647 discessisti,

222 672 341 714 atque
378 673 510 705 auctor
547 668 641 718 ipsis
681 668 808 705 factus
838 680 894 713 es,
921 675 1030 705 tuum
1056 667 1156 718 juris
1187 667 1306 705 civilis
1335 672 1600 716 contemptum
1629 663 1679 702 ab

224 737 347 777 eoque
367 727 624 766 defectionem
643 727 782 766 debere
802 728 1030 766 auctoritate
1045 728 1173 778 legum
1191 727 1361 766 omnium
1381 725 1567 777 potiorem
1579 735 1680 762 esse.

278 789 317 824 3.
347 787 405 824 At
423 794 466 826 tu
485 795 626 834 tamen,
647 801 722 838 quo
743 788 892 826 facinus
918 795 1027 826 tuum
1044 789 1121 839 juri
1150 788 1250 826 civili
1277 799 1498 839 repugnans
1516 797 1680 825 excuses

223 847 476 898 injuriamque
496 850 661 887 carceris
681 849 774 887 mihi
793 850 1009 901 praeterjus
1028 857 1067 888 et
1086 849 1144 887 fas
1167 849 1380 900 injunctam
1413 847 1578 891 colores,
1602 846 1679 884 hac

223 913 262 945 te
274 908 404 958 jactas
424 909 682 955 cavillatione,
703 910 735 948 si
754 923 873 960 penes
893 922 954 948 me
975 909 1146 948 relictum
1166 916 1272 947 esset
1290 909 1409 946 libere
1435 920 1513 958 qua
1539 905 1680 944 vellem

221 967 291 1014 ire,
311 981 369 1006 me
398 976 504 1007 certo
532 970 672 1008 certius
707 971 800 1008 urbe
832 970 953 1010 fuisse
981 982 1259 1016 excessurum3
1290 968 1399 1019 quasi
1431 972 1680 1017 nonsponte

222 1040 310 1066 mea
328 1028 405 1066 hue
435 1029 643 1075 venissem,
664 1030 735 1067 sed
768 1040 791 1068 a
817 1036 854 1067 te
885 1031 1038 1068 obtorto
1069 1029 1171 1067 collo
1199 1029 1277 1067 huc
1307 1035 1544 1079 pertractus:
1574 1026 1681 1077 atqui

222 1101 313 1127 cara
332 1089 424 1127 mihi
444 1096 502 1128 est
520 1090 582 1128 hic
601 1090 675 1128 loci
695 1091 959 1129 commoratio.
1016 1090 1110 1128 Mea
1135 1090 1167 1128 si
1196 1090 1289 1128 nihil
1315 1089 1476 1128 referret
1506 1101 1680 1142 commu·

223 1149 340 1187 nione
371 1149 486 1200 hujus
520 1150 684 1188 civitatis
718 1150 903 1200 gaudere,
922 1151 1120 1202 probabile
1153 1157 1248 1195 erat,
1277 1163 1339 1188 me
1373 1163 1422 1187 ne
1453 1149 1680 1188 arcessitum

223 1208 379 1258 quidem
413 1210 528 1248 fuisse
548 1218 767 1256 venturum,
786 1211 855 1248 sed
886 1211 1180 1248 commissurum
1199 1211 1374 1248 absentia
1390 1224 1486 1249 mea
1516 1218 1560 1248 ut
1588 1223 1681 1249 con·

223 1270 402 1307 tumacioe
436 1283 524 1308 reus
559 1271 797 1309 declararet:
828 1271 883 1309 nil
915 1272 1030 1323 igitur
1050 1284 1146 1322 opus
1172 1278 1254 1310 erat
1279 1279 1368 1310 ante
1388 1272 1464 1310 litis
1483 1277 1681 1310 contesta-

222 1329 367 1368 tionem
389 1343 449 1369 me
469 1331 505 1368 in
526 1344 718 1370 carcerem
739 1331 843 1370 duci.
887 1332 966 1370 Sed
985 1342 1024 1370 et
1043 1340 1230 1382 praeterea
1246 1332 1355 1370 nefas
1375 1339 1457 1370 erat
1475 1331 1581 1378 mihi,
1595 1333 1678 1382 jam

226 1398 426 1440 accusato,
445 1392 674 1430 beneficium
695 1392 798 1443 fugae
816 1393 978 1443 eripere,
994 1394 1099 1442 quod
1114 1393 1180 1443 jus
1200 1400 1238 1430 et
1254 1393 1311 1429 fas
1331 1399 1371 1430 et
1388 1392 1485 1430 ritus
1503 1398 1680 1430 vetustus

224 1451 368 1502 cuique
388 1451 582 1489 homicidii
603 1465 669 1489 reo
690 1452 781 1491 dat:
813 1465 901 1490 nam
930 1459 1021 1503 post
1039 1453 1182 1490 dictam
1215 1453 1378 1503 priorem
1400 1464 1524 1490 meam
1546 1452 1683 1490 defen-

221 1511 367 1549 sionem
386 1511 520 1550 liceret
534 1511 638 1558 mihi,
658 1512 727 1550 nisi
742 1513 895 1550 vinctus
908 1525 1044 1559 essem,
1059 1520 1104 1550 ut
1123 1526 1227 1551 nunc
1244 1525 1343 1559 sum,
1360 1513 1453 1550 urbe
1469 1511 1657 1551 excedere
1672 1525 1684 1552 ε

220 1572 458 1622 privilegium
478 1573 552 1610 hoc
571 1573 666 1610 nulli
686 1586 762 1610 non
782 1573 988 1612 homicidae
1008 1581 1128 1624 patet,
1145 1580 1183 1611 et
1203 1586 1394 1623 nusquam
1414 1585 1491 1612 non
1510 1572 1682 1611 locorum

220 1640 440 1683 usurpatur.
496 1633 555 1670 Tu
587 1646 689 1678 vero,
712 1634 763 1671 mi
781 1634 910 1680 homo,
937 1635 1025 1685 jure
1059 1647 1120 1672 me
1149 1634 1272 1672 solum
1307 1647 1367 1679 eo,
1397 1633 1501 1684 quod
1533 1632 1682 1672 Graecis

222 1693 378 1730 omnino
399 1693 577 1731 omnibus
598 1705 802 1732 commune
823 1702 896 1740 est,
916 1695 1104 1745 privatum
1122 1695 1168 1739 is,
1189 1702 1327 1745 sponte
1348 1702 1426 1740 tua,
1455 1694 1681 1732 auctoritate

223 1752 327 1791 ultro
346 1767 412 1804 per
431 1755 692 1805 arrogantiam
717 1762 855 1794 contra
892 1755 949 1793 sas
980 1764 1147 1806 sumpta,
1181 1763 1220 1793 et
1246 1757 1335 1807 jure
1366 1757 1469 1806 quod
1500 1762 1582 1793 tute
1615 1755 1682 1794 tibi

223 1814 400 1863 privatim
421 1822 661 1852 commentus
679 1828 734 1853 es.
790 1816 960 1853 Tametsi
988 1816 1094 1866 leges
1123 1816 1172 1854 de
1203 1816 1415 1854 homicidiis
1446 1816 1484 1853 in
1517 1816 1592 1854 hac
1623 1828 1681 1853 re·

223 1874 377 1923 publica
390 1874 606 1912 obtinentes
619 1883 697 1912 tam
716 1875 907 1926 sapienter
919 1884 1034 1926 atque
1052 1884 1128 1914 tam
1144 1876 1322 1927 religiose
1341 1883 1432 1915 sunt
1445 1877 1683 1923 constitntae,

222 1941 266 1971 ut
283 1947 419 1984 negem
446 1948 666 1986 quenquam
697 1950 782 1975 esse
816 1944 987 1975 vestrum
1019 1938 1204 1982 omnium,
1224 1938 1287 1988 qui
1321 1950 1387 1975 eas
1417 1948 1503 1976 esse
1532 1938 1685 1977 dubitet

220 1995 351 2046 legum
373 1998 543 2035 omnium
563 2011 650 2036 cum
680 1999 862 2049 aequitate
895 2005 1012 2050 atque
1044 2001 1249 2038 sanctitate
1282 2000 1679 2039 convenientissimas.

222 2057 345 2107 Leges
364 2058 465 2095 enim
485 2058 543 2096 hae
563 2072 653 2097 cum
674 2060 751 2097 sint
771 2061 1066 2111 antiquissimae,
1086 2069 1176 2098 sunt
1207 2061 1352 2099 eaedem
1385 2061 1512 2099 adhuc
1545 2061 1676 2107 hodie,

222 2129 307 2166 quae
326 2117 483 2155 fuerunt
501 2119 692 2168 primitus,
711 2121 865 2157 tametsi
886 2121 966 2158 aliis
986 2120 1023 2157 in
1044 2122 1158 2158 rebus
1180 2121 1409 2158 diuturnitas
1441 2121 1625 2172 temporis
1641 2126 1680 2160 et

222 2188 316 2212 usus
336 2189 461 2213 rerum
480 2177 726 2227 longinquior
745 2180 919 2229 homiues
951 2193 1069 2230 prava
1094 2180 1282 2218 dedocere
1302 2187 1342 2218 et
1360 2180 1525 2218 rectiora
1540 2181 1678 2220 docere

222 2236 334 2273 solet.
392 2235 520 2278 Quare
540 2249 616 2274 non
638 2250 685 2275 ex
705 2239 911 2276 adversarii
932 2240 1191 2290 disputatione
1223 2241 1447 2279 discendum
1464 2242 1574 2280 vobis
1603 2251 1678 2289 est,

222 2294 316 2346 quid
335 2295 384 2332 de
404 2295 555 2345 legibus
576 2297 794 2335 existimare
826 2311 892 2348 par
911 2300 972 2344 sit,
995 2308 1149 2338 rectene
1180 2314 1228 2338 an
1261 2314 1374 2340 secus
1407 2302 1586 2348 habeant,
1607 2303 1677 2342 sed

223 2356 353 2406 potius
389 2355 552 2402 inverse,
585 2370 607 2395 e
638 2358 791 2407 legibus
833 2359 982 2398 debetis
1014 2373 1267 2411 cognoscere,
1288 2369 1414 2400 utrum
1446 2376 1565 2413 aequae
1597 2363 1678 2403 sint

221 2416 459 2454 accusatoris
478 2417 776 2467 postulationes,
795 2431 930 2458 necne.
988 2422 1218 2473 Quanquam
1240 2436 1333 2473 ergo
1351 2424 1458 2474 leges
1485 2424 1533 2462 de
1552 2424 1676 2462 homi·

220 2477 331 2514 cidiis
350 2477 440 2515 latae
470 2484 548 2515 tam
568 2486 658 2515 suut
679 2479 856 2529 perfectae
877 2487 917 2519 et
935 2488 1011 2519 tam
1034 2484 1245 2533 perspicuae
1263 2485 1470 2534 aequitatis,
1490 2491 1534 2523 ut
1561 2496 1676 2523 nemo

221 2549 390 2587 unquam
410 2537 460 2575 sit
477 2550 596 2576 ausus
616 2552 683 2576 eas
705 2546 917 2579 temerare:
947 2548 986 2579 tu
1009 2550 1139 2581 tamen
1171 2545 1277 2582 solus
1303 2557 1420 2582 ausus
1450 2558 1492 2583 es
1516 2545 1674 2596 legisla-

222 2604 343 2635 torem
364 2606 400 2636 te
420 2611 564 2648 gerere,
590 2606 631 2637 et
650 2600 826 2651 princeps
860 2602 937 2639 fieri
971 2604 1230 2642 institutorum
1263 2605 1530 2655 pessimorum,
1563 2613 1673 2644 vetu-

225 2657 370 2707 stisque
391 2659 543 2709 legibus
559 2660 686 2698 Invitis
707 2674 767 2698 me
787 2661 835 2698 de
856 2663 982 2701 medio
1003 2665 1136 2703 tollere
1156 2666 1318 2704 laboras.
1376 2667 1494 2718 Atqui
1510 2667 1576 2706 illa
1593 2669 1678 2720 ipsa

225 2724 293 2754 tua
312 2719 507 2758 contentio
519 2723 607 2768 Jura
626 2722 854 2768 temerandi,
875 2730 912 2761 et
931 2731 1125 2763 vetustum
1137 2726 1203 2777 jus
1224 2727 1380 2765 libidine
1404 2736 1442 2766 et
1470 2729 1675 2768 insolentia

223 2784 375 2815 tuorum
395 2793 579 2819 novorum
599 2790 877 2834 praeceptorum
900 2787 1153 2835 pervertendi,
1171 2799 1265 2825 voce
1297 2788 1506 2828 clarissima
1534 2790 1671 2828 adver-

223 2848 288 2875 sus
309 2845 345 2876 te
365 2847 540 2888 testatur,
561 2851 597 2880 te
616 2852 744 2882 causae
768 2852 841 2882 tuae
861 2845 1057 2884 diffidere:
1086 2849 1203 2898 probe
1232 2862 1371 2900 nempe
1399 2863 1528 2897 noras,
1557 2852 1675 2890 nemi-

219 2913 320 2945 nem,
341 2902 406 2951 qui
438 2915 478 2941 se
502 2904 752 2956 jurejurando
790 2907 892 2958 adigi
926 2921 1062 2958 passus
1096 2910 1248 2962 fuisset,
1269 2924 1423 2963 operam
1456 2912 1524 2952 tihi
1557 2914 1678 2953 fuisse
