1822 3219
700 134 772 172 DE
804 131 1104 171 MYSTERIIS.
1570 138 1618 174 97

176 234 346 273 conditio
366 236 550 286 imperata
569 243 607 273 et
632 235 865 287 praescripta.
921 232 1014 270 Aliis
1038 232 1114 270 hoc
1141 233 1188 270 de
1215 246 1355 283 genere
1379 248 1454 273 non
1475 235 1618 275 licebat

176 309 394 348 quenquam
415 297 623 349 majestatis
644 303 710 334 aut
729 293 1001 347 perduellionis
1027 306 1232 337 accusare3
1263 295 1345 332 aliis
1373 309 1450 334 non
1477 297 1616 336 licebat

176 358 271 396 alios
286 359 498 396 actionibus
510 358 700 404 ἐνδείξεως,
715 371 782 394 seu
797 355 1050 402 iudicationis,
1063 355 1257 406 persequi;
1276 355 1356 392 aliis
1371 356 1614 396 interdictum

175 426 256 456 erat
276 419 313 456 in
334 419 633 470 Hellespontum
649 418 832 469 proticisci
845 430 911 467 per
924 429 1040 462 mare,
1055 416 1135 454 aliis
1149 416 1187 453 in
1201 416 1363 460 Ioniam;
1394 417 1476 456 aliis
1489 419 1613 457 aditus

174 480 245 517 fori
265 480 418 518 clausus
439 486 533 518 erat.
590 480 758 517 Decreta
778 479 890 529 igitur
910 478 1051 526 omnia,
1074 490 1140 528 per
1164 491 1250 528 quae
1277 478 1507 528 quibusdam
1538 480 1614 518 ullo

175 542 290 579 modo
307 542 436 578 horum
451 553 549 591 quos
565 540 641 577 dixi
659 540 855 577 modorum
871 540 993 577 honos
1009 545 1156 589 ereptus
1171 539 1232 577 vel
1247 547 1361 590 caput
1375 540 1614 578 imminutum

174 602 321 646 fuisset,
338 609 413 638 tam
442 601 527 651 ipsa
555 601 780 652 primigenia
809 613 938 637 eorum
964 600 1152 650 exempla,
1173 612 1286 649 quam
1315 600 1542 638 secundaria
1567 614 1614 638 ex

173 663 247 701 illis
266 662 433 700 derivata
452 663 483 700 si
502 676 590 714 quae
609 676 771 714 usquam
794 662 965 699 locorum
985 668 1215 712 prostarent,
1236 661 1339 699 eradi
1359 669 1475 712 atque
1495 662 1613 700 deleri

165 723 334 774 jussistis
355 723 510 762 decreto
529 731 574 762 ea
594 724 642 761 de
661 737 701 761 re
727 723 843 769 facto,
863 722 1184 773 concordiamque
1205 722 1458 774 jurejurando
1481 731 1614 761 mutuo

169 784 208 821 in
228 784 328 822 Arce
347 785 513 823 dicendo
533 792 733 835 utramque
753 785 789 822 in
812 791 954 835 partem
975 784 1124 822 condici
1140 790 1253 833 atque
1272 785 1423 821 sanciri.
1480 785 1614 823 Recita

168 851 208 882 tu
227 846 318 883 mihi
337 846 534 885 decretum
556 847 795 891 Patroclidis‚
816 847 849 883 vi
871 853 910 883 et
930 846 1154 884 auctoritate
1174 845 1283 896 cujus
1303 845 1386 884 haec
1406 845 1561 884 fiebant.

731 996 1049 1035 DECRETUM.

212 1100 402 1130 Patroclides
418 1100 538 1139 rogavit
554 1100 583 1129 in
600 1100 676 1128 hanc
689 1098 885 1128 sententiam:
911 1097 1041 1133 Quando
1054 1096 1176 1135 quidem
1190 1096 1389 1126 Athenienses
1404 1096 1615 1135 impunitatem

167 1160 260 1190 super
273 1151 386 1180 aerariis
401 1152 615 1185 decreverunt,
641 1155 674 1180 ut
687 1149 825 1179 nimirum
847 1159 950 1178 eorum
974 1157 1068 1176 causa
1085 1147 1175 1176 liceat
1196 1147 1341 1185 populum
1356 1158 1463 1185 rogare
1478 1153 1567 1187 atque
1584 1148 1615 1177 in

167 1201 311 1240 suffragia
327 1202 459 1238 mittere,
477 1202 550 1231 velit
569 1202 674 1239 jubeat
691 1200 822 1239 populus
838 1198 1032 1228 Atheniensis
1048 1198 1153 1227 eadem
1174 1203 1238 1226 rata
1261 1208 1342 1234 esse,
1363 1208 1429 1237 quae
1451 1209 1518 1227 cum
1543 1199 1615 1228 olim

167 1251 311 1281 scivisset
334 1256 512 1291 tempestate
528 1251 600 1281 belli
622 1251 752 1285 Medici,
776 1261 792 1279 e
809 1260 840 1279 re
857 1250 888 1278 id
908 1249 965 1277 fuit
989 1248 1122 1287 publica.
1166 1248 1242 1276 Illos
1266 1253 1364 1277 autem
1387 1249 1468 1287 quod
1493 1249 1614 1285 attinet,

165 1312 290 1341 quorum
315 1303 445 1336 nomina,
471 1307 503 1331 ut
528 1303 600 1331 fisco
622 1301 809 1335 debentium,
832 1300 860 1329 in
886 1299 1036 1329 codicillis
1062 1299 1187 1337 scripta,
1212 1309 1229 1327 a
1253 1298 1481 1337 magistratibus
1506 1300 1617 1330 tradita

165 1354 288 1391 fuerint,
310 1355 375 1385 sive
399 1355 594 1385 exactoribus
614 1353 680 1383 fisci
706 1353 772 1383 sive
794 1351 998 1391 quaestoribus
1013 1351 1163 1380 Minervae
1184 1350 1248 1379 sive
1268 1350 1471 1390 quaestoribus
1487 1350 1614 1381 aliorum

164 1416 354 1445 quorumque
371 1406 495 1436 deorum
513 1406 578 1435 sive
594 1405 659 1443 regi
676 1413 850 1440 sacrorum3
875 1403 938 1432 sive
953 1412 1079 1441 quorum
1098 1402 1216 1431 nomina
1233 1406 1386 1440 expuncta
1402 1413 1440 1431 ex
1457 1403 1525 1431 albo
1541 1412 1615 1432 aera-

164 1456 276 1486 riorum
293 1457 423 1486 nondum
436 1457 548 1486 fuerint
564 1460 632 1486 ante
648 1465 808 1486 excessum
826 1454 909 1483 illius
924 1458 1046 1482 senatus
1064 1452 1131 1492 [qui
1153 1462 1232 1481 nunc
1251 1450 1335 1482 brev'i
1352 1454 1535 1483 decessurus
1557 1459 1616 1489 est,

164 1507 211 1548 et]
228 1508 316 1546 cujus
330 1507 473 1547 princeps
490 1508 546 1537 fuit
562 1507 686 1541 Callias,
699 1507 756 1536 hoc
772 1510 830 1542 est,
848 1505 873 1534 si
890 1504 940 1544 qui
955 1505 1067 1533 honore
1081 1503 1192 1542 privati
1205 1503 1274 1532 ideo
1291 1504 1400 1533 suerint
1413 1504 1493 1543 quod
1507 1505 1614 1534 aerario

165 1557 317 1587 debitores
334 1558 405 1588 facti
422 1559 491 1593 sint,
515 1569 569 1587 nec
587 1568 643 1587 non
669 1567 796 1596 quorum
813 1556 944 1585 rationes
960 1560 1114 1594 gestorum
1140 1554 1287 1583 honorum
1305 1554 1332 1582 in
1357 1553 1526 1592 logisteriis
1543 1553 1614 1594 [seu

163 1609 364 1638 tribunalibus
388 1608 538 1638 censoriis
553 1609 600 1638 vel
617 1606 827 1646 rationalibus]
852 1605 1028 1645 improbatae
1054 1610 1142 1643 atque
1168 1604 1306 1633 falsitatis
1323 1608 1353 1634 ct
1378 1604 1529 1634 futilitatis
1545 1615 1614 1634 con-

163 1660 310 1690 demnatae
335 1659 448 1690 fuerint
471 1662 508 1690 ab
533 1659 675 1690 euthunis
695 1659 785 1699 [h.e.
809 1658 1000 1692 censoribus,
1026 1667 1079 1686 seu
1105 1655 1382 1696 peraequatoribus]
1401 1659 1432 1684 et
1456 1655 1493 1684 ab
1509 1666 1615 1686 eorum

161 1711 323 1750 pai-hedris
339 1710 409 1751 [seu
433 1710 663 1749 assessoribus],
686 1715 738 1740 aut
761 1719 887 1748 quorum
903 1707 1034 1737 rationes
1051 1707 1089 1736 de
1110 1707 1206 1745 gestis
1229 1706 1393 1736 bonoribus
1407 1706 1442 1735 ad
1462 1706 1613 1745 judicium

162 1762 271 1792 delatae
286 1762 417 1792 nondum
433 1761 504 1798 sint,
517 1766 568 1791 aut
584 1762 691 1800 quibus
706 1760 876 1799 subjudice
894 1758 992 1788 adbuc
1013 1758 1164 1797 pendeant
1180 1756 1251 1786 lites
1266 1757 1294 1787 in
1307 1758 1358 1795 jus
1372 1756 1491 1786 nomine
1507 1758 1614 1796 populi

163 1814 280 1843 vocatis
293 1815 332 1843 ob
345 1814 477 1843 rationes
494 1818 647 1851 gestorum
664 1813 821 1847 honorum,
833 1805 886 1840 aut
901 1810 1010 1849 quibus
1021 1809 1201 1848 adjudicatae
1215 1809 1276 1838 siut
1291 1819 1307 1838 a
1317 1808 1475 1847 judicibus
1491 1808 1614 1838 minutae

162 1865 299 1904 qnaedam
316 1870 406 1903 atque
421 1865 568 1893 restrictae
582 1864 703 1893 honoris
716 1863 939 1901 derogationes,
956 1866 1006 1889 aut
1023 1861 1046 1889 si
1064 1861 1114 1899 qui
1130 1860 1320 1898 fidejussores
1336 1859 1457 1898 publice
1475 1859 1556 1894 sacti,
1573 1859 1612 1888 ob

162 1918 238 1948 istas
255 1929 323 1948 suas
337 1918 515 1959 sponsiones
529 1919 649 1947 mulctae
664 1917 854 1947 condemnati
868 1916 988 1950 fuerint,
1006 1915 1040 1944 ad
1058 1915 1144 1944 istam
1162 1925 1258 1953 usque
1273 1924 1342 1952 quae
1358 1914 1449 1943 modo
1466 1914 1548 1943 dicta
1564 1919 1614 1943 est

162 1969 262 2005 diem;
285 1969 359 1998 item
383 1968 409 1997 si
427 1962 551 2007 quorum
565 1969 689 1997 'nomina
709 1967 842 2007 publicis
868 1967 898 1995 in
914 1966 1027 1995 tabulis
1049 1967 1147 1995 adhuc
1164 1966 1329 2004 supersint,
1352 1965 1421 1994 ideo
1438 1966 1480 1994 ibi
1497 1965 1613 2004 scripta

161 2019 242 2058 quod
258 2019 287 2048 in
305 2029 430 2048 numero
453 2019 746 2057 Quadringentorum
770 2019 907 2053 fuissent,
925 2023 976 2047 aut
994 2017 1018 2045 si
1038 2018 1117 2055 quod
1136 2016 1216 2045 aliud
1235 2016 1401 2054 cujuspiam
1425 2016 1537 2045 crimen
1556 2017 1611 2045 sub

159 2070 222 2099 isto
246 2080 412 2108 paucorum
434 2070 588 2099 dominatu
616 2069 811 2098 commissum
835 2068 951 2107 uspiam
976 2068 1111 2096 locorum
1136 2071 1307 2096 annotatum
1331 2066 1389 2095 sit:
1414 2072 1456 2102 ut,
1478 2066 1611 2105 inquam,

156 2120 291 2160 populus
306 2120 502 2150 Atheniensis
518 2120 593 2150 velit
611 2121 716 2159 jubeat
739 2120 844 2149 b-orum
861 2118 991 2148 omnium
1011 2118 1130 2147 nomina
1148 2116 1291 2159 (quorum
1306 2117 1460 2147 nominum
1476 2123 1575 2147 tamen
1593 2128 1609 2147 e

161 2183 284 2202 numero
298 2171 472 2201 nominatim
485 2171 516 2201 hi
528 2171 661 2210 exempti
673 2175 761 2209 atque
774 2170 891 2200 exclusi
904 2174 992 2199 sunto
1006 2180 1014 2206 3
1036 2179 1161 2208 quorum
1172 2174 1244 2207 puta
1258 2169 1377 2198 nomina
1388 2168 1417 2197 in
1430 2168 1502 2207 pilis
1513 2168 1610 2198 adhuc

160 2228 326 2263 supersunt
342 2227 476 2258 exarata,
492 2222 552 2261 ipsi
568 2226 667 2251 autem
686 2222 715 2250 in
733 2221 843 2250 exsilio
861 2221 985 2260 degunt,
1003 2225 1163 2259 propterea
1179 2220 1257 2258 quod
1282 2229 1372 2248 causa
1388 2219 1453 2248 sive
1468 2219 1497 2248 in
1515 2221 1609 2248 Areo-

157 2283 239 2314 pago
251 2273 316 2303 sive
331 2284 431 2303 coram
448 2273 578 2312 pretis
595 2273 660 2302 sive
675 2273 705 2303 in
722 2273 875 2311 Prytaneo
892 2272 955 2301 sive
972 2272 1001 2300 in
1019 2270 1183 2309 Delphinio
1201 2270 1266 2299 sive
1289 2280 1389 2299 coram
1408 2271 1495 2308 Rege
1510 2280 1611 2300 sacro—

158 2334 224 2354 rum
249 2323 371 2363 agitata,
396 2328 447 2353 aut
471 2323 576 2353 exsilii
599 2328 652 2352 aut
667 2322 772 2352 mortis
796 2333 883 2363 poena
899 2322 973 2361 ipsis
995 2323 1052 2351 suit
1070 2321 1252 2360 adjudicata,
1275 2321 1359 2351 velut
1382 2321 1543 2350 homicidis
1560 2323 1611 2350 aut

157 2374 327 2414 tyrannidis
342 2374 490 2403 affectatae
506 2374 602 2415 reis:)
618 2378 651 2403 ut
666 2373 771 2413 igitur,
787 2373 925 2411 exceptis
940 2373 998 2407 his,
1012 2373 1195 2410 reliquorum
1213 2372 1344 2401 omnium
1361 2371 1478 2401 nomina
1490 2372 1612 2400 mandet

158 2427 292 2467 populus
309 2426 504 2456 Atheniensis
529 2426 728 2465 expungenda
749 2425 904 2455 fiscalibus
923 2429 1056 2457 senatus,
1072 2433 1260 2463 quaecunque
1279 2423 1306 2452 in
1331 2422 1430 2452 imarii
1453 2421 1613 2452 tabulariis

158 2483 331 2512 occurrent,
355 2482 408 2506 aut
433 2477 457 2506 si
475 2477 591 2516 uspiam
616 2476 690 2505 alias
706 2476 839 2505 locorum
858 2474 1008 2513 ejusmodi
1031 2475 1279 2503 documentorum
1301 2474 1493 2512 publicorum
1511 2472 1609 2510 copiae

157 2529 228 2570 [seu
255 2529 442 2569 exemplaria
469 2527 664 2568 secundaria]
682 2531 830 2566 prostant,
854 2531 888 2555 ut
914 2526 1124 2554 thesmothetae
1146 2524 1316 2563 reliquique
1341 2522 1532 2562 magistratus
1557 2531 1608 2550 eas

158 2580 265 2620 copias
279 2579 394 2610 senatui
415 2579 578 2608 exhibeant
600 2579 776 2607 abolendas.
821 2577 880 2606 Sed
905 2582 937 2606 ut
959 2577 1022 2606 haec
1045 2577 1122 2605 intra
1139 2576 1269 2605 triduum
1294 2577 1375 2610 fiant,
1394 2585 1429 2602 ex
1446 2584 1504 2612 quo
1520 2574 1607 2612 plebs

158 2629 234 2659 hanc
249 2631 373 2661 sciverit
397 2630 595 2669 rogationem,
619 2630 644 2659 si
663 2629 797 2659 sciverit.
843 2630 1039 2667 Quaecunque
1064 2628 1205 2667 exempla
1229 2618 1378 2666 ejusmodi
1403 2626 1552 2655 rationum
1570 2626 1608 2655 ad

160 2679 297 2708 aerarium
312 2677 469 2718 publicum
493 2680 711 2718 pertinentium
729 2689 850 2717 usquam
870 2679 1003 2708 locorum
1027 2683 1195 2712 occurrent,
1219 2687 1251 2706 ea
1278 2680 1498 2714 expungantor,
1515 2676 1608 2705 nemi-

160 2729 248 2766 nique
264 2728 354 2758 liceto
369 2741 403 2758 ea
418 2730 559 2769 privatim
577 2740 677 2759 secum
695 2730 803 2758 habere
820 2739 916 2768 neque
932 2728 1023 2757 liceto
1040 2729 1177 2766 cuiquam
1201 2727 1306 2756 aerario
1321 2726 1398 2755 sacto
1414 2726 1491 2755 hanc
1506 2726 1606 2756 labem

159 2780 347 2818 exprobrare
362 2791 470 2811 eumve
487 2782 582 2811 debiti
599 2782 688 2820 hujus
712 2781 968 2810 commonefacere
986 2785 1037 2809 aut
1062 2780 1242 2809 simultatem
1259 2778 1329 2807 ideo
1348 2782 1523 2818 conceptam
1546 2779 1608 2808 ullo

160 2831 252 2860 modo
273 2831 398 2870 exsequi
413 2841 420 2860 ε
444 2842 532 2861 secus
559 2832 610 2871 qui
634 2833 752 2867 fecerit,
769 2837 802 2861 ut
817 2831 843 2861 is
859 2831 959 2870 poenis
975 2836 1113 2860 teneatur
1135 2829 1256 2864 iisdem,
1270 2828 1379 2867 quibus
1402 2833 1542 2859 tenentur
1557 2829 1613 2868 qui

163 2881 311 2912 sententia
327 2886 447 2912 senatus
462 2883 669 2922 Areopagitici
684 2882 816 2923 perculsi
834 2883 930 2911 solum
943 2885 1108 2915 verterunt,
1122 2890 1181 2918 quo
1194 2879 1326 2918 populus
1338 2878 1530 2911 Atheniensis
1542 2879 1609 2919 ipse

866 2946 887 2967 o
