1822 3219
592 115 699 154 PRO
730 114 1062 157 IMPOTENTE.
1480 115 1552 152 317

97 216 184 254 ‘lum
203 217 474 255 Atheniensem
494 218 542 255 ab
559 229 603 255 eo
618 217 814 260 damnari;
844 228 976 254 omnes
995 216 1095 254 enim
1115 215 1244 253 soletis
1266 214 1395 265 aliquo
1415 227 1554 254 conve-

110 277 190 315 nire
211 286 250 316 et
268 278 332 315 ubi
352 278 417 316 ubi
442 278 598 316 tandem
618 278 737 315 otium
756 277 901 315 fallere.

162 341 200 376 7.
230 339 371 376 Verum
391 352 467 376 non
488 339 612 384 video,
630 339 723 389 quid
743 351 840 388 opus
862 338 910 374 sit
928 350 989 375 me
1008 337 1058 375 ad
1078 337 1230 387 singula
1249 350 1412 389 quaeque
1429 337 1557 375 crimi-

107 400 304 438 nationum
337 401 466 450 capita
491 401 732 438 insistentem
765 399 887 448 iisque
917 405 1179 437 occurrentem
1209 397 1423 435 molestiam
1449 400 1557 437 vobis

109 473 252 499 creare.
310 461 410 498 Nam
443 461 475 497 si
505 460 732 510 gravissima
764 462 927 509 qu'aeque
961 459 1137 505 refutavi,
1158 458 1251 508 quid
1281 459 1419 496 attinet
1445 460 1482 496 in
1513 460 1557 497 iis

110 521 207 557 serio
226 520 476 565 contendere,
495 533 580 570 quae
600 527 678 557 tam
708 526 796 557 sunt
819 518 957 565 futilia,
979 526 1093 569 atque
1113 527 1216 557 totus
1237 519 1352 557 homo
1371 519 1453 569 ipse
1472 520 1559 557 est?

110 579 196 629 Ego
214 593 306 634 vero
325 592 408 626 νος,
429 586 639 625 senatores,
661 593 726 618 oro
747 592 955 630 quaesoque
977 593 1124 633 omnes,
1145 587 1188 617 ut
1207 592 1284 630 quo
1302 579 1447 630 pridem
1469 593 1560 630 erga

109 652 169 676 me
197 640 321 678 fuistis
348 640 475 677 animo
495 631 534 678 et
551 653 664 690 quam
693 641 740 678 de
767 654 828 678 me
854 640 1041 678 habuistis
1072 649 1301 691 conceptam
1329 641 1560 691 opinionem,

110 700 273 738 eandem
292 701 542 751 imposterum
562 714 716 751 quoque
736 702 918 745 servetis;
949 714 1075 751 neque
1100 701 1215 752 hujus
1242 702 1476 739 accusatoris
1496 714 1561 739 ca-

111 761 265 798 lumniis
281 761 432 812 decepti
447 774 506 798 me
522 761 674 811 privetis
690 775 736 800 ea
749 764 937 800 bonorum
955 762 1088 812 patriae
1103 762 1288 812 portione,
1304 774 1419 811 quam
1440 760 1561 799 solam

111 824 201 861 mihi
221 824 386 862 sinistrae
408 825 571 862 fortunae
592 825 809 875 malignitas
835 825 1019 875 reliquam
1050 825 1152 862 fecit.
1209 824 1420 874 Praestigiis
1448 824 1560 874 hujus

110 885 275 923 hominis
304 892 453 923 tantum
478 899 526 922 ne
551 885 716 931 tribuite,
735 893 791 931 ut,
810 886 916 936 quod
945 885 1090 923 dudum
1119 886 1209 922 mihi
1239 886 1336 923 ultro
1363 885 1563 929 tribuistis,

111 946 151 985 id
172 958 467 984 rursusmorem
486 946 574 983 huic
595 954 770 996 gerentes
791 946 981 984 adimatis.
1039 946 1092 983 Ut
1109 947 1209 992 enim
1230 946 1382 984 fortuna
1407 945 1565 983 summis

113 1006 152 1043 in
167 1006 291 1057 patria
310 1006 518 1043 honoribus
538 1019 599 1043 me
619 1007 797 1052 exclusit,
813 1007 946 1045 civitas
963 1006 1117 1044 decreto
1137 1020 1208 1044 suo
1223 1008 1399 1057 exiguam
1418 1006 1566 1044 hancce

112 1066 250 1116 stipem
269 1067 362 1104 mihi
378 1067 525 1104 addixit
543 1067 797 1117 asseruitque,
813 1075 908 1114 rata,
923 1080 1037 1105 casus
1059 1067 1096 1104 in
1113 1074 1314 1117 utramque
1329 1074 1475 1118 partem
1495 1067 1569 1103 for-

113 1127 230 1165 tuitos
251 1139 334 1164 esse
354 1139 576 1164 communes
597 1128 785 1166 omnibus.
843 1128 920 1169 Qui
943 1140 1034 1178 ergo
1062 1140 1139 1165 non
1161 1128 1233 1165 sim
1253 1128 1422 1165 omnium
1442 1127 1568 1165 infeli-

114 1180 303 1232 cissimus,
323 1187 367 1231 si,
387 1200 501 1237 quam
523 1188 763 1237 largitionem
784 1189 914 1226 civitas
943 1201 1072 1226 eorum
1096 1189 1224 1226 sanxit
1241 1188 1279 1226 in
1300 1188 1475 1227 solatium
1497 1187 1563 1238 qui

115 1248 228 1287 simili
248 1261 397 1286 mecum
419 1248 633 1286 calamitate
651 1249 818 1299 perculsi
838 1256 941 1294 sunt,
954 1261 1000 1287 ea
1018 1249 1220 1299 largitione
1240 1262 1302 1287 me
1321 1249 1432 1299 hujus
1452 1261 1568 1286 aecu—

115 1310 254 1347 satoris
275 1309 427 1347 fraudet
452 1309 690 1360 improbitas,
713 1315 789 1346 tam
812 1309 895 1347 diro
915 1311 1034 1348 ictum
1055 1310 1276 1356 infortunio,
1297 1316 1340 1348 ut
1359 1316 1510 1361 propter
1529 1308 1569 1346 id

112 1370 269 1407 summis
288 1370 325 1407 in
345 1370 469 1420 patria
481 1369 693 1408 honoribus
713 1370 920 1407 carendum
943 1371 1034 1414 mihi
1054 1370 1133 1408 sit?

171 1432 208 1467 8.
229 1430 477 1480 Neutiquam,
491 1437 701 1476 senatores,
716 1430 940 1481 neutiquam
959 1431 1012 1469 sic
1029 1431 1159 1482 ponite
1174 1430 1378 1469 calculum.
1434 1431 1571 1482 Ecqua

116 1490 216 1527 enim
237 1503 323 1529 mea
346 1491 461 1541 culpa
485 1498 631 1529 tantam
650 1497 795 1529 vestrae·
815 1492 1027 1529 severitatis
1053 1492 1292 1542 iniquitatem
1318 1491 1570 1529 meruissem?

117 1550 221 1587 Num
243 1551 358 1601 quod,
381 1564 441 1588 me
461 1559 700 1597 accusatore,
719 1551 929 1589 mulctatus
949 1552 1150 1602 quisquam
1170 1552 1281 1590 bonis
1306 1552 1492 1589 universis
1521 1552 1571 1589 ad

117 1611 404 1649 mendicitatem
423 1611 592 1649 decidit?
635 1612 752 1662 Atqui
772 1625 884 1649 nemo
903 1619 977 1658 est,
996 1614 1060 1663 qui
1080 1613 1230 1658 doceat,
1248 1613 1388 1650 malum
1410 1612 1483 1650 hoe
1503 1612 1571 1649 ulli

120 1671 258 1709 civium
278 1678 493 1709 vestrorum
515 1684 537 1709 a
555 1685 616 1710 me
636 1672 766 1711 datum
786 1686 886 1711 esse.
941 1674 1001 1710 An
1022 1674 1125 1723 quod
1146 1673 1354 1711 alienarum
1375 1686 1500 1711 rerum
1520 1674 1570 1711 ad

73 1771 78 1774 ,
119 1745 180 1770 me
205 1732 256 1769 nil
284 1732 558 1782 pertinentium
587 1734 763 1771 curiosus
793 1747 891 1779 sum,
912 1741 951 1772 et
978 1735 1112 1785 lingua
1138 1741 1355 1785 protervus,
1387 1741 1427 1772 et
1454 1747 1569 1772 manu

118 1806 304 1844 praeceps,
326 1794 448 1839 ferox,
472 1794 635 1839 rixosus,
663 1794 712 1832 ad
741 1794 1003 1845 suscipiendas
1031 1795 1244 1833 simultates
1264 1795 1363 1832 citus
1384 1802 1423 1832 et
1441 1808 1572 1834 susce-

119 1860 270 1904 ptarum
288 1853 427 1892 tenax?
458 1853 581 1903 Atqui
595 1853 672 1892 vita
685 1867 770 1892 mea
787 1867 864 1892 non
879 1855 998 1892 utitur
1013 1855 1361 1906 opportunitatibus
1379 1854 1428 1893 ad
1443 1855 1574 1906 hujus-

120 1915 224 1953 modi
238 1916 474 1953 scaevitatem
491 1916 608 1953 animi
627 1922 696 1953 aut
714 1917 1005 1967 concipiendam
1021 1925 1087 1955 aut
1104 1918 1345 1956 nutriendam
1360 1930 1574 1956 accommo-

120 1975 233 2013 datis.
291 1975 369 2013 Sed
397 1976 556 2014 forsitan
585 1977 675 2026 quia
703 1977 985 2015 intolerandum
1007 1979 1044 2015 in
1065 1978 1220 2016 modum
1250 1978 1570 2022 contumeliosus,

121 2036 309 2086 superbus
339 2042 455 2086 atque
475 2037 664 2074 violentus
694 2037 807 2074 sum?
854 2039 972 2088 Atqui
1002 2052 1049 2076 ne
1076 2039 1156 2089 ipse
1186 2038 1341 2088 quidem
1372 2046 1573 2077 accusator

120 2096 195 2134 hoc
216 2097 403 2139 affirmare
424 2097 538 2143 ausit,
554 2097 627 2134 nisi
645 2097 673 2135 si
692 2098 765 2136 hoc
785 2111 938 2148 quoque
959 2099 1108 2136 mentiri
1126 2099 1228 2144 velit,
1243 2107 1286 2137 ut
1306 2100 1453 2151 reliqua
1467 2113 1573 2137 men-

119 2158 210 2196 titus
230 2164 291 2195 est
310 2158 450 2196 omnia.
506 2159 559 2195 At
577 2159 667 2208 quia
686 2159 757 2196 sub
776 2159 1200 2210 Trigintatyrannorum
1221 2161 1416 2199 dominatu
1436 2168 1573 2212 potens

120 2217 188 2263 fui,
221 2230 340 2267 eaque
372 2217 545 2269 potentia
577 2218 623 2256 ad
657 2217 803 2256 civibus
835 2219 1199 2257 incommodandum
1235 2221 1408 2259 abusus?
1453 2222 1572 2272 Atqui

120 2285 250 2315 vestra
268 2290 355 2315 cum
375 2278 485 2328 plebe
506 2278 732 2316 Chalcidem
754 2292 840 2329 quae
862 2286 921 2317 est
939 2280 988 2317 ad
1009 2280 1192 2331 Euripum
1213 2282 1366 2332 profugi
1387 2295 1395 2319 ε
1421 2283 1458 2319 in
1480 2283 1573 2320 urbe

121 2351 274 2375 manere
293 2351 514 2388 quanquam
533 2339 687 2383 licebat,
704 2340 819 2377 malui
840 2347 967 2378 tamen
985 2342 1182 2379 vobiscum
1203 2342 1422 2382 discrimina
1436 2344 1572 2394 capitis

121 2399 241 2445 adire,
263 2399 392 2436 nudus
413 2400 523 2437 rebus
544 2400 734 2442 omnibus.
791 2401 987 2438 Insontem
1015 2403 1143 2452 itaque
1163 2415 1222 2440 me
1242 2404 1462 2454 nulliusque
1482 2404 1571 2441 mihi

121 2460 244 2511 culpae
276 2460 485 2505 conscium,
514 2460 648 2510 nolite,
676 2468 888 2507 senatores,
917 2462 1053 2500 iisdem
1086 2464 1262 2515 excipere
1294 2465 1430 2509 modis,
1456 2472 1571 2514 atque

122 2522 255 2558 merito
275 2521 447 2571 excipitis
475 2519 712 2558 facinorosos
746 2521 951 2559 multorum
976 2523 1163 2561 scelerum
1194 2525 1413 2562 convictos:
1446 2538 1571 2563 recor-

122 2581 278 2626 damini,
315 2594 376 2618 me
413 2594 514 2619 nunc
552 2595 677 2632 neque
716 2583 836 2619 aerarii
873 2583 1013 2633 publici
1051 2585 1235 2622 rationem
1272 2584 1429 2622 reddere
1467 2585 1571 2635 quod

123 2653 320 2691 nunquam
340 2641 614 2687 administravi,
633 2655 758 2692 neque
783 2641 941 2681 honoris
969 2645 1066 2694 gesti
1094 2657 1205 2693 quem
1232 2644 1377 2681 nullum
1401 2658 1570 2695 unquam

123 2702 241 2753 gessi,
273 2701 342 2739 sed
374 2701 423 2739 de
455 2702 570 2740 obolo
608 2709 766 2740 certare.
824 2703 937 2747 Quod
968 2718 1055 2742 cum
1086 2703 1263 2747 feceritis,
1294 2712 1332 2742 et
1361 2718 1425 2742 vos
1458 2720 1571 2757 aequa

123 2770 239 2813 atque
252 2762 361 2812 justa
381 2761 566 2809 sciscetis,
587 2770 625 2800 et
651 2775 724 2814 ego
750 2765 893 2814 rogatis
920 2765 1062 2815 potitus
1092 2763 1253 2814 gratiam
1272 2764 1377 2801 vobis
1403 2765 1568 2812 habebo,

123 2830 163 2862 et
179 2823 241 2860 hic
269 2822 436 2872 denique
462 2829 663 2862 accusator
689 2824 825 2872 discet,
848 2839 923 2863 non
944 2823 1198 2862 infirmissimo
1227 2825 1362 2875 cuique
1389 2826 1568 2873 insidiari,

125 2884 193 2923 sed
213 2883 352 2921 similes
372 2882 443 2921 sibi
462 2882 625 2921 vincere.
