1822 3219
643 403 1091 457 ANDOCIDIS

204 545 307 595 DE
356 545 570 594 PACE
623 548 799 596 CUM
854 547 1528 597 LACEDAEMONIIS

745 667 991 710 ORATIO.
1044 627 1054 667 'A

673 836 1054 867 ARGUMENTUM.

187 905 278 936 Bello
300 907 474 936 Graecorum
495 906 526 936 in
547 907 668 947 longum
685 909 848 947 producto,
863 908 1164 948 Atheniensibusque
1184 913 1215 939 et
1237 909 1475 939 Lacedaemoniis
1497 911 1592 941 multa

144 957 222 985 mala
237 956 351 995 passis,
371 961 402 986 et
417 960 612 995 utrorumque
636 958 739 993 sociis,
754 958 959 988 Athenienses
980 959 1019 988 ad
1042 958 1287 988 Lacedaemonios
1304 958 1420 996 legatos
1436 959 1591 995 miserunt,

143 1006 253 1045 quibus
270 1006 369 1036 omnia
384 1007 595 1045 permiserant:
621 1018 748 1045 quorum
765 1018 841 1037 unus
858 1007 1035 1038 Andocides
1049 1013 1125 1038 erat.
1167 1007 1356 1046 Quibusdam
1373 1019 1446 1037 vero
1462 1019 1478 1037 a
1495 1010 1590 1038 Lace-

144 1056 303 1085 daemoniis
316 1061 403 1085 antea
412 1057 560 1086 ordinatis
570 1057 773 1096 privatimque
788 1057 905 1095 legatos
918 1058 1121 1093 mittentibus,
1133 1054 1231 1087 visum
1243 1062 1291 1086 est
1306 1057 1384 1087 intra
1393 1058 1592 1097 quadraginta

144 1105 209 1135 dies
225 1107 372 1145 pojmlum
388 1107 426 1136 de
442 1117 516 1145 pace
532 1107 704 1136 consulere.
749 1107 917 1146 Propterea
941 1108 1117 1137 Andocides
1141 1107 1377 1137 Atheniensibus
1400 1108 1542 1143 consulit,
1557 1113 1590 1137 nt

142 1166 249 1194 pacem
274 1157 435 1195 accipiant.
479 1157 718 1186 Consultationis
742 1157 844 1196 itaque
865 1158 960 1187 forma
978 1163 1036 1194 est,
1059 1162 1152 1197 caput
1176 1157 1291 1196 negotii
1311 1157 1438 1188 utilitas.
1484 1158 1590 1187 Philo-

144 1206 254 1235 chorus
269 1206 345 1235 dicit
360 1206 477 1245 legatos
494 1216 511 1235 a
528 1207 746 1236 Lacedaemone
759 1207 893 1242 venisse,
912 1218 1002 1246 reque
1016 1208 1128 1237 infecta
1139 1207 1337 1245 discessisse,
1354 1207 1514 1238 Andocide
1531 1218 1590 1237 non

140 1256 352 1295 persuadente.
398 1255 564 1294 Dionysius
580 1266 653 1285 vero
669 1257 832 1285 orationem
847 1257 1018 1286 Andocidis
1033 1267 1091 1286 non
1107 1267 1175 1286 esse
1192 1256 1276 1285 dicit.

200 1390 234 1425 1.
264 1389 416 1427 PAcx-:M
437 1390 518 1428 iniri
537 1402 688 1441 aequam
703 1397 742 1428 et
757 1390 966 1441 legitimam
990 1391 1112 1428 multo
1126 1404 1210 1429 esse
1233 1391 1352 1428 satius
1375 1402 1489 1440 quam
1508 1390 1593 1428 bel-

142 1449 221 1486 lum
251 1450 345 1499 geri,
370 1451 488 1500 probe
521 1451 559 1488 id
584 1464 653 1488 vos
684 1464 818 1489 omnes
851 1464 962 1489 nosse
987 1451 1179 1496 videmini,
1206 1451 1484 1488 Athenienses:
1525 1449 1593 1487 sed

143 1516 312 1547 oratores
341 1518 488 1549 vestros
521 1512 663 1549 nomini
696 1512 850 1561 quidem
881 1512 985 1562 pacis
1022 1512 1149 1549 locum
1184 1511 1287 1555 dare,
1316 1511 1430 1548 rebus
1464 1517 1591 1547 autern

141 1569 333 1607 adversari·
351 1583 417 1620 per
436 1584 531 1620 quas
553 1583 627 1621 pax
647 1571 839 1616 coalescit,
860 1572 899 1608 id
919 1584 1008 1609 vero
1029 1584 1106 1609 non
1126 1584 1258 1609 omnes
1279 1570 1444 1608 cernitis.
1502 1570 1592 1607 Ter-

142 1629 259 1667 ritant
277 1643 414 1681 nempe
433 1644 500 1669 vos
517 1631 590 1669 hoc
604 1632 792 1681 jactando
809 1645 1062 1682 rumore‚pax
1076 1632 1141 1670 ubi
1160 1632 1382 1677 coaluisset,
1395 1630 1487 1668 nihil
1507 1643 1590 1668 esse

140 1690 263 1739 magis
282 1691 505 1735 verendum,
522 1704 635 1741 quam
655 1704 704 1728 ne
722 1692 844 1729 forma
863 1704 939 1742 qua
951 1705 1053 1729 nunc
1067 1691 1210 1728 utimur
1224 1691 1317 1742 reip.
1333 1689 1593 1741 gubernandae

142 1756 318 1787 mutetur.
358 1751 446 1793 Qua
461 1752 630 1790 oratione
646 1752 738 1789 nihil
754 1752 914 1790 arbitror
935 1765 1017 1790 esse
1028 1752 1184 1790 vanius:
1206 1751 1344 1802 quodsi
1359 1751 1457 1788 enim
1473 1763 1596 1802 popu-

140 1810 202 1847 lus
222 1810 363 1849 Athen.
392 1824 588 1861 nunquam
607 1820 721 1851 antea
738 1826 825 1851 cum
847 1813 1151 1851 Lacedaemoniis
1171 1825 1303 1862 pacem
1330 1812 1595 1855 contraxisset,

142 1871 278 1908 merito
307 1871 467 1921 primum
487 1872 569 1922 ejus
594 1873 807 1923 periculum
835 1873 1184 1917 reformidaremus,
1202 1885 1289 1909 cum
1313 1872 1399 1909 ideo
1415 1871 1519 1922 quod
1542 1870 1597 1908 rei

142 1944 215 1969 usu
232 1945 459 1977 careremus,
474 1940 555 1970 tum
570 1934 674 1983 quod
686 1934 966 1971 Lacedaemonii
982 1934 1087 1971 infidi
1106 1934 1181 1971 sint
1197 1940 1235 1969 et
1254 1933 1422 1983 perfidiae
1438 1931 1598 1968 infamia

140 1990 338 2034 laborent3
378 1993 435 2028 sin
465 1999 592 2029 autem
623 1993 785 2030 antehac
815 2007 916 2044 saepe
946 2006 1106 2030 numero
1132 2006 1266 2043 pacem
1294 2006 1381 2030 cum
1415 1991 1598 2029 Lacedae-

142 2051 276 2087 moniis
296 2050 487 2088 inierimus
504 2053 558 2101 (et
575 2052 742 2097 iniimus)
762 2053 869 2089 salva
892 2053 1066 2090 libertate
1085 2059 1234 2095 nostra,
1252 2052 1364 2101 ecqui
1385 2064 1520 2101 parum
1546 2050 1596 2088 sit

141 2117 445 2149 consentaneum
463 2112 512 2149 ad
528 2112 593 2148 illa
605 2118 758 2149 vetusta
772 2112 948 2162 exempla
964 2125 1032 2150 nos
1043 2119 1261 2163 respectare
1274 2120 1312 2150 et
1325 2125 1494 2163 quaerere
1508 2124 1595 2162 quae

147 2179 350 2221 pactorum
365 2178 583 2210 nostrorum
596 2171 770 2209 cumillis
783 2185 862 2210 sors
873 2172 1014 2209 fuerit?
1045 2173 1211 2222 Oportet
1224 2173 1370 2222 utique,
1385 2172 1594 2210 Athenien—

147 2244 223 2275 ses,
242 2233 435 2269 evetustis
451 2232 578 2269 futura
592 2232 787 2282 colligere.
816 2234 902 2283 Age
921 2233 1048 2283 itaque
1059 2247 1127 2284 per
1140 2233 1316 2283 exempla
1329 2246 1476 2272 eamus.
1506 2232 1596 2271 Bel-

141 2292 221 2329 lum
237 2292 272 2328 in
283 2293 432 2330 Euboea
440 2299 630 2342 gerentes,
644 2293 920 2344 Megaramque
934 2301 1109 2331 tenentes
1124 2293 1298 2343 et-Pegas
1311 2300 1349 2331 et
1363 2294 1596 2341 Troezenem,

141 2353 247 2403 pacis
274 2359 401 2390 tamen
420 2353 652 2391 desiderium
674 2366 743 2390 nos
769 2354 1010 2397 incessebat;
1041 2367 1118 2404 quo
1138 2354 1294 2398 factum,
1316 2360 1358 2390 ut
1378 2354 1593 2392 Miltiadem

144 2413 314 2451 Cimonis
347 2413 465 2450 filium
497 2414 724 2451 ostracismo
755 2427 775 2450 e
802 2414 1145 2464 civitate‘ejectum
1173 2427 1192 2451 e
1214 2415 1498 2459 Cherrhoneso,
1519 2428 1596 2464 quo

144 2474 337 2524 relegatus
356 2474 494 2519 fuerat,
513 2481 749 2519 revocatum,
767 2474 920 2512 civitate
941 2488 1070 2512 rursus
1090 2474 1344 2524 reciperemus
1372 2488 1454 2512 eam
1476 2476 1597 2524 ipsam

145 2534 195 2571 ad
214 2547 307 2579 rem,
331 2547 407 2584 quo
427 2541 516 2572 ante
545 2535 701 2573 feciales
721 2541 874 2572 nostros
899 2536 1076 2585 Spartam
1097 2536 1251 2581 missus,
1283 2537 1421 2586 quippe
1441 2536 1505 2584 qui
1527 2536 1597 2573 La-

147 2592 463 2631 cedaemoniorum
494 2594 654 2632 Athenis
686 2601 910 2645 procurator
939 2602 1055 2641 esset,
1088 2596 1285 2645 negotium
1319 2594 1424 2644 pacis
1458 2595 1599 2633 consti-

147 2653 301 2689 tuendae
337 2654 556 2704 praelibaret
590 2655 697 2705 eique
731 2655 876 2693 aditum
912 2656 1176 2693 communiret.
1253 2654 1441 2692 Miltiadis
1477 2655 1591 2706 hujus

146 2724 263 2762 opera
281 2714 492 2751 conciliatae
515 2722 597 2752 tum
626 2716 782 2753 fuerunt
800 2729 885 2753 cum
907 2716 1206 2754 Lacedaemoniis
1228 2715 1265 2751 in
1288 2728 1408 2752 annos
1429 2717 1596 2766 quinque

146 2772 326 2818 induciae,
355 2787 449 2823 quas
471 2777 583 2813 ambo
602 2776 734 2826 populi
764 2777 802 2813 in
830 2790 973 2814 annum
1000 2790 1022 2814 a
1051 2776 1200 2814 decimo
1220 2776 1372 2812 tertium
1393 2789 1596 2814 conserva-

146 2832 283 2870 vimus.
340 2833 424 2883 Age
443 2834 606 2885 primum
627 2836 826 2874 videamus
847 2837 936 2883 hoc,
957 2844 1083 2874 utrum
1104 2849 1171 2886 per
1189 2835 1289 2873 hanc
1314 2848 1447 2885 pacem
1476 2837 1597 2874 forma
