1822 3219
644 131 716 168 DE
745 130 1048 168 MYSTERIIS.
1500 130 1568 166 101

130 248 284 286 aequum
300 240 446 280 censet,
462 240 518 279 ut,
535 245 630 284 quas
644 231 751 269 vobis
771 231 953 281 pecunias
971 231 1145 275 extorsit,
1159 242 1224 267 eas
1241 231 1347 268 vobis
1367 229 1471 268 haud
1489 227 1577 266 red-

132 298 214 344 dat,
230 303 268 335 et
289 309 334 335 ex
362 309 420 343 eo,
441 295 545 346 quod
570 294 720 345 legibus
745 292 893 330 utimini
920 305 1024 329 nunc
1053 292 1144 329 ratis
1171 297 1211 329 et
1239 291 1336 335 fixis,
1356 304 1423 340 pro
1449 289 1580 327 exsule

133 359 239 403 civis,
269 371 338 410 pro
368 358 514 396 minuto
547 355 672 407 capite
703 353 979 405 quadruplator
1010 353 1135 391 factus
1168 360 1239 391 est.
1308 351 1370 388 Ad
1398 351 1584 388 Meletum

133 427 301 465 transeo,
321 418 385 469 qui
406 419 478 456 sub
497 416 652 467 triginta
669 421 919 464 tyrannorum
941 414 1138 453 dominatu
1158 413 1360 456 Leontem,
1378 425 1492 462 quem
1513 424 1581 449 vos

136 494 270 519 omnes
291 480 410 518 nostis
430 477 640 528 [hominem
662 475 946 513 sanctissimum
966 481 1004 513 et
1023 475 1138 513 vestri
1162 471 1516 520 studiosissimum],
1535 471 1585 508 ad

137 541 415 580 undecimviros
436 542 520 590 [pro
534 539 616 575 fure
634 544 701 575 aut
718 537 886 586 latrone]
908 537 1079 575 abduxit.
1137 536 1255 586 Atqui
1269 535 1328 572 lex
1345 534 1429 571 haec
1445 541 1482 571 et
1497 533 1586 571 olim

138 603 211 640 suit
224 603 261 640 in
279 615 363 645 usu,
377 599 557 650 imprimis
575 600 728 649 sapiens
742 605 781 636 et
795 598 993 648 praeclara,
1010 604 1048 635 et
1062 611 1166 635 nunc
1181 596 1308 634 adhuc
1321 596 1425 646 viget
1438 607 1588 644 usuque

140 671 267 701 vestro
298 661 572 710 frequentatur,
594 667 649 706 ut,
675 660 738 710 qui
766 659 968 697 consilium
1001 658 1136 696 sceleri
1159 656 1404 707 exsequendo
1431 654 1592 698 dederit,

138 722 261 774 poenis
289 727 467 759 teneatur
493 720 642 766 iisdem,
664 720 802 771 quibus
822 720 888 770 qui
915 720 1041 758 scelus
1059 719 1142 771 ipse
1163 719 1240 757 suis
1260 718 1436 755 manibus
1456 729 1591 767 perpe-

141 783 258 821 trarit.
314 782 589 820 Verumtamen
617 782 718 828 ideo,
737 781 839 832 quod
870 781 976 832 leges
1005 780 1113 819 vobis
1142 780 1189 818 ab
1209 779 1407 817 Archonte
1433 777 1593 816 Euclide

140 843 228 881 inde
245 842 382 880 validae
411 850 516 887 sunt,
538 855 616 880 non
639 842 731 880 licet
751 841 903 880 Leontis
931 842 1059 880 liberis
1085 841 1276 879 actionem
1297 839 1414 878 caedis
1433 839 1472 876 in
1491 838 1592 876 hunc

143 904 330 941 Meletum
361 903 556 941 intendere
576 905 709 954 [quam
744 903 838 941 alias
869 915 919 940 ex
947 902 1013 940 illa
1041 902 1161 940 altera
1184 901 1299 938 modo
1322 900 1482 939 laudata
1507 899 1594 949 lege

142 965 288 1017 optimo
301 965 389 1016 jure
409 965 610 1016 possent]:
639 978 727 1002 nam
750 977 795 1001 ne
815 964 898 1014 ipse
917 963 1072 1014 quidem
1086 963 1254 1000 Meletus
1275 961 1456 1000 infitietur
1476 961 1597 999 Leon-

142 1036 220 1066 tem
239 1041 262 1066 a
281 1041 322 1065 se
344 1027 394 1065 ad
416 1025 696 1065 undecimviros
725 1026 933 1064 abductum
962 1039 1059 1064 esse.
1119 1024 1328 1076 Epichares
1349 1024 1514 1074 denique
1535 1023 1597 1061 hic

146 1102 222 1127 non
242 1089 357 1126 modo
377 1095 451 1133 est,
475 1088 544 1126 sed
568 1087 700 1126 haberi
725 1100 877 1138 quoque
897 1087 980 1124 vult
1004 1086 1223 1124 mortalium
1251 1086 1419 1123 omnium
1447 1084 1597 1135 nequis-

146 1154 288 1191 simus:
319 1165 407 1190 nam
437 1152 625 1190 scelerum
659 1164 813 1189 suorum
845 1163 978 1201 poenas
1005 1150 1084 1201 ipse
1113 1163 1136 1188 a
1167 1157 1286 1187 semet
1314 1149 1464 1199 repetit.
1521 1148 1599 1186 Sub

146 1214 301 1265 triginta
321 1212 490 1264 tyrannis
513 1220 665 1250 senator
684 1212 778 1249 fuit:
809 1211 1029 1262 hujusmodi
1057 1218 1184 1249 autem
1206 1211 1253 1248 de
1273 1210 1489 1247 hominibus
1509 1210 1601 1259 quid

151 1274 286 1313 statuit
306 1275 366 1311 lex
384 1274 472 1325 pilae
493 1274 613 1311 incisa
633 1286 761 1311 coram
776 1273 882 1310 curia
897 1272 1014 1310 fixae?
1084 1272 1412 1323 Magistratum
1445 1272 1527 1321 (ait)
1562 1271 1605 1308 in

147 1339 258 1375 urbe
287 1336 366 1387 qui
396 1337 600 1387 gesserit
628 1342 736 1386 post
766 1348 975 1372 eversum
1004 1341 1177 1372 statum
1212 1334 1499 1385 popularem,
1528 1335 1604 1371 im-

147 1411 271 1449 pune
304 1398 508 1444 moritor,
543 1410 735 1447 eumque
770 1397 847 1447 qui
879 1396 1121 1441 occiderit,
1157 1396 1195 1433 is
1229 1409 1373 1446 purus
1407 1409 1428 1433 a
1461 1395 1603 1432 caedis

150 1459 341 1511 piaculo
386 1466 503 1504 esto,
544 1466 588 1497 et
633 1460 752 1496 bona
798 1458 1028 1508 perempti
1073 1457 1332 1508 possideto.
1404 1456 1603 1506 Numquid

150 1521 268 1568 aliud,
287 1534 309 1558 ο
329 1520 527 1572 Epichare,
549 1519 624 1557 dici
644 1520 771 1557 fierive
792 1526 932 1569 potest,
950 1532 1078 1568 quam,
1091 1518 1121 1555 si
1141 1518 1227 1568 quis
1248 1524 1284 1556 te
1303 1530 1405 1555 nunc
1421 1517 1606 1555 occiderit

150 1583 242 1634 [hac
261 1582 381 1620 fretus
407 1580 665 1619 admonitione
685 1594 731 1618 ex
752 1594 810 1618 me
832 1580 994 1628 audita]‚
1017 1592 1131 1630 puras
1152 1578 1186 1616 ei
1207 1586 1438 1630 sanctasque
1458 1592 1481 1616 a
1499 1585 1604 1616 reatu

149 1644 267 1682 caedis
294 1657 430 1682 manus
458 1642 570 1681 esse?
618 1642 683 1680 Nil
709 1643 881 1694 profecto
905 1641 1021 1687 aliud,
1041 1640 1254 1678 secundum
1275 1640 1427 1678 Solonis
1448 1639 1603 1691 quidem

151 1706 258 1757 leges
278 1705 309 1743 si
323 1705 388 1756 jus
409 1704 688 1742 arbitrabimur.
747 1703 884 1741 Recita
902 1709 944 1741 tu
964 1702 1054 1739 mihi
1074 1702 1172 1740 hanc
1192 1702 1318 1753 legem
1337 1715 1358 1740 e
1377 1702 1469 1753 pila.

821 1822 939 1859 LEX.

197 1907 317 1939 Placuit
331 1908 457 1947 populo,
468 1918 536 1937 cum
550 1907 647 1937 tribus
660 1907 779 1937 AEautis
789 1912 967 1947 prytaneatu
983 1907 1169 1946 fungeretur,
1182 1907 1337 1946 Cleogene
1349 1906 1479 1937 scribam
1490 1910 1612 1946 agente,

155 1959 273 1990 Boetho
289 1958 430 1998 epistatae
441 1959 584 1988 honorem
598 1965 734 1996 gerente,
746 1959 844 1988 factus
860 1962 908 1987 est
923 1958 1011 1996 hujus
1026 1957 1121 1987 literis
1139 1958 1322 1997 consignatae
1337 1956 1494 1987 sententiae
1507 1962 1612 1987 auctor

157 2010 402 2049 Demophantus.
445 2009 574 2038 Orditur
598 2009 654 2038 hoc
670 2009 848 2047 psephisma
861 2009 1108 2038 commemoratio
1124 2009 1270 2047 temporis
1285 2019 1344 2048 quo
1359 2009 1450 2037 latum
1465 2008 1535 2043 fuit,
1553 2008 1612 2037 sci-

155 2061 229 2090 licet
246 2071 283 2090 eo
298 2066 404 2089 senatu
428 2060 578 2098 rempubl.
594 2061 791 2098 gubernante,
809 2059 860 2097 qui
884 2065 964 2088 sorte
984 2059 1093 2088 ductus
1117 2059 1196 2088 sedit
1213 2070 1250 2088 eo
1271 2068 1346 2088 anuo
1368 2068 1428 2097 quo
1443 2058 1613 2097 Cleogenes

158 2109 339 2149 scripturam
352 2109 470 2149 primus
484 2109 568 2139 fecit.
605 2110 705 2139 Verba
717 2108 932 2149 psephismatis
946 2113 1046 2138 autem
1059 2109 1127 2148 ipsa
1141 2109 1184 2138 sic
1199 2120 1230 2138 se
1242 2109 1370 2139 habent:
1387 2110 1505 2139 Statum
1517 2108 1611 2139 liber-

156 2160 229 2191 tatis
239 2160 396 2201 popularis
409 2160 514 2199 siquis
527 2160 654 2190 Athenis
664 2161 822 2196 everterit,
836 2166 885 2189 aut
899 2170 1047 2199 oppressa
1060 2171 1124 2199 rep.
1134 2161 1276 2191 honorem
1289 2161 1459 2200 quempiam
1471 2161 1614 2201 gesserit,

161 2211 189 2241 is
204 2210 302 2241 hostis
318 2211 549 2240 Atheniensium
565 2211 703 2250 habetor,
718 2216 808 2249 atque
824 2211 920 2240 inulto
936 2211 1074 2246 moritor,
1086 2217 1115 2241 et
1128 2212 1284 2241 facultates
1295 2211 1572 2252 ejuspublicantor,
1584 2217 1616 2242 et

160 2263 281 2292 decima
293 2272 364 2301 pars
377 2273 480 2292 earum
498 2262 646 2293 Minervae
661 2273 748 2292 sacra
764 2267 830 2292 esto
843 2272 849 2290 :
873 2273 957 2292 reum
975 2266 1074 2292 autem
1091 2264 1197 2292 horum
1212 2263 1376 2293 facinorum
1393 2264 1445 2303 qui
1460 2268 1511 2294 aut
1524 2274 1614 2294 mauu

162 2323 218 2343 sua
232 2313 408 2352 peremerit,
420 2317 471 2342 aut
483 2313 669 2352 peremptori
682 2313 776 2342 caedis
791 2318 897 2343 auctor
907 2318 937 2343 et
952 2313 1130 2343 administer
1146 2315 1245 2344 factus
1262 2314 1363 2350 fuerit,
1376 2316 1464 2345 ambo
1476 2315 1573 2345 sancti
1584 2319 1615 2345 et

161 2364 205 2403 pii
215 2364 374 2398 habentor,
385 2363 497 2402 licetoq
504 2374 539 2393 ue
550 2363 627 2402 ipsis
639 2364 752 2403 templa
762 2364 886 2393 deorum
900 2364 1000 2394 omnia
1008 2365 1131 2403 foraque
1141 2369 1172 2395 et
1181 2365 1249 2395 loca
1256 2365 1343 2395 adire
1351 2376 1411 2405 quo
1418 2366 1535 2396 honesti
1544 2376 1615 2395 cou-

162 2414 295 2444 veniunt.
320 2415 361 2443 Et
373 2418 512 2443 teueutor
520 2414 722 2444 Athenienses
735 2415 1052 2453 omnesjurejurando,
1063 2414 1199 2445 tributim
1214 2421 1244 2446 et
1254 2416 1395 2446 curiatim
1406 2427 1498 2456 super
1507 2416 1617 2446 hostiis

163 2465 307 2505 perfectis
320 2465 449 2494 dicendo
461 2475 530 2494 sese
541 2464 744 2503 obstringere,
761 2469 804 2501 ut,
821 2465 871 2504 qui
888 2465 973 2496 istaec
990 2466 1097 2496 fecerit
1113 2466 1158 2506 [h.
1175 2477 1203 2497 e.
1219 2468 1270 2507 qui
1284 2473 1335 2498 aut
1347 2468 1413 2508 ipse
1425 2468 1614 2507 tyrannidem

161 2515 345 2551 exercuerit,
355 2520 407 2545 aut
419 2514 540 2555 tyranni
554 2515 714 2545 satellitem
727 2526 759 2545 se
769 2516 1000 2556 gesserit],eum
1013 2517 1155 2547 occidere
1165 2518 1268 2548 velint.
1290 2519 1506 2558 Jusjurandum
1517 2523 1616 2548 autem

164 2577 257 2606 super
269 2568 324 2597 hae
337 2577 368 2596 re
384 2567 494 2596 dicitor
510 2567 584 2596 hauc
597 2566 626 2595 in
644 2567 800 2596 formulam
816 2573 1012 2606 conceptum:
1053 2569 1132 2608 Pop
1141 2569 1175 2598 ul
1186 2569 1196 2599 i
1222 2571 1247 2599 A
1257 2571 1318 2600 the
1327 2570 1412 2599 nien
1422 2570 1476 2599 sis
1500 2569 1553 2598 lib
1562 2580 1616 2599 er-

165 2621 279 2646 tatem
305 2623 417 2656 atque
444 2619 677 2656 majestatem
701 2618 733 2647 si
759 2619 841 2658 quis
863 2620 1066 2658 jugularit,
1088 2626 1151 2650 aut
1172 2621 1243 2660 qui,
1266 2621 1335 2651 illa
1356 2631 1547 2660 oppressa
1564 2624 1617 2661 ja-

167 2671 287 2702 cente,
313 2667 492 2696 honorem
526 2668 639 2698 ullum
671 2669 851 2708 gesserit,
877 2671 1075 2701 autetiam
1101 2671 1348 2710 imposterum
1378 2671 1411 2701 si
1441 2671 1525 2710 quis
1553 2683 1616 2702 ex-

166 2718 282 2747 sistat
313 2719 374 2757 qui
407 2719 579 2757 tyrannid
591 2730 642 2749 em
674 2720 854 2750 moliatur
886 2727 949 2751 ant
982 2723 1192 2761 adjutorem
1229 2733 1266 2751 se
1297 2727 1456 2762 praestet
1491 2728 1617 2764 tyran-

171 2767 293 2796 nidem
320 2768 531 2805 affectanti,
555 2780 634 2799 eum
664 2775 701 2799 et
728 2781 796 2809 ego
826 2771 910 2810 ipse
940 2771 1120 2806 occidam,
1151 2777 1187 2801 et
1217 2771 1314 2801 alius
1346 2772 1376 2802 si
1405 2772 1488 2812 quis
1517 2775 1617 2804 occi-

166 2817 285 2852 derit,
311 2818 405 2847 huno
429 2824 594 2849 sanctum
618 2819 792 2859 piumque
819 2826 855 2851 et
882 2832 971 2861 erga
994 2822 1011 2850 d
1023 2833 1087 2851 eos
1111 2827 1148 2851 et
1170 2831 1259 2860 erga
1286 2832 1460 2853 semones
1485 2823 1616 2860 habeo,

169 2873 210 2903 ut
235 2877 327 2903 eum,
350 2866 412 2906 qui
442 2868 584 2899 hostem
614 2872 639 2900 A
652 2871 777 2901 theuie
788 2871 906 2902 nsium
938 2872 1145 2910 peremerit
1160 2883 1167 2908 ς
1201 2872 1448 2912 fortunasque
1475 2885 1614 2913 perem-
