1822 3219
523 102 742 141 CONTRA
771 103 1103 143 AGORATUM‚
1457 106 1536 141 245

585 284 589 287 ¹
648 265 970 304 DECRETUM.

94 360 313 399 Secundum
327 359 402 397 hoc
418 358 614 396 decretum
628 358 745 408 igitur
757 358 951 397 indicabat
968 358 1230 396 Menestratus
1246 357 1398 395 nomina
1413 359 1540 398 adhuc

95 422 170 459 alia
182 420 373 471 quaedam,
387 426 527 470 praeter
542 419 697 468 illajam
715 420 762 456 ab
780 419 950 469 Agorato
966 419 1148 457 indicata.
1177 418 1319 457 Verum
1336 417 1542 467 enimvero,

94 494 208 531 quem
229 480 510 517 Menestratum
524 478 848 529 Trigintatyranni
869 480 1122 524 absolverunt,
1136 477 1294 529 perinde
1309 484 1422 527 atque
1438 478 1542 516 hunc

95 542 320 590 Agoratum‚
341 538 552 587 eademque
579 538 626 575 de
653 551 783 583 causa,
802 540 905 589 quod
930 553 1068 590 nempe
1087 539 1190 576 visus
1212 544 1314 578 esset
1333 550 1422 575 vera
1447 538 1544 575 indi-

95 613 229 639 casse:
269 612 355 636 eum
378 611 445 636 vos
483 598 602 636 multo
629 607 715 649 post
746 600 941 637 homicidii
965 614 1072 638 reum
1098 600 1216 645 nacti,
1241 613 1328 637 cum
1354 600 1544 638 haberetis

95 661 275 713 potestati
295 665 431 697 vestrae
462 660 681 706 obnoxium,
703 660 849 711 judicio
875 660 1046 712 legitimo
1075 661 1219 705 habim,
1246 660 1545 704 condemnastis,

96 729 212 771 atque
227 719 392 758 carnifici
407 720 630 765 tradidistis,
644 733 666 757 a
682 733 757 771 quo
773 721 937 758 fustibus
956 722 1004 759 ad
1021 735 1154 759 necem
1171 735 1295 759 caesus
1310 728 1383 759 est.
1415 721 1546 771 Atqui,

96 782 128 819 si
155 781 418 819 Menestratus
451 786 622 818 extremo
646 781 834 832 supplicio
864 781 1065 820 tolerando
1088 782 1240 819 meritas
1267 781 1373 819 dedit
1400 794 1547 831 poenas,

97 848 243 891 quanto
264 840 395 891 majori
409 839 496 890 jure
516 840 623 877 dabit
638 841 844 890 Agoratus,
861 842 925 891 qui
946 842 1226 878 Menestratum
1246 841 1452 878 indicando
1471 854 1549 878 non

97 901 214 938 modo
245 900 541 944 Menestratum,
573 899 642 936 sed
675 913 808 937 omnes
838 913 917 937 una
944 912 966 937 a
997 899 1238 937 Menestrato
1267 900 1469 946 indicatos,
1500 901 1550 939 ad

97 961 254 998 fatalem
275 961 458 998 moriendi
473 961 745 998 necessitatem
766 961 908 1010 adegit.
966 960 1110 1010 Ecquis
1131 959 1232 996 enim
1250 960 1299 998 sit
1318 960 1416 998 ullus
1437 962 1549 1008 alius,

99 1021 138 1059 in
158 1034 270 1072 quern
302 1021 377 1057 ista
404 1020 518 1070 culpa
540 1020 685 1070 justius
713 1021 943 1068 conferatur,
970 1033 1085 1071 quarn
1111 1020 1157 1067 is,
1184 1020 1249 1071 qui
1272 1020 1550 1061 Menestratum

100 1082 229 1131 coegit
246 1081 341 1118 alios
361 1080 559 1118 indicare?

157 1143 218 1178 14.
251 1141 285 1177 O
308 1153 420 1191 quam
450 1140 643 1178 dissimilis
665 1144 835 1192 Agorato
866 1142 982 1180 fuisse
1007 1143 1158 1181 videtur
1185 1143 1457 1194 Aristophanes
1488 1144 1552 1182 ille

103 1200 378 1245 Chollidensis,
399 1201 463 1251 qui
486 1201 744 1239 vadimonium
773 1216 841 1253 pro
865 1203 939 1240 hoc
965 1203 1049 1253 ipso
1072 1204 1242 1254 Agorato
1271 1212 1351 1242 tum
1372 1206 1552 1257 temporis

103 1264 234 1302 obibat
249 1271 362 1313 atque
375 1263 506 1301 lintres
525 1264 562 1300 in
577 1264 791 1315 Munychia
810 1265 1069 1315 comparabat,
1086 1278 1197 1315 super
1216 1266 1352 1315 quibus
1372 1280 1449 1304 una
1465 1279 1553 1304 cum

102 1324 176 1362 hoc
196 1325 366 1375 Agorato
395 1325 591 1374 auffugere
620 1320 777 1375 paratus
803 1332 897 1363 erat.
955 1326 1152 1368 Quantum
1179 1326 1217 1363 in
1243 1339 1288 1364 eo
1309 1334 1401 1373 erat,
1422 1328 1554 1366 abibas

103 1392 145 1422 tu
161 1391 243 1422 tum
264 1386 414 1430 salvus;
446 1386 554 1435 eique
576 1386 606 1423 si
627 1399 730 1423 esses
751 1387 972 1432 obsecutus,
990 1400 1114 1436 neque
1131 1387 1425 1426 Atheniensium
1438 1401 1556 1438 quen-

101 1459 216 1497 quam
245 1446 360 1483 exitio
388 1446 565 1483 dedisses
592 1459 719 1496 neque
746 1460 847 1485 nunc
878 1448 915 1484 in
941 1447 1014 1485 hoc
1045 1454 1151 1484 tanto
1176 1448 1312 1498 capitis
1339 1448 1554 1486 discrimine

104 1519 318 1543 versarere:
340 1509 420 1554 jam
443 1519 531 1544 vero
549 1513 591 1544 tu
619 1514 656 1543 et
680 1507 780 1544 hunc
808 1514 916 1545 tuum
936 1508 1073 1545 vadem
1095 1514 1133 1545 et
1151 1508 1317 1560 reliquos
1346 1522 1421 1546 una
1440 1510 1556 1547 vades

105 1572 192 1604 tuos
221 1578 355 1603 omnes
386 1566 555 1604 indicare
585 1580 700 1604 ausus
727 1580 782 1611 es,
809 1568 1026 1618 indicioque
1056 1569 1127 1606 istb
1155 1575 1221 1606 tuo
1247 1570 1556 1619 pessumdedisti.

106 1625 291 1663 Volentes
308 1626 409 1663 enirn
426 1627 582 1676 quidam
597 1626 700 1665 hunc
713 1627 1023 1678 Aristophanem,
1038 1629 1146 1678 quasi
1162 1629 1264 1666 haud
1282 1630 1374 1667 satis
1391 1630 1556 1681 ingenue

106 1685 242 1731 civem,
272 1687 471 1723 tormentis
505 1687 652 1738 subjici,
683 1694 837 1726 auctore
869 1689 959 1727 facti
992 1697 1082 1727 sunt
1110 1689 1253 1740 populo
1283 1697 1327 1727 ut
1358 1690 1557 1729 decretum

107 1747 220 1785 scribi
234 1748 390 1798 juberet
408 1747 447 1784 in
466 1748 565 1787 hanc
585 1748 800 1787 formulam.

674 1875 990 1913 DECRETUM.

106 1951 277 1989 Adibant
294 1951 367 1989 hoc
383 1951 484 1989 facto
500 1951 550 1988 ad
562 1950 858 2001 Aristophanem
873 1953 910 1990 hi
926 1966 1044 2003 penes
1061 1966 1157 2003 quos
1175 1962 1252 1992 turn
1270 1967 1419 1993 summa
1434 1969 1557 1994 rerum

107 2018 201 2054 erat,
220 2018 414 2061 rogantes,
437 2018 492 2055 ut,
513 2011 720 2049 indicando
739 2014 893 2050 nomina
919 2014 1160 2051 consciorum
1189 2016 1348 2054 salutem
1371 2029 1479 2053 suam
1501 2030 1559 2054 re-

107 2071 282 2115 dimeret,
305 2085 430 2122 neque
455 2072 537 2121 ipse
562 2079 682 2109 semet
707 2072 744 2109 in
771 2074 981 2123 periculum
1009 2082 1178 2112 extrema
1196 2089 1361 2126 quaeque
1387 2077 1559 2126 patiendi

109 2131 339 2177 demitteret,
361 2132 426 2169 ubi
450 2132 690 2182 injudicium
718 2135 997 2184 peregrinitatis
1018 2142 1177 2173 vocatus
1206 2143 1322 2173 esset.
1381 2137 1450 2173 Ille
1470 2150 1559 2175 vero

110 2193 270 2242 abrupte
303 2192 564 2230 conditionem
595 2195 893 2243 aspernabatur:
931 2202 1007 2232 tarn
1039 2195 1140 2245 frugi
1173 2203 1253 2234 erat
1280 2196 1561 2246 Aristophanes

109 2260 325 2303 vestraeque
345 2253 469 2302 plebis
491 2266 623 2291 amans
640 2261 679 2291 et
695 2254 904 2300 studiosus,
920 2261 963 2292 ut
977 2262 1136 2293 mortem
1157 2256 1332 2294 indicinae
1351 2257 1559 2307 praeferret.

111 2312 215 2351 Talis
246 2312 360 2362 igitur
391 2320 472 2350 erat
505 2313 796 2364 Aristophanes,
829 2315 912 2366 ipse
941 2329 1092 2366 quoque
1130 2329 1153 2354 a
1185 2324 1222 2354 te
1255 2317 1442 2363 sublatus,
1473 2318 1560 2356 talis

112 2372 329 2423 Xenophon
350 2385 461 2423 quem
483 2374 598 2411 modo
622 2374 796 2411 dicebam
816 2374 853 2411 in
873 2377 1073 2413 tormentis
1100 2377 1330 2427 exspirasse,
1350 2378 1436 2415 talis
1464 2378 1560 2427 Hip-

110 2435 194 2485 pias
213 2433 402 2472 Thasius:
434 2442 474 2471 tu
490 2447 579 2472 vero
597 2436 697 2472 cives
710 2435 964 2474 Athenienses
981 2450 1094 2487 quarn
1115 2438 1310 2488 plurimos,
1324 2439 1423 2475 viros
1443 2438 1560 2475 fortes

114 2500 154 2531 et
172 2494 309 2538 bonos,
324 2507 419 2544 quos
434 2495 540 2532 nullo
558 2495 700 2533 scelere
716 2509 849 2535 nosses
866 2499 1069 2548 obligatos,
1085 2500 1277 2538 delatione
1295 2507 1360 2537 tua
1375 2500 1561 2539 occidisti.

115 2553 197 2591 Cur
213 2554 399 2592 tandem?
440 2555 592 2605 Imponi
611 2570 747 2608 nempe
766 2564 843 2595 tuae
863 2559 1035 2596 stultitiae
1055 2566 1171 2611 atque
1188 2560 1401 2599 credulitati
1420 2573 1560 2610 passus

114 2626 200 2651 eras
220 2627 243 2652 a
261 2615 617 2668 TrigintatyranniS‚
638 2618 703 2668 qui
727 2619 826 2656 falsa
850 2625 888 2657 te
915 2620 1195 2671 pollicitatione
1220 2621 1474 2673 ductitabant,
1492 2622 1559 2660 ubi

111 2672 335 2713 innocentes
362 2676 434 2715 hos
463 2677 652 2715 calumnia
676 2685 743 2716 tua
766 2680 1022 2727 confodisses,
1041 2687 1084 2718 ut
1105 2687 1142 2718 te
1167 2687 1260 2726 tum,
1279 2681 1440 2719 velutin
1460 2695 1558 2720 mer-

111 2733 247 2772 cedem
262 2734 461 2784 latrocinii,
478 2738 525 2776 ad
545 2738 778 2791 principatus
798 2747 877 2779 tum
896 2740 1145 2780 coalescentis
1165 2741 1403 2781 consortium
1422 2742 1554 2781 admit-

113 2799 247 2832 terent.
