1822 3219
609 149 679 186 DE
709 148 1015 186 MYSTERIIS.
1483 151 1530 186 87

91 255 234 300 partem
254 249 356 287 haud
376 250 514 295 tulerit,
535 250 688 287 infamia
721 249 930 293 notabitur,
949 261 1071 298 eoque
1092 249 1193 286 facto
1215 261 1290 287 non
1310 249 1444 287 licebit
1461 249 1533 299 ipsi

90 309 130 348 iu
168 312 352 362 templum
387 312 544 350 dearum
575 309 735 361 ingredi,
768 318 844 354 aut,
879 311 910 348 si
948 311 1092 356 fecerit,
1122 318 1243 349 morte
1276 312 1533 350 mulctabitur.

92 371 208 415 Quod
227 373 259 410 si
281 376 360 421 jam
380 373 485 411 vobis
504 372 660 410 videbor
677 372 750 410 hoc
770 372 818 409 de
837 373 993 409 crimine
1013 372 1052 410 id
1072 373 1177 422 quod
1196 373 1288 410 satis
1309 373 1358 410 sit
1377 373 1531 418 dixisse,

91 433 304 485 significate
325 435 363 472 id
381 435 472 472 mihi
492 443 601 480 nutu,
619 447 695 484 quo
717 436 764 471 de
784 434 939 484 reliquis
959 448 1112 488 quoque
1142 449 1204 474 me
1231 435 1305 473 hoc
1336 436 1531 474 lubentius

92 502 207 546 atque
226 496 476 534 confidentius
495 509 670 547 purgem.
1218 509 1220 511 ’

149 560 186 596 8.
216 558 293 596 Sed
325 558 546 608 significatis
577 556 766 602 nimirum,
792 557 899 595 vobis
930 570 953 594 a
981 571 1042 594 me
1074 557 1149 595 hoc
1188 557 1237 595 de
1267 557 1393 608 capite
1423 557 1533 595 satis-

90 619 234 658 factum
264 631 376 657 esse:
406 627 639 670 quapropter
670 619 718 657 de
751 618 1040 656 simulacrorum
1068 619 1328 670 amputatione
1347 625 1388 656 et
1409 618 1458 657 de
1477 619 1535 656 in-

93 681 282 720 dicatione
301 681 350 718 ad
369 680 468 718 hanc
495 681 795 732 amputationem
825 680 1054 731 pertinente,
1078 688 1120 717 ut
1139 681 1264 732 recepi
1285 680 1391 718 vobis
1410 680 1536 718 factu-

90 755 188 787 rum,
206 742 258 779 ita
285 755 387 780 nunc
417 743 568 788 faciam,
600 750 643 779 ut
672 755 753 779 rem
784 756 806 780 a
835 742 1020 792 principio
1047 742 1138 780 inde
1166 749 1287 780 totam
1322 741 1535 780 enarrando

90 801 197 840 vobis
215 815 439 853 proponam.
497 803 646 841 Teucer
672 810 727 848 ut,
758 803 1022 853 impunitatem
1049 809 1196 848 nactus,
1217 815 1240 840 a
1269 804 1433 853 Megara
1458 802 1537 840 huc

87 863 212 908 rediit,
232 870 271 901 et
297 864 346 901 de
377 865 494 902 sacris
525 865 733 915 profanatis
765 877 853 914 quae
886 870 998 901 norat
1028 863 1210 901 indicavit
1238 864 1304 914 [de
1323 877 1401 914 quo
1421 863 1537 914 paulo

88 930 178 961 ante
209 924 360 961 memini
391 937 449 962 me
482 925 625 973 dicere]
657 932 695 962 et
732 924 779 962 de
812 925 855 961 iis
886 938 908 962 a
938 937 1099 974 quorum
1137 924 1300 962 audacia
1335 924 1537 962 simulacra

87 983 252 1022 fuissent
270 986 457 1030 mutilata,
487 993 525 1024 et
550 986 692 1036 scripto
725 986 965 1036 consignavit
984 985 1249 1035 duodeviginti
1271 986 1436 1023 virorum
1464 997 1533 1022 no-

89 1045 194 1084 mina
228 1046 303 1084 hoc
335 1047 477 1085 scelere
514 1048 807 1097 implicatorum.
864 1047 951 1090 Quo
984 1048 1088 1085 facto
1119 1047 1182 1084 alii
1209 1060 1339 1084 eorum
1367 1047 1462 1097 fuga
1494 1060 1536 1084 se

89 1107 367 1153 subduxerunt,
389 1108 451 1145 alii
476 1108 741 1158 comprehensi
773 1114 893 1146 morte
922 1107 1090 1154 luerunt,
1110 1121 1156 1145 ex
1184 1108 1351 1146 indicina
1379 1107 1533 1145 Teucri.

92 1168 227 1208 Recita
244 1177 286 1207 tu
306 1170 396 1208 mihi
414 1183 545 1209 eorum
564 1170 729 1209 nomina.

691 1272 933 1310 NOMINA.

127 1358 246 1387 Teucer
267 1368 357 1398 super
381 1358 505 1387 Hei-mis
523 1358 668 1387 indicavit
691 1358 922 1393 Euctemonem‚
947 1357 1164 1396 Glaucippum,
1181 1357 1418 1397 Eurymachum,
1434 1361 1529 1401 Poly-

86 1412 220 1444 euctum,
236 1408 403 1444 Platonem,
421 1408 616 1444 Antidorum,
632 1408 829 1448 Charippum,
841 1409 1044 1444 Theodorum,
1060 1408 1278 1446 Alcistheuem,
1296 1411 1532 1448 Menestratum,

83 1458 329 1498 Eryximachum,
357 1459 568 1498 Euphiletum,
597 1460 865 1499 Eurydamantem,
904 1460 1093 1495 Phereclem,
1130 1459 1291 1496 Meletum‚
1328 1461 1532 1500 Timanthem,

84 1509 312 1545 Archidamum,
327 1509 515 1539 Telenicum.
1033 1508 1036 1509 ⁷

80 1592 236 1630 Horum
269 1592 329 1630 alii
363 1593 410 1630 ab
438 1592 571 1630 exsilio
602 1593 757 1631 domum
787 1594 925 1631 reversi
945 1593 1100 1630 nuncin
1120 1594 1212 1630 urbe
1232 1603 1530 1643 commorantur,

81 1654 241 1692 aliorum
258 1655 338 1693 fato
358 1668 428 1693 suo
448 1655 719 1693 defunctorum
741 1655 946 1693 necessarii
977 1656 1088 1693 multi
1108 1669 1265 1694 numero
1295 1666 1527 1707 supersunt;

80 1729 240 1766 quorum
259 1717 476 1767 quicunque
496 1717 612 1763 volet,
629 1717 800 1755 oratione
821 1730 906 1754 mea
925 1724 1094 1763 tenente,
1115 1718 1313 1756 ascendito
1334 1726 1448 1769 atque
1467 1733 1527 1759 me

80 1779 316 1829 redargusto,
338 1779 619 1825 demonstrans,
633 1779 770 1817 horum
789 1779 954 1817 virorum
974 1792 1191 1829 quenquam
1211 1787 1366 1830 propter
1384 1793 1444 1819 me
1463 1788 1529 1819 aut

82 1841 122 1878 in
142 1842 317 1879 exsilium
335 1842 425 1887 isse,
446 1850 511 1880 aut
530 1849 690 1882 mortem
710 1842 907 1880 tolerasse.

136 1907 174 1942 9.
195 1904 416 1941 Secundum
431 1904 527 1949 haec,
545 1904 733 1942 Pisander
747 1911 785 1942 et
801 1903 1011 1949 Charicles,
1027 1904 1092 1954 qui
1111 1904 1150 1941 in
1168 1917 1327 1942 numero
1347 1906 1529 1955 quaesito-

82 1977 164 2001 rum
177 1973 306 2003 essent
320 1978 433 2016 super
445 1965 522 2002 hoc
537 1966 692 2016 negotio
706 1973 934 2011 creatorum,
948 1972 1062 2015 atque
1076 1966 1114 2003 id
1131 1965 1310 2016 temporis
1327 1966 1529 2006 studiosis-

81 2026 166 2063 simi
194 2026 315 2077 plebis
341 2027 582 2072 haberentur,
604 2034 779 2065 auctores
811 2028 968 2073 fiebant,
989 2027 1095 2077 quod
1114 2027 1263 2065 facinus
1292 2028 1398 2066 istud
1422 2029 1527 2067 haud

79 2102 286 2140 paucorum
299 2098 414 2137 esset,
428 2091 495 2128 sed
509 2091 558 2129 ad
570 2092 665 2142 juris
681 2091 800 2129 civilis
812 2098 929 2141 atque
943 2098 1067 2129 status
1081 2092 1276 2143 popularis
1289 2092 1527 2132 eversionem

77 2152 298 2202 pertineret,
315 2152 441 2203 plures
460 2152 587 2190 adhuc
607 2153 832 2202 quaesitores
851 2152 983 2197 creari,
1004 2159 1042 2190 et
1061 2165 1083 2190 a
1101 2152 1311 2202 quaerendo
1327 2166 1405 2192 non
1420 2155 1524 2206 prius

77 2212 221 2259 desisti,
239 2227 353 2264 quarn
368 2214 477 2252 ulcus
498 2213 573 2252 hoc
592 2214 766 2252 funditus
783 2221 886 2252 esset
906 2215 1171 2265 exstirpatum.
1228 2214 1425 2253 Praeterea
1443 2222 1527 2255 tota

75 2275 208 2313 civitas
238 2276 465 2327 trepidabat,
495 2289 728 2327 unoquoque
755 2276 802 2315 de
829 2290 869 2314 se
889 2284 1109 2315 metuente:
1140 2290 1270 2328 praeco
1288 2278 1388 2316 enirn
1407 2291 1524 2329 quam

73 2335 234 2385 primum
246 2336 536 2387 proclamasset,
547 2336 660 2375 licere
672 2340 753 2385 jam
767 2338 917 2375 senatui
931 2338 968 2376 in
985 2339 1129 2376 curiam
1144 2338 1278 2385 redire,
1294 2339 1524 2390 signumque

74 2396 315 2443 detraxisset,
335 2397 509 2447 protinus
531 2410 554 2435 a
579 2398 689 2449 signo
709 2398 898 2443 detracto,
932 2406 1088 2437 senatus
1117 2399 1274 2449 quidem
1303 2400 1453 2439 redibat
1483 2403 1522 2440 in

70 2460 227 2506 curiam,
248 2460 484 2511 plebeiorum
505 2468 634 2499 autem
649 2474 763 2499 nemo
792 2463 830 2500 in
849 2462 934 2500 foro
952 2463 1148 2509 manebat,
1167 2462 1235 2501 sed
1255 2465 1522 2515 unusquisque

72 2521 229 2560 domum
271 2521 490 2568 festinabat,
517 2529 693 2560 metuens
725 2536 773 2561 ne
806 2523 1209 2574 comprehenderetur.
1268 2525 1384 2562 Malis
1417 2525 1520 2564 hisce

73 2582 163 2632 reip.
178 2582 396 2621 domesticis
427 2583 578 2622 illectus
611 2584 810 2623 Dioclides
834 2584 888 2623 ad>
912 2585 1162 2636 cupiditatem
1181 2587 1380 2623 turbarum
1408 2587 1515 2625 cien-

73 2641 207 2680 darum
224 2656 293 2694 per
311 2657 407 2695 quas
427 2645 510 2695 ipse
528 2653 732 2692 cresceret,
750 2651 790 2684 et
807 2646 855 2684 ad
876 2659 985 2697 spem
1003 2659 1191 2685 novarum
1211 2659 1338 2684 rerum
1351 2654 1517 2695 erectus,

73 2702 173 2740 ultro
194 2704 243 2742 ad
260 2712 435 2743 senatum
454 2706 757 2754 intronuntiavit,
773 2720 815 2745 se
833 2720 948 2746 nosse
968 2708 1034 2758 qui
1066 2707 1231 2745 Hermas
1261 2707 1516 2756 mutilassent,

73 2770 112 2800 et
130 2776 214 2802 esse
238 2765 288 2803 ad
318 2773 510 2806 trecentos
538 2781 722 2813 numero;
751 2782 919 2819 unaque,
938 2770 1003 2819 qui
1025 2768 1185 2806 vidisset
1217 2773 1331 2818 atque
1361 2771 1517 2821 negotio

70 2837 159 2862 cum
194 2834 383 2876 gereretur
410 2829 688 2877 intervenisset,
715 2831 908 2881 exposuit.
966 2831 1097 2879 Atque
1129 2828 1186 2866 his
1218 2841 1292 2879 ego
1322 2842 1406 2877 vos,
1434 2832 1514 2878 viri,

70 2899 163 2938 rogo
183 2894 226 2925 ut
246 2887 411 2927 animum
438 2891 655 2938 attendatis,
687 2905 710 2930 a
741 2899 945 2942 vestraque
977 2890 1159 2929 memoria
1191 2890 1389 2941 requiratis
1423 2907 1514 2931 num
