1822 3219
216 167 294 206 360
870 164 1041 203 LYSIAE

209 265 542 318 pauperrimos
579 266 774 304 reddere
809 266 999 304 laboras
1029 279 1050 304 e
1083 265 1418 317 locupletibus
1453 267 1532 317 qui
1565 274 1674 305 sunt

209 333 379 366 natura
410 336 455 367 et
481 329 609 380 jure.
664 328 720 365 Et
750 327 915 365 talium
942 334 1032 364 tam
1064 327 1272 378 turpium
1297 327 1383 365 tibi
1413 327 1673 365 facinorum

210 391 450 437 conscius,
475 397 628 428 tamen
657 401 809 439 neque
838 388 952 426 deos
982 388 1280 434 reformidas,
1305 401 1454 439 neque
1477 388 1672 426 tacitam

209 452 451 490 oculorum
478 464 682 490 meorum
714 450 1136 500 reprehensionem
1169 450 1366 488 metuis?
1395 458 1486 487 tam
1516 463 1563 487 es
1589 450 1672 487 im-

208 512 415 562 pudens!
457 526 573 564 quae,
601 525 701 550 cum
735 511 845 549 filia
871 518 951 549 tua
971 512 1070 555 sim,
1102 518 1148 549 te
1175 512 1280 549 novi
1307 519 1378 550 tot
1405 519 1449 549 et
1476 518 1566 549 tam
1596 511 1671 548 foe-

210 573 282 611 dis
308 574 585 612 criminibus
612 573 892 616 obnoxium;
923 586 1075 624 neque
1104 574 1268 612 fratris
1296 574 1567 618 meministi,
1589 573 1672 612 sed

209 635 346 673 nobis
392 637 603 674 omnibus
640 634 838 686 praefers
874 636 1101 673 bonorum
1145 647 1226 686 per
1265 635 1398 672 nefas
1429 641 1672 686 partorum

207 698 591 746 possessionem!
638 695 874 745 Hujusmodi
911 695 1079 733 convitio
1115 695 1278 746 aliisque
1315 695 1445 732 multis
1483 694 1671 732 similibus

209 757 372 807 probris,
392 770 479 806 quae
499 758 618 795 tacita
637 763 838 807 praetereo,
859 757 993 794 mulier
1011 757 1048 793 in
1067 764 1216 807 patrem
1245 756 1511 802 invehebatur,
1532 757 1674 806 quibus

209 829 279 856 nos
301 818 367 868 qui
383 819 588 856 aderamus
608 829 742 855 omnes
767 818 925 855 mirifico
946 825 984 855 et
1009 817 1224 855 incredibili
1247 830 1364 855 seusu
1390 824 1471 854 tum
1495 817 1672 868 indigua-

210 878 324 916 tionis
354 885 434 916 tum
455 878 802 917 commiserationis
829 885 944 928 atque
963 877 1202 928 aegritudinis
1223 886 1425 928 metusque
1454 891 1672 916 commove·

208 940 367 977 bamur:
408 940 527 978 modo
558 939 659 976 enim
690 941 728 976 in
765 951 905 989 pueros
933 939 1124 976 intuentes
1151 950 1221 975 nos
1255 938 1410 976 subibat
1440 939 1670 984 recordatio,

209 1013 324 1051 quam
352 1001 563 1051 splendidis
583 1013 603 1038 e
629 1000 791 1038 fortunis
813 1000 1073 1051 superioribus
1094 1013 1211 1050 quam
1234 1000 1488 1038 miserabilem
1509 1000 1558 1038 ad
1580 1013 1672 1051 ege-

210 1068 351 1099 statem
381 1062 627 1107 decidissent,
659 1069 698 1098 et
727 1061 836 1112 cujus
866 1060 1035 1104 scelere;
1070 1061 1187 1099 modo
1216 1061 1445 1099 occurrebat
1470 1073 1586 1112 quam
1615 1061 1671 1098 in·

210 1122 371 1172 dignum
393 1130 558 1161 tutorem
578 1131 686 1174 pater
707 1122 833 1160 liberis
848 1122 1080 1173 reliquisset,
1103 1122 1304 1173 indignum
1325 1135 1391 1173 spe
1411 1118 1531 1173 ipsius
1551 1128 1591 1160 et
1601 1135 1670 1160 no-

211 1185 312 1222 mine
342 1185 466 1223 fratris
498 1185 661 1236 ipsoque
688 1184 826 1222 tutoris
857 1184 1034 1227 nomine;
1065 1183 1182 1221 modo
1203 1190 1327 1221 metus
1351 1183 1400 1221 de
1420 1190 1522 1220 sorte
1541 1190 1674 1220 nostra

211 1245 494 1296 liberorumque
525 1254 744 1283 nostrorum
779 1252 896 1294 atque
925 1243 1121 1282 miseratio
1153 1244 1320 1288 subibat,
1352 1255 1605 1293 quorumnam
1633 1243 1671 1280 in

212 1307 346 1346 dentes
366 1307 611 1358 ungulasque
637 1307 814 1357 luporum
844 1305 1041 1356 rapacium
1061 1305 1227 1343 fortunae
1248 1311 1389 1342 nostrae
1408 1311 1448 1342 et
1465 1303 1672 1341 liberorum

210 1368 438 1418 patrimonia
455 1375 585 1405 esseut
612 1367 819 1417 aliquando
845 1366 1013 1404 fataliter
1032 1366 1256 1411 deventura,
1276 1365 1388 1402 nobis
1413 1377 1434 1402 e
1460 1365 1576 1403 rebus
1601 1365 1673 1402 hu·

212 1429 338 1467 manis
353 1429 554 1478 exemptis,
575 1428 651 1465 hoc
669 1435 747 1466 tam
770 1436 902 1477 aperto
923 1433 963 1464 et
985 1426 1221 1464 memorabili
1241 1426 1474 1464 documento
1494 1425 1673 1464 certiores

210 1502 280 1528 nos
296 1490 499 1534 reddente,
520 1495 703 1539 spectatae
722 1488 811 1525 fidei
830 1488 1008 1532 amicum,
1031 1487 1093 1525 cui
1113 1494 1150 1524 te
1170 1494 1315 1537 tuaque
1333 1494 1417 1524 tuto
1438 1486 1672 1533 committas,

210 1558 361 1600 repertu
395 1562 480 1588 esse
513 1562 699 1600 perquam
729 1548 952 1591 difficilem;
984 1548 1164 1597 denique,
1189 1547 1355 1598 judices,
1380 1554 1491 1585 tanta
1519 1554 1671 1586 nostros

210 1611 373 1657 animos,
392 1618 584 1662 quotquot
601 1610 823 1660 congressui
840 1610 1103 1654 interemimus,
1119 1609 1307 1647 obruebat
1320 1609 1490 1659 procella
1504 1615 1672 1646 conster-

210 1673 389 1718 nationis,
415 1680 456 1710 ut
475 1672 624 1710 hiscere
653 1685 728 1708 non
759 1684 977 1722 possemus,
1000 1670 1068 1708 sed
1089 1671 1194 1708 taciti
1221 1669 1524 1714 discederemus,
1545 1670 1669 1720 lacry-

210 1733 281 1770 mis
302 1746 369 1771 ora
397 1739 612 1777 manantes,
642 1732 747 1770 haud
774 1733 915 1778 minus,
941 1745 1056 1782 quam
1082 1731 1135 1768 illi
1162 1732 1248 1782 ipsi,
1268 1731 1333 1781 qui
1357 1731 1431 1769 hac
1451 1731 1669 1770 calamitate

209 1793 273 1832 icti
287 1794 550 1833 conciderant.
610 1794 737 1832 Primo
753 1794 911 1843 quidem
928 1793 1171 1831 adscendant
1191 1799 1324 1830 testes.

835 1927 1052 1965 TESTES.

265 2042 304 2077 6.
336 2040 466 2083 Quare
492 2039 619 2077 sobria
651 2045 793 2084 mente,
815 2039 982 2090 judices,
1015 2053 1108 2090 rogo
1133 2052 1215 2085 vos,
1244 2048 1287 2078 ut
1306 2054 1384 2079 rem
1417 2054 1529 2092 quam
1556 2042 1670 2093 agitis

212 2100 445 2153 ponderetis,
467 2100 561 2151 quid
584 2100 642 2138 his
672 2099 843 2151 pupillis,
863 2101 956 2150 quid
980 2100 1050 2138 toti
1071 2100 1230 2144 civitati,
1251 2102 1343 2152 quid
1365 2102 1480 2154 hujus
1500 2103 1668 2154 denique

211 2175 386 2213 personae
406 2169 545 2199 vestrae
577 2161 755 2212 dignitati
781 2161 983 2199 debeatis:
1014 2162 1170 2212 injurias
1200 2162 1239 2199 hi
1262 2163 1530 2202 adolescentes
1556 2176 1667 2202 acce·

212 2231 352 2274 perunt
379 2230 507 2260 vestra
537 2221 871 2260 commiseratione
900 2222 1062 2272 dignas:
1093 2229 1133 2259 et
1159 2223 1318 2261 interest
1344 2224 1477 2261 salutis
1504 2224 1669 2274 publicae

213 2291 456 2334 vestramque
481 2295 685 2334 personam
712 2282 826 2320 decet
843 2283 907 2333 qui
932 2283 1086 2334 judices
1105 2283 1212 2328 estis,
1233 2290 1275 2321 ut
1301 2284 1505 2322 severitate
1531 2292 1670 2323 vestrae

213 2344 417 2381 sententiae
444 2344 493 2381 ad
524 2356 657 2381 omnes
679 2343 880 2381 declaretis
909 2344 1156 2394 Diogitonem
1174 2345 1283 2383 vobis
1313 2346 1402 2383 odio
1427 2354 1466 2385 et
1490 2360 1670 2385 exsecra-

213 2405 316 2443 tione
347 2406 534 2442 bonorum
573 2405 742 2442 omnium
777 2404 936 2455 dignum
974 2406 1118 2450 videri3
1152 2419 1240 2443 nam
1274 2407 1465 2458 ejusmodi
1496 2408 1670 2447 homines

213 2478 348 2518 pacem
387 2466 576 2516 publicam
612 2466 783 2511 turbant,
815 2467 944 2504 omnia
981 2467 1267 2517 suspicionibus
1298 2474 1337 2505 et
1365 2469 1570 2506 terroribus
1600 2469 1671 2506 im-

214 2528 379 2579 plentes.
434 2527 573 2563 Totum
602 2539 722 2576 genus
748 2527 960 2564 humanum
988 2527 1051 2566 hic
1083 2528 1270 2579 Diogiton
1296 2529 1579 2578 suspicionibus
1607 2543 1673 2568 ex-

215 2587 408 2639 pavefecit
426 2593 466 2624 et
484 2587 582 2624 inter
602 2599 643 2624 se
660 2586 756 2624 alios
776 2588 824 2624 ab
841 2588 923 2625 aliis
945 2588 1190 2632 abalienavit,
1208 2597 1251 2626 ut
1265 2601 1389 2638 neque
1402 2589 1528 2626 adhuc
1544 2591 1672 2641 vegeti

216 2663 341 2700 neque
379 2648 544 2686 animam
579 2654 789 2685 extremam
823 2649 1015 2698 agitantes
1045 2649 1170 2687 sciant
1205 2649 1267 2687 cui
1301 2648 1512 2695 confidant,
1546 2663 1670 2701 neque

216 2711 400 2761 majorem
425 2708 607 2746 fiduciam
634 2708 671 2745 in
694 2708 874 2759 proximis
900 2710 1198 2760 consanguineis
1224 2722 1366 2760 ponere
1391 2710 1538 2760 possint
1555 2725 1670 2762 quam

217 2773 254 2809 in
274 2770 436 2808 inimicis
465 2769 737 2807 infestissimis.
792 2769 930 2808 Videte
952 2771 1067 2808 modo
1094 2771 1232 2821 quibus
1253 2770 1376 2808 modis
1407 2784 1491 2809 sese
1520 2773 1673 2811 torserit

217 2840 261 2870 ut
285 2832 445 2882 laqueos
476 2831 726 2868 convictionis
760 2830 974 2881 effugeret:
1005 2831 1112 2870 initio
1140 2845 1294 2882 prorsus
1323 2832 1555 2871 infitiabatur
1583 2834 1670 2872 illas

216 2905 386 2932 summas
406 2891 490 2929 aeris
511 2891 662 2937 tulisse,
689 2900 770 2929 tum
790 2892 949 2930 obrutus
970 2892 1005 2929 vi
1026 2892 1208 2939 veritatis,
1229 2906 1316 2930 cum
1345 2893 1494 2932 infitiari
1524 2894 1669 2933 diutius
