1822 3219
506 112 728 151 CONTRA
754 109 1091 148 ALCIBIADEM
1123 111 1153 147 Ι.
1472 113 1546 149 261

112 226 199 251 cum
220 212 430 262 recepisset
444 224 552 249 suam
566 213 602 248 in
619 211 779 262 gratiam
794 210 975 261 pecunias
990 210 1097 246 vobis
1112 210 1367 258 praebiturum,
1385 219 1552 249 vestrum

112 273 284 311 aerarium
305 272 389 322 plus
408 285 520 322 quam
543 272 718 310 ducentis
737 271 890 309 talentis
917 269 1172 307 defraudavit.
1229 270 1418 320 Denique,
1436 273 1554 322 maje-

113 340 210 370 state
229 340 355 371 vestra
369 339 445 369 tam
468 333 595 369 multis
616 340 654 370 et
671 339 750 370 tam
771 330 962 369 atrocibus
981 329 1075 366 laesa
1092 328 1325 374 criminibus,
1346 332 1497 369 tametsi
1516 339 1557 369 et

114 394 197 444 ipse
214 393 393 431 facundia
419 394 582 444 polleret
607 401 646 431 et
671 393 802 431 amicis
826 393 960 430 fideret
985 390 1199 440 divitiisque
1221 391 1407 437 afflueret,
1427 399 1555 431 tamen

118 466 232 491 ausus
257 467 335 492 non
362 460 422 491 est
447 454 523 491 huc
547 465 735 499 reversus,
759 453 891 491 oculos
913 458 1062 490 vestros
1091 451 1293 495 sustinere,
1319 452 1468 501 copiam
1498 453 1558 490 sui

117 522 253 552 vestrae
274 514 464 552 severitati
483 514 623 558 facere,
641 525 846 563 rerumque
866 526 889 550 a
907 525 947 550 se
967 519 1159 562 gestarum
1179 510 1364 548 rationem
1382 511 1556 556 reddere,

119 574 189 612 sed
207 575 382 612 exsilium
400 575 482 624 ipse
502 574 573 611 sibi
593 573 741 618 indixit,
762 573 1012 622 Thraciaeque
1032 571 1166 609 maluit
1189 571 1333 608 aliusve
1351 570 1557 620 cujuscun-

118 647 192 684 que
212 633 352 684 *oppidi
378 633 504 671 incola
531 645 645 684 quarn
673 633 804 683 patriae
829 644 911 670 suae
939 631 1030 669 civis
1059 643 1155 668 esse.
1210 630 1424 674 Postremo,
1453 631 1562 679 quasi

118 693 294 730 cumulus
323 693 451 730 adhuc
478 693 614 731 deesse
660 692 860 742 impietati,
880 691 1075 729 cumulum
1098 691 1202 728 hunc
1230 690 1424 740 imposuit,
1444 703 1562 728 ansus

120 766 197 791 una
216 766 304 790 cum
322 753 529 791 Adimanto
555 754 715 791 classem
732 760 895 790 vestram
922 751 1117 802 Lysandro
1140 750 1315 801 prodere.
1372 751 1513 797 Quare,
1533 751 1565 789 si

120 814 205 864 quis
225 821 479 860 estvestrum,
495 827 607 865 quem
628 821 695 852 aut
714 814 990 852 commiseratio
1009 813 1147 851 civium
1162 821 1312 850 moveat
1327 811 1392 849 illa
1404 812 1510 850 fatali
1524 813 1563 849 in

120 887 254 925 pugna
271 875 397 913 navali
417 887 621 920 caesorum,
643 881 709 912 aut
726 873 851 925 pudor
870 874 1007 912 civium
1028 874 1076 910 ab
1096 872 1270 910 hostibus
1290 872 1328 908 in
1346 872 1565 909 servitutem

121 941 328 984 raptorum,
344 943 410 972 aut
430 936 478 972 ob
498 936 623 972 diruta
643 935 784 972 moenia
802 933 1027 983 indignatio,
1047 939 1112 970 aut
1130 932 1260 969 odium
1280 944 1371 981 erga
1388 932 1567 969 Lacedae-

123 994 283 1039 monios,
302 1001 371 1031 aut
387 996 425 1030 in
439 994 802 1044 -Trigintatyrannos
826 994 1035 1036 iracundia,
1056 1004 1142 1030 eum
1163 998 1314 1042 oportet
1330 992 1465 1030 horum
1485 1005 1567 1030 orn-

123 1054 226 1090 nium
247 1054 432 1091 malorum
453 1054 606 1103 culpam
626 1055 663 1091 in
683 1067 802 1090 unum
823 1053 1062 1091 Alcibiadem
1081 1052 1195 1102 hujus
1214 1058 1362 1102 patrem
1381 1053 1568 1099 conferre,

125 1121 239 1162 atque
269 1114 474 1157 recordari,
507 1115 555 1150 ab
587 1114 667 1151 avis
698 1114 834 1151 vestris
866 1113 974 1150 illum
1002 1111 1242 1149 Alcibiadem
1273 1112 1337 1162 qui
1365 1113 1419 1150 rei
1451 1112 1571 1150 nostri

125 1185 239 1211 avum
256 1174 399 1223 genuit,
411 1173 499 1210 item
516 1173 731 1223 Megaclem
745 1180 961 1211 maternum
976 1172 1087 1223 hujus
1102 1172 1219 1210 nostri
1235 1172 1288 1210 rei
1304 1185 1428 1218 avum,
1441 1174 1571 1211 ambos

127 1234 186 1271 bis
221 1233 410 1283 suffragiis
445 1233 667 1278 testulariis‚
700 1233 804 1284 quod
837 1231 1117 1282 suffragationis
1151 1245 1274 1282 genus
1306 1232 1571 1270 ostracismum

128 1299 326 1343 usurpant,
338 1294 431 1330 urbe
446 1300 603 1331 exactos
619 1306 716 1338 esse,
729 1299 975 1342 vestrumque
990 1291 1089 1330 adeo
1102 1292 1272 1342 ipsorum
1287 1293 1351 1342 qui
1368 1300 1574 1342 supersunt

130 1354 256 1391 adhuc
275 1361 367 1391 natu
388 1354 504 1404 paulo
523 1354 757 1404 grandiores,
775 1366 841 1392 eos
862 1354 899 1391 in
920 1353 1162 1392 Alcibiadem
1184 1354 1237 1391 rei
1255 1360 1400 1404 patrem
1420 1360 1575 1391 senteu-

128 1414 223 1452 tiam
241 1415 373 1453 mortis
392 1416 523 1453 tulisse
539 1429 549 1455 ε
579 1415 845 1454 existimantes
863 1415 993 1465 itaque
1009 1428 1078 1452 vos
1096 1415 1200 1452 hunc
1217 1415 1360 1452 civitati
1382 1414 1575 1452 inimicum

128 1476 240 1527 quasi
263 1477 512 1528 amajoribus
541 1477 753 1515 hereditate
781 1476 960 1514 traditum
991 1488 1087 1519 esse,
1108 1475 1366 1513 condemnare
1395 1474 1521 1519 decet,
1538 1481 1577 1511 et

130 1550 254 1588 neque
274 1538 643 1576 commiserationem
664 1549 790 1587 neque
809 1536 1033 1587 ignoscendi
1054 1536 1249 1573 lenitatem
1268 1547 1393 1585 neque
1414 1534 1574 1585 gratiam

133 1598 250 1635 ullam
277 1598 430 1648 majoris
457 1598 583 1636 facere
610 1610 725 1648 quam
752 1598 858 1646 leges
877 1596 1028 1647 publice
1047 1596 1142 1634 fixas
1162 1602 1201 1633 et
1211 1595 1483 1646 jusjurandum
1501 1606 1576 1644 quo

134 1671 200 1696 vos
219 1659 390 1696 obstricti
402 1658 554 1709 judices
573 1658 731 1696 sedetis.

192 1721 254 1759 ll.
284 1719 512 1757 Existimare
541 1732 693 1769 quoque
721 1718 914 1763 convenit,
933 1730 1098 1768 quanam
1127 1716 1283 1754 tandem
1303 1716 1352 1754 de
1373 1729 1489 1754 causa
1507 1716 1577 1753 hu-

129 1779 301 1829 jusmodi
327 1778 542 1816 hominibus
570 1785 772 1829 parcatur:
801 1791 894 1815 num
914 1785 1127 1828 propterea,
1146 1777 1252 1826 quod
1269 1777 1307 1814 in
1328 1789 1404 1827 rep.
1424 1776 1580 1826 quidem

137 1838 367 1877 sinisteriore
386 1839 443 1876 usi
464 1840 539 1876 sint
559 1841 728 1883 fortuna,
747 1838 796 1876 de
815 1838 958 1887 reliquo
978 1845 1105 1874 autern
1125 1832 1242 1874 vitam
1265 1837 1414 1887 egerint
1431 1837 1580 1887 puden-

135 1906 212 1938 tem
241 1905 355 1948 atque
391 1898 582 1936 sobriam?
630 1899 720 1936 Non
749 1898 858 1934 multi
893 1909 1023 1934 eorum
1056 1896 1275 1946 corporibus
1307 1896 1579 1946 prostituendis

136 1965 327 2008 quaestum
348 1958 520 1996 fecerunt
539 1957 821 1995 meretricium?
850 1969 925 1994 non
945 1969 1091 1994 sorores
1110 1956 1147 1992 in
1168 1956 1407 1993 matrimonio
1435 1956 1579 1993 habue-

138 2018 252 2056 runt?
282 2030 357 2056 non
377 2019 515 2056 liberos
535 2018 649 2067 aliqui
669 2031 689 2055 e
708 2017 858 2054 filiabus
880 2017 951 2066 ipsi
976 2016 1054 2054 suis
1074 2015 1357 2066 quaesiverunt?
1394 2028 1470 2053 non
1492 2029 1579 2053 san—

136 2079 307 2116 ctissima
317 2091 437 2123 sacra,
449 2078 617 2128 profanis
634 2078 755 2115 oculis
770 2083 925 2126 negata,
940 2076 1057 2126 vulgo
1071 2089 1138 2126 per
1151 2076 1305 2113 mimum
1318 2076 1580 2114 ostentarunt?

139 2153 217 2177 non
243 2140 407 2176 Hermas
435 2137 709 2188 amputarunt?
737 2150 814 2174 non
841 2137 934 2174 deos
964 2149 1096 2174 omnes
1126 2136 1334 2185 sacrilegiis
1361 2136 1581 2174 violarunt?

140 2214 218 2238 non
238 2207 355 2237 totam
374 2212 491 2249 remp.
512 2199 768 2240 offenderunt,
790 2210 876 2235 cum
897 2197 935 2233 in
955 2196 1048 2233 alios
1068 2196 1212 2246 injuriis
1236 2195 1439 2245 legumque
1462 2195 1582 2232 auda-

139 2260 301 2298 cissimis
330 2259 646 2308 perfractionibus
679 2257 906 2307 grassando,
935 2263 1015 2293 tum
1044 2268 1127 2293 sese
1156 2262 1289 2292 mutuo
1320 2255 1519 2292 fraudibus
1545 2261 1584 2292 et

139 2318 310 2370 perjuriis
331 2325 369 2355 et
387 2318 565 2355 conviciis
584 2317 832 2365 exagitando,
846 2316 910 2366 qui
929 2328 951 2352 a
969 2315 1075 2352 nullo
1094 2315 1259 2352 facinore
1278 2314 1450 2352 audaciae
1469 2314 1584 2364 pleno

143 2393 182 2416 se
213 2378 492 2421 abstinuerunt,
519 2377 662 2414 nullam
693 2385 861 2414 atrocem
900 2376 1218 2413 machinationem
1249 2375 1319 2412 sibi
1350 2374 1585 2424 reliquerunt

143 2437 389 2476 intentatam?
438 2437 515 2474 Sed
543 2437 669 2474 omnia
696 2437 851 2473 omnino
874 2436 975 2486 passi
1001 2442 1149 2472 suntet
1168 2435 1351 2472 fecerunt.
1408 2435 1464 2471 Ea
1482 2434 1583 2470 enim

146 2505 236 2535 sunt
251 2505 390 2541 mente,
402 2504 446 2534 ut
459 2497 615 2534 laudum
629 2496 780 2545 quidem
798 2502 912 2546 atque
928 2495 1107 2532 decorum
1119 2508 1184 2532 eos
1198 2495 1355 2544 pudeat,
1369 2494 1405 2530 in
1421 2493 1583 2530 dedeco-

145 2559 247 2595 ribus
267 2564 394 2595 autem
414 2570 456 2595 se
469 2558 620 2608 jactent
646 2564 759 2605 atque
786 2556 993 2593 exsultent.
1050 2554 1439 2604 Inte1·dum‚judices,
1459 2552 1584 2589 absol-

147 2618 232 2654 vitis
250 2617 437 2661 homines,
458 2618 558 2654 visos
580 2616 733 2667 quidem
761 2616 846 2653 illos
864 2615 971 2653 vobis
993 2622 1136 2659 sontes,
1155 2627 1241 2652 cum
1261 2627 1327 2663 spe
1346 2620 1487 2658 tamen,
1506 2613 1586 2649 fore

149 2685 190 2714 ut
215 2677 438 2726 resipiscant
466 2677 672 2726 aliquando
701 2676 994 2726 probabilesque
1017 2682 1131 2723 atque
1153 2673 1251 2722 frugi
1271 2673 1375 2708 fiant.
1434 2672 1494 2708 Ab
1511 2671 1586 2709 hoc

150 2743 274 2773 autem
303 2737 503 2774 Alcibiade
532 2737 681 2786 ecquod
705 2737 860 2773 taudem
887 2729 1026 2772 bonurn
1049 2747 1143 2782 resp.
1165 2740 1291 2782 speret
1317 2745 1357 2769 se
1387 2739 1586 2782 perceptu-

151 2796 256 2834 ram?
285 2809 397 2845 quem
418 2796 580 2845 stipitem
602 2804 640 2835 et
659 2797 820 2846 fungum
841 2809 939 2839 esse,
956 2808 1002 2831 cx
1023 2794 1140 2843 ipsius
1161 2793 1342 2837 oratione,
1358 2804 1525 2842 cumpro
1547 2805 1586 2829 se
