1822 3219
533 108 752 147 CONTRA
782 107 1102 144 AGORATUM.
1471 109 1562 155 ‘243⁴

103 207 323 246 memoriam
344 208 450 244 vobis
471 219 657 250 revocem,
682 205 854 256 judices;
884 216 1015 242 verum
1043 211 1168 241 tamen
1191 217 1348 242 necesse
1370 205 1479 242 factu
1496 215 1554 243 est

104 267 176 304 hoc
208 267 391 317 temporis
421 267 592 312 articulo,
625 279 701 316 quo
729 265 949 316 intelligatis
982 276 1097 314 quam
1122 276 1189 301 vos
1217 265 1353 302 deceat
1384 267 1554 316 Agorato

103 342 253 367 omnem
280 329 469 379 denegare
497 328 883 367 commiserationem.
933 327 1065 365 Nostis
1093 340 1113 364 e
1146 326 1338 365 Salamine
1358 329 1423 377 qui
1450 329 1552 366 cives

105 390 224 427 nostri
257 390 408 427 exsules
439 389 516 427 huc
542 388 724 439 reportari
753 396 792 426 et
824 402 846 425 a
877 387 1221 438 Trigintatyrannis
1244 387 1382 424 misere
1413 388 1555 426 sublati

105 451 206 494 sint;
237 452 358 489 nostis
389 464 437 488 ex
468 450 648 486 Eleusine
678 462 793 499 quam
814 448 924 486 multi
939 448 1074 486 eadem
1093 454 1202 497 peste
1223 446 1452 484 occiderint:
1483 448 1554 485 sed

104 527 234 552 eorum
254 526 420 564 quoque,
440 513 505 562 qui
525 512 562 548 in
585 512 678 548 urbe
698 517 932 559 manserunt,
956 509 1181 547 meministis
1205 515 1299 559 quot
1318 509 1367 545 ob
1386 509 1552 558 privatas

104 575 317 612 simultates
347 574 384 610 in
404 586 594 610 carcerem
615 572 778 620 conjecti
799 572 888 616 sint,
910 570 1011 607 unde
1039 583 1170 607 rursus
1192 569 1351 620 pedibus
1371 569 1447 606 suis
1474 582 1551 607 non

102 635 286 673 exierunt.
344 634 420 677 Qui
450 647 537 671 cum
570 633 662 670 nihil
694 633 731 669 in
764 646 882 682 remp.
918 631 1185 680 deliquissent,
1218 629 1481 680 turpissimum
1514 635 1552 665 et

103 694 505 745 ignominiosissimum
526 693 702 744 supplicii
718 706 839 743 genus
855 692 1017 729 tolerare
1032 691 1156 729 coacti
1172 697 1278 735 sunt,
1296 690 1357 727 alii
1372 695 1551 740 parentes

102 754 239 804 grandi
255 760 347 791 natu
366 754 628 804 relinquentes
648 767 717 804 spe
746 754 961 796 frustratos,
983 764 1059 801 qua
1079 764 1118 788 se
1134 751 1223 788 olim
1243 757 1441 801 paverant,
1459 750 1551 793 fore,

102 820 147 852 ut
164 814 270 852 senio
292 815 477 852 debilitati
507 827 529 852 a
546 814 673 852 liberis
695 813 885 851 alerentur
906 820 1019 862 atque
1039 812 1118 849 fato
1138 825 1208 849 suo
1230 811 1405 848 defuncti
1425 810 1554 860 sepul-

101 880 198 912 turae
229 875 441 912 honoribus
474 874 730 919 afficerentur,
766 873 828 910 alii
858 886 1005 910 sorores
1026 872 1197 910 nondum
1216 872 1398 916 elocatas,
1429 870 1491 907 alii
1510 869 1553 905 li-

98 935 212 973 beros
232 935 414 985 parvulos
437 935 594 971 infinitae
613 934 739 971 adhuc
760 946 864 970 curae
885 932 1044 983 opisque
1064 938 1236 982 egentes.
1293 932 1402 974 Quos
1418 941 1552 967 omnes

99 1007 281 1045 quonam,
301 1008 435 1044 quaeso
468 1007 551 1038 vos,
573 993 798 1030 existimatis
826 993 953 1030 animo
983 993 1063 1029 fore
1084 999 1165 1029 tum
1197 1004 1289 1040 erga
1320 992 1551 1041 Agoratum‚

101 1062 168 1093 aut
186 1067 300 1105 quam
320 1056 367 1093 de
388 1067 434 1093 eo
453 1055 600 1092 laturos
622 1054 866 1098 sententiam,
888 1054 917 1090 si
938 1052 1094 1090 daretur
1112 1051 1205 1102 ipsis
1225 1052 1274 1088 de
1303 1064 1348 1088 eo
1369 1051 1554 1095 arbitrari,
1599 1059 1606 1066 ·

98 1128 167 1166 per
186 1128 299 1166 quem
320 1115 528 1152 carissimis
546 1115 763 1164 quibusque
780 1120 895 1162 atque
908 1111 1200 1162 jucundissimis
1216 1111 1350 1161 privati
1365 1109 1552 1147 fuissent?

99 1175 291 1214 Praeterea
321 1175 558 1219 meministis,
588 1182 631 1211 ut
664 1174 805 1211 moenia
833 1179 962 1210 vestra
994 1173 1136 1209 fuerint
1172 1172 1312 1218 diruta,
1346 1178 1387 1208 ut
1416 1171 1551 1209 classis

98 1236 272 1274 hostibus
310 1236 464 1282 tradita,
497 1243 540 1274 ut
569 1236 719 1273 navalia
753 1235 963 1280 destructa,
998 1241 1040 1271 ut
1071 1234 1353 1272 Lacedaemonii
1387 1240 1552 1270 vestram

98 1309 224 1335 arcem
242 1295 463 1342 insederint,
483 1302 526 1332 ut
559 1296 746 1333 universae
772 1295 892 1345 copiae
918 1307 1091 1344 opesque
1113 1301 1251 1332 vestrae
1277 1294 1331 1331 ita
1356 1294 1553 1331 convulsae

98 1363 214 1407 atque
234 1356 444 1406 dissipatae,
459 1362 502 1393 ut
515 1362 640 1393 vestra
658 1355 791 1394 civitas
812 1369 834 1392 a
852 1354 1179 1404 contemptissimo
1197 1366 1350 1404 quoque
1369 1353 1554 1404 oppidulo

99 1416 152 1453 nil
169 1415 352 1454 differret.
407 1416 533 1462 Adde,
551 1416 655 1465 quod
675 1417 842 1466 privatas
857 1415 998 1465 quique
1014 1423 1159 1453 vestras
1175 1416 1345 1453 fortunas
1359 1415 1553 1460 amisistis,

99 1483 296 1527 postremo
318 1476 430 1514 simul
459 1489 592 1514 omnes
619 1489 640 1513 e
668 1476 792 1526 patria
810 1488 832 1513 a
852 1474 1022 1525 tyrannis
1042 1476 1153 1526 ejecti
1174 1475 1316 1513 fuistis.
1373 1475 1470 1512 Haec
1494 1475 1554 1512 fu-

99 1543 185 1575 tura
214 1536 468 1586 praevidentes
498 1537 550 1573 illi
584 1543 814 1587 praestantes
843 1536 910 1572 viri
932 1536 1137 1585 negabant,
1157 1549 1180 1573 0
1200 1536 1365 1586 judices,
1392 1548 1433 1573 se
1452 1548 1555 1573 com-

100 1596 300 1642 missuros,
322 1603 365 1633 ut
391 1609 467 1647 pax
492 1604 570 1634 tam
602 1596 705 1634 foeda
724 1605 802 1633 tam
822 1596 1068 1633 exsecrabilis
1088 1596 1346 1633 coalesceret:
1378 1609 1476 1645 quos
1497 1602 1552 1642 tu,

99 1657 279 1706 Agorate‚
310 1657 510 1694 studentes
543 1658 641 1694 bene
672 1657 720 1694 de
749 1669 829 1706 rep.
860 1657 994 1693 mereri
1019 1656 1219 1701 sustulisti,
1246 1656 1455 1693 deferendo
1484 1668 1553 1706 pro

98 1717 382 1754 insidiatoribus
428 1724 542 1767 atque
589 1717 837 1767 praedonibus
879 1717 1066 1754 libertatis
1105 1722 1274 1761 nostrae;
1312 1729 1553 1767 quaecunque

99 1777 345 1827 postmodum
381 1777 480 1813 mala
508 1790 627 1827 remp.
658 1789 894 1827 oppressere,
925 1784 967 1814 tu
989 1778 1023 1814 ei
1044 1790 1145 1814 unus
1165 1777 1294 1814 omnia
1312 1778 1554 1815 contraxisti.

101 1837 249 1873 Horum
279 1849 346 1873 vos
381 1849 483 1873 nunc
511 1836 712 1881 recordati,
746 1843 784 1873 et
813 1837 1043 1885 privatorum
1073 1836 1215 1885 quique
1237 1849 1389 1873 suorum
1411 1836 1553 1874 incom-

102 1896 304 1934 modorum
324 1903 362 1933 et
381 1896 619 1946 publicarum
641 1895 732 1945 reip.
753 1895 934 1945 pestium,
963 1894 1097 1944 punite
1125 1894 1228 1933 hunc
1249 1896 1310 1932 cui
1329 1896 1404 1933 ista
1424 1897 1553 1935 omnia

102 1959 170 1996 uni
189 1958 391 1996 debentur.

158 2020 220 2055 ll.
251 2018 371 2055 Miror
385 2017 575 2066 equidem,
587 2016 754 2067 judices,
769 2016 863 2066 quid
877 2028 945 2065 pro
960 2028 1001 2052 se
1016 2015 1187 2053 dicturus
1203 2015 1273 2053 sit:
1303 2029 1392 2054 nam
1405 2023 1554 2067 oportet

100 2092 186 2118 eum
212 2078 369 2129 planum
398 2079 537 2123 facere,
556 2090 596 2114 se
622 2078 720 2114 viros
750 2077 837 2114 illos
863 2076 969 2113 haud
998 2076 1182 2114 detulisse
1208 2090 1332 2126 neque
1360 2077 1554 2116 delatione

101 2154 171 2179 sua
203 2141 280 2177 illis
309 2140 465 2177 exitium
493 2139 748 2184 conscivisse3
793 2139 900 2189 atqui
931 2152 1129 2189 nunquam
1159 2141 1312 2190 poterit.
1381 2140 1552 2179 Primum

99 2201 200 2240 enim
231 2202 385 2239 decreta
410 2207 489 2238 tam
518 2207 674 2238 senatus
698 2213 813 2249 quam
843 2199 977 2250 populi
1006 2207 1141 2237 contra
1165 2213 1253 2237 eum
1281 2207 1484 2247 testantur,
1504 2202 1554 2240 de

95 2261 274 2299 indicatis
300 2263 347 2298 ab
374 2262 548 2310 Agorato
573 2261 723 2298 disertis
744 2267 783 2298 et
800 2259 1008 2310 perspicuis
1029 2261 1152 2298 verbis
1178 2261 1378 2299 docentia:
1413 2262 1552 2300 deinde

95 2322 282 2372 judicium
311 2335 398 2359 eum
427 2322 516 2359 illud
544 2322 730 2367 confodit,
753 2322 858 2371 quod
881 2322 952 2358 sub
977 2321 1238 2371 Trigintaviris
1264 2335 1351 2359 cum
1377 2323 1553 2367 subisset,

97 2384 300 2423 absolutus
316 2384 410 2426 fuit;
441 2384 628 2433 expressis
645 2384 744 2421 enim
760 2383 884 2420 verbis
898 2383 934 2419 in
950 2382 1193 2433 illiusjudicii
1209 2383 1397 2421 sententia
1410 2385 1552 2434 scripta

99 2444 279 2494 leguntur
309 2444 408 2489 haec,
442 2445 699 2494 Agoratum
737 2443 845 2479 ideo
880 2442 1065 2479 absolvi
1099 2443 1228 2493 quod
1261 2444 1388 2482 visus
1422 2450 1551 2480 esset

98 2518 208 2547 vera
235 2505 484 2543 detulisse.
540 2505 676 2542 Recita
694 2510 735 2541 tu
756 2503 847 2540 mihi
868 2503 1022 2541 decreta
1039 2510 1078 2541 et
1095 2503 1243 2542 indices
1257 2504 1453 2542 nominum
1468 2509 1551 2545 tum

100 2564 139 2602 in
155 2565 311 2604 tabulas
330 2566 503 2616 publicas
524 2565 741 2607 relatorum.

345 2665 612 2702 DECRETA.
669 2664 985 2701 SENTENTIA.
1040 2663 1320 2700 TABELLAE.·

103 2731 221 2769 Nullo
240 2733 369 2782 itaque
388 2733 503 2771 modo
525 2733 788 2770 demonstrare
807 2732 947 2783 poterit
967 2732 1173 2780 Agoratus,
1188 2744 1227 2768 se
1247 2744 1322 2769 non
1344 2724 1546 2769 detulisse:

103 2798 275 2842 superest
291 2805 383 2842 ergo
404 2801 445 2830 ut
465 2793 699 2832 demonstret
719 2807 758 2832 se
778 2793 947 2842 legitime
967 2791 1164 2834 detulisse,
1187 2791 1376 2829 videntem
1397 2805 1461 2829 eos
1483 2805 1544 2828 nc-
