1822 3219
455 132 525 168 DE
557 132 694 170 PACE
724 132 842 170 CUM
875 132 1323 170 LACEDAEMONIIS.
1523 132 1595 168 125

152 235 242 273 mibi
266 236 435 273 oratione
467 235 688 285 agitandum
713 233 991 286 proposuerim.
1048 234 1151 270 Num
1176 235 1267 283 quid
1289 234 1405 278 aliud,
1438 240 1593 284 praeter-

150 309 266 347 quam
297 297 384 341 hoc,
415 309 611 347 nunquam
643 309 728 334 esse
761 308 828 346 per
853 307 989 346 pacem
1015 294 1163 332 factum
1191 302 1234 331 ut
1264 296 1442 345 majestas
1461 296 1594 346 populi

150 358 299 395 Athen.
329 357 632 396 convelleretur?
686 356 804 406 Atqui
835 355 992 406 planum
1010 354 1085 394 hoc
1103 355 1188 401 feei,
1218 368 1344 405 neque
1363 356 1433 392 fuit
1450 356 1514 405 qui
1533 369 1593 393 me

147 416 187 454 id
201 425 458 455 commentum
471 424 537 455 aut
551 416 749 454 mentitum
763 415 881 453 fuisse
893 422 1130 466 coargueret.
1186 415 1263 453 Sed
1277 415 1390 453 audio
1403 416 1593 465 quosdam

144 478 354 527 jactantes,
386 490 408 516 e
429 477 635 516 novissima
653 482 785 514 nostra
812 489 901 513 cum
920 475 1226 515 Lacedaemoniis
1245 488 1340 526 pace
1360 475 1517 525 triginta
1535 482 1594 526 ty-

150 551 288 576 rannos
309 538 516 582 exstitisse,
535 550 558 574 a
575 537 712 586 quibus
733 536 845 574 multi
863 537 1037 587 praeclari
1054 537 1122 574 viri
1141 537 1304 575 cicutam
1320 537 1449 577 bibere
1468 535 1595 573 coacti

149 600 387 650 exspirarint,
408 599 470 636 alii
502 599 626 636 solum
647 598 842 636 verterint.
897 598 996 641 Quae
1016 599 1080 648 qui
1093 599 1257 648 jactant,
1277 611 1337 634 nae
1357 597 1518 635 multum
1538 597 1594 635 illi

149 660 353 697 falluntur:
395 659 557 696 multum
590 660 687 696 inter
718 672 773 705 se,
811 658 975 696 multum
1010 671 1086 708 pax
1123 665 1162 696 et
1198 658 1363 695 induciae
1403 657 1591 695 differunt.

150 719 290 756 Pacem
321 719 420 756 enim
452 719 597 764 ineunt,
629 718 708 768 qui,
732 718 900 769 aequales
932 718 1072 756 viribus
1105 725 1143 755 et
1170 718 1370 768 dignitate,
1397 718 1445 755 de
1464 719 1593 755 causis

148 778 422 816 discordiarum
454 791 609 816 suarum
631 779 728 815 inter
747 792 788 816 se
807 785 922 829 prout
940 778 1160 816 convenerit
1178 778 1446 828 paciscuntur:
1478 778 1592 815 indu-

145 838 228 876 cias
246 845 371 876 autem
390 839 551 877 victores
581 840 620 876 in
644 839 746 876 bello
767 839 858 876 facti
876 839 986 876 victis
1006 851 1074 889 pro
1093 838 1275 876 arbitratu
1297 851 1367 875 suo
1392 838 1592 888 imperant.

146 905 201 942 ut,
223 911 257 936 e.
280 912 314 937 c.
337 900 618 937 Lacedaemonii
642 894 762 949 nuper
780 900 870 936 belli
889 899 1045 937 victoria
1065 898 1177 949 potiti
1204 898 1315 936 nobis
1342 905 1381 936 et
1410 899 1592 936 moenium

147 959 428 997 demolitionem
448 967 487 997 et
519 960 654 998 classis
675 959 910 997 deditionem
930 967 969 997 et
994 960 1290 1010 proscriptorum
1310 960 1592 998 revocationem

146 1020 391 1070 imperarunt.
447 1021 554 1057 Tunc
574 1021 701 1071 itaque
720 1020 886 1058 induciae
916 1021 1060 1058 fiebant
1078 1033 1144 1071 per
1163 1020 1428 1057 necessitatem
1457 1034 1504 1058 ex
1523 1021 1592 1058 im-

145 1087 302 1129 perato:
333 1093 436 1119 nunc
465 1089 594 1118 autem
622 1081 669 1118 de
694 1094 788 1131 pace
816 1081 1036 1119 deliberatis
1066 1081 1250 1118 ineunda.
1307 1081 1488 1130 Spectate
1519 1081 1593 1118 dif-

146 1141 346 1179 ferentiam
368 1155 418 1179 ex
437 1142 527 1192 ipsis
548 1142 719 1179 formulis
739 1143 1016 1187 conditionum,
1038 1149 1077 1179 et
1096 1150 1176 1179 tum
1196 1142 1463 1192 imperatarum
1478 1148 1593 1191 prout

144 1200 184 1238 in
203 1202 298 1239 stela
319 1202 470 1252 scriptae
489 1209 677 1252 prostant,
699 1209 737 1239 et
755 1215 883 1239 earum
904 1216 991 1252 quae
1012 1203 1118 1239 vobis
1138 1215 1240 1239 nunc
1263 1202 1362 1238 ultro
1381 1202 1486 1250 pacis
1505 1215 1594 1240 con-

146 1261 285 1300 dendae
310 1274 400 1311 ergo
431 1262 651 1299 offeruntur.
708 1262 764 1299 Ibi
791 1263 930 1300 moenia
956 1269 1078 1299 vestra
1105 1263 1238 1300 vestris
1267 1263 1441 1299 manibus
1460 1262 1591 1301 demo-

144 1321 202 1359 liri
226 1322 492 1369 jubebamini;
524 1322 584 1359 hic
616 1328 789 1372 potestas
815 1323 927 1359 datur
951 1321 1122 1371 collapsa
1146 1335 1278 1360 rursus
1298 1321 1590 1361 exaedificandi:

144 1388 241 1419 tunc
266 1394 384 1420 naves
414 1382 557 1420 habere
586 1395 661 1420 non
693 1383 991 1427 concedebatur,
1028 1383 1097 1420 nisi
1134 1383 1362 1427 duodecim3
1398 1392 1498 1422 nunc
1532 1392 1591 1422 tot

142 1441 308 1479 habendi
340 1443 446 1481 vobis
477 1442 589 1480 venia
616 1443 743 1488 datur,
778 1450 872 1494 quot
902 1444 974 1494 ipsi
1003 1444 1142 1481 vultis:
1172 1452 1262 1492 tunc
1296 1446 1516 1492 cavebatur,
1549 1454 1590 1485 ut

143 1502 308 1541 Lemnus
335 1511 374 1542 et
397 1504 547 1542 Imbrus
571 1512 610 1542 et
634 1505 772 1555 Scyrus
800 1506 838 1542 in
867 1505 1141 1556 possidentium
1157 1505 1244 1556 jure
1263 1513 1378 1556 atque
1396 1515 1589 1558 potestate

139 1572 288 1609 essent,
320 1578 423 1602 nunc
441 1566 548 1603 vobis
566 1566 853 1615 permittuntur:
884 1566 1118 1616 proscriptos
1139 1575 1334 1617 receptare
1355 1580 1466 1606 nemo
1486 1581 1589 1606 nunc

140 1626 278 1664 invitus
307 1627 480 1677 cogitur3
510 1634 602 1664 tunc
633 1635 760 1664 autem
791 1640 994 1665 necessum
1026 1634 1118 1673 erat,
1152 1628 1253 1666 unde
1283 1629 1438 1666 libertas
1465 1642 1589 1680 popu-

139 1687 229 1725 laris
255 1689 481 1739 interempta
504 1689 584 1725 fuit.
644 1689 869 1739 Ecquanam
903 1689 939 1726 in
969 1701 1009 1726 re
1038 1702 1149 1726 novae
1175 1690 1236 1726 hae
1267 1691 1371 1740 pacis
1404 1690 1590 1729 conditio-

140 1760 208 1784 nes
227 1760 314 1785 cum
343 1748 630 1785 conditionibus
662 1748 736 1787 illis
763 1747 1019 1797 superioribus
1050 1749 1288 1787 induciarum
1322 1751 1588 1789 conveniunt?

143 1806 275 1845 Brevis
301 1816 345 1845 ut
377 1809 462 1858 sim,
489 1809 543 1846 ita
569 1821 724 1846 causam
753 1808 896 1845 definio
921 1815 1034 1858 atque
1068 1809 1128 1847 aio
1160 1823 1220 1848 me
1252 1824 1421 1856 censere,
1451 1825 1586 1862 pacem

140 1869 295 1918 quidem
322 1870 494 1921 populari
521 1870 714 1920 regiminis
739 1870 1005 1908 constitutioni
1029 1871 1244 1910 conducere
1272 1873 1431 1923 ejusque
1450 1887 1587 1912 nervos

140 1930 392 1977 consolidare,
418 1931 558 1968 bellum
591 1940 719 1969 autem
748 1939 898 1980 pestem
927 1931 1110 1970 libertatis
1131 1933 1252 1970 civilis
1273 1946 1372 1971 esse.
1430 1934 1479 1972 Et
1503 1935 1586 1973 haec

140 1989 294 2039 quidem
316 1992 516 2028 hactenus.

196 2051 233 2086 3.
265 2050 495 2088 Bellandum
526 2056 654 2087 autem
691 2049 799 2087 nobis
828 2063 923 2095 esse,
953 2064 1041 2088 cum
1091 2052 1180 2098 sint,
1216 2053 1485 2101 Athenienses,
1521 2056 1585 2105 qui

139 2108 266 2152 aiant:
298 2122 370 2159 age
402 2123 634 2160 quaeramus,
673 2122 880 2158 quamnam
914 2111 1069 2149 tandem
1103 2113 1152 2149 ob
1184 2125 1341 2151 causam
1381 2114 1583 2154 bellemus.

139 2170 343 2216 Mortales,
377 2172 413 2208 ni
434 2171 559 2217 fallor,
589 2183 722 2208 omnes
741 2171 779 2208 in
800 2184 847 2210 eo
866 2173 1125 2218 consentiunt,
1158 2181 1201 2211 ut
1227 2175 1343 2221 aiant,
1375 2176 1519 2214 bellum
1538 2191 1584 2216 eo

138 2239 224 2269 esse
245 2233 548 2284 suscipiendum,
570 2245 647 2282 quo
666 2238 733 2270 aut
750 2233 822 2283 ipsi
844 2247 867 2271 a
892 2247 932 2272 se
951 2234 1147 2285 depellant
1166 2235 1323 2287 injurias
1344 2237 1412 2275 sibi
1433 2240 1582 2278 oblatas

137 2299 205 2329 aut
229 2299 272 2330 ut
301 2293 382 2331 aliis
407 2299 629 2331 succurrant
653 2293 729 2330 vim
755 2294 896 2344 passis.
954 2295 1167 2346 Utrumque
1192 2297 1301 2335 nobis
1324 2307 1527 2338 evenerat:
1545 2308 1583 2339 et

136 2353 207 2403 ipsi
225 2353 306 2391 laesi
327 2354 520 2391 fueramus
540 2354 698 2404 injuriis,
728 2362 764 2392 et
785 2355 938 2394 Boeotos
966 2356 1168 2395 defensum
1188 2358 1338 2396 ibamus
1358 2360 1498 2410 pariter
1516 2374 1582 2412 op-

133 2427 302 2464 pressos
360 2414 509 2458 Quodsi
535 2427 626 2465 ergo
645 2421 683 2452 et
701 2422 840 2453 nostrae
869 2430 926 2454 res
948 2428 1040 2455 eum
1063 2425 1152 2456 sunt
1171 2419 1209 2456 in
1230 2420 1356 2458 locum
1382 2422 1579 2471 perductae

135 2489 221 2513 cum
251 2475 567 2521 Lacedaemoniis,
596 2482 637 2513 ut
663 2476 715 2513 nil
736 2480 817 2525 Jam
849 2478 899 2515 sit
925 2491 993 2515 cur
1023 2487 1239 2518 metuamus
1265 2495 1311 2519 ne
1333 2482 1579 2532 imposterum

135 2548 327 2582 vexemur,
356 2543 394 2573 et
425 2536 544 2573 Boeoti
575 2536 715 2585 pariter
745 2537 775 2574 si
807 2537 1070 2585 decreverunt,
1101 2540 1347 2579 Orchomeno
1381 2543 1578 2592 pristinam

135 2595 173 2631 in
203 2597 417 2634 libertatem
447 2596 688 2641 remittenda,
721 2598 835 2635 finem
857 2599 1133 2638 discordiarum
1159 2601 1298 2646 facere,
1332 2603 1422 2652 quid
1453 2617 1577 2654 porro,

137 2671 282 2707 quaeso,
312 2658 526 2697 bellemus?
583 2658 700 2704 Num,
726 2672 803 2709 quo
832 2673 933 2710 resp.
959 2661 1070 2699 nobis
1103 2662 1223 2699 libera
1241 2661 1317 2699 sit?
1371 2663 1488 2713 Atqui
1507 2672 1577 2703 est.

137 2717 255 2764 Num,
280 2731 356 2768 quo
384 2719 522 2756 moenia
541 2719 838 2769 recuperemus?
893 2721 1010 2771 Atqui
1036 2734 1109 2771 pax
1138 2734 1266 2758 eorum
1296 2722 1444 2772 copiam
1468 2726 1577 2763 nobis

136 2778 240 2816 facit.
296 2779 362 2824 At,
390 2785 433 2816 ut
464 2780 625 2816 classem
659 2780 766 2817 nobis
800 2780 916 2818 liceat
948 2782 1128 2826 condere,
1162 2794 1355 2831 navesque
1384 2796 1469 2833 quae
1494 2785 1575 2835 jam

135 2845 224 2876 sunt
249 2851 423 2889 reparare
453 2845 491 2876 et
515 2840 599 2889 jure
628 2853 705 2890 quo
727 2841 870 2891 optimo
897 2848 1027 2880 tenere
1060 2848 1173 2890 atque
1198 2843 1402 2880 exercere?
1457 2846 1577 2896 Atqui
