1822 3219
227 133 301 168 18⁴2
823 117 825 119 ’
876 136 1048 173 LYSIAE

224 248 358 287 poenas
381 243 551 287 repetere
573 237 705 288 utique
729 241 792 285 jus
813 248 851 276 et
878 238 934 276 sas
966 238 1181 289 pietatique
1199 250 1291 289 erga
1312 239 1406 278 deos
1426 241 1497 278 erit
1525 253 1690 281 consen·

225 307 398 336 taneum.

277 364 316 398 4.
347 362 490 400 Verum
509 376 638 413 grave,
653 364 740 407 aiet,
759 363 1036 413 indignumque
1053 376 1152 408 esse,
1171 363 1334 402 indicem
1353 364 1510 415 quidem
1523 373 1691 405 extrema

224 423 315 474 pati,
338 423 482 462 indicio
498 433 624 462 autem
643 432 796 462 notatos
815 425 922 462 salvo
938 426 1108 475 gaudere
1125 433 1230 463 statu
1245 426 1381 477 etjure
1395 426 1510 472 civili,
1529 428 1691 478 perinde

222 486 418 524 vobiscum
450 486 622 523 fruentes
644 486 796 537 juribus
826 493 941 536 atque
971 485 1182 524 honoribus
1212 486 1361 525 iisdem.
1431 487 1547 538 Atqui
1577 501 1692 538 grave

222 547 288 599 qui
308 561 384 586 non
404 548 487 592 erit,
507 561 593 585 eum
614 547 707 585 satis
728 561 804 585 non
834 547 988 593 habere,
1008 547 1037 585 si
1057 561 1213 586 causam
1236 548 1372 599 capitis
1394 548 1452 586 sni
1473 549 1544 587 sibi
1563 549 1692 588 dicere

222 609 353 655 liceat,
373 610 441 648 sed
472 610 586 647 etiam
607 609 769 647 aliorum
799 610 1089 647 accusationem
1118 609 1335 648 defensioni
1355 623 1437 647 suae
1457 610 1694 649 admiscere?

224 685 446 722 comparare
479 672 576 709 inter
597 684 638 709 se
659 684 796 709 causas
824 684 936 722 quam
966 671 1174 722 plurimum
1203 671 1419 710 distantes?
1464 672 1565 710 Nam
1593 673 1691 711 alios

222 733 378 784 quidem
401 733 505 783 quod
537 746 667 770 rursus
696 733 848 770 civitate
869 733 1080 784 recepistis,
1107 746 1207 784 quos
1239 733 1430 784 sacrilegii
1451 746 1538 771 reos
1566 734 1692 772 factos

223 795 358 833 exsilio
379 794 680 840 mulctaveratis,
702 795 808 832 nulla
828 801 1003 832 versatur
1020 795 1058 832 in
1077 808 1123 833 eo
1144 795 1260 847 culpa
1279 804 1420 840 vestra,
1441 796 1509 834 sed
1530 795 1583 833 illi
1597 796 1693 835 deli-

223 864 402 908 querunt,
433 857 499 907 qui
520 856 626 894 vobis
656 856 940 894 revocationem
961 870 1092 894 eorum
1125 865 1240 908 atque
1268 857 1548 895 restitutionem
1578 857 1615 896 in
1640 858 1695 896 in-

224 927 374 970 tegrum
396 919 636 969 imperarunt
655 918 857 968 invitisque
880 925 1151 966 extorserunt3
1185 932 1260 970 quo
1280 920 1385 956 facto
1411 919 1448 956 hi
1469 932 1556 957 cum
1577 920 1695 958 sacri-

223 981 323 1031 legis
354 980 528 1031 ejusdem
561 979 752 1030 sacrilegii
784 987 889 1017 reatu
921 993 1006 1018 sese
1037 980 1108 1030 ipsi
1139 981 1380 1031 Obligarunt:
1412 994 1514 1018 nunc
1546 989 1691 1027 autem,

224 1042 332 1080 liberi
352 1055 440 1080 cum
468 1041 550 1079 sitis
571 1049 783 1092 vestraeque
805 1042 953 1092 spontis
975 1048 1015 1079 et
1039 1054 1202 1079 excusso
1223 1041 1436 1092 tyrannidis
1451 1041 1549 1092 jugo
1565 1054 1694 1079 rerum

224 1112 437 1141 vestrarum
460 1103 603 1148 arbitri,
635 1103 665 1140 si
686 1116 790 1140 nunc
811 1103 996 1141 vindicias
1027 1103 1186 1141 deorum
1208 1102 1366 1148 tollatis,
1386 1103 1502 1153 culpa
1521 1093 1601 1152 jam
1621 1103 1695 1154 ipsi

224 1178 292 1203 vos
308 1164 545 1210 tenebimini,
561 1165 599 1202 hi
615 1171 743 1202 autern
763 1165 913 1215 tyranni
930 1165 1126 1216 quondam
1141 1165 1256 1203 vestri
1273 1172 1383 1203 extra
1397 1165 1551 1216 culpam
1568 1172 1696 1204 erunt.

227 1226 356 1264 Nolite
389 1239 481 1276 ergo
514 1224 820 1263 criminationem
852 1225 952 1263 hanc
987 1234 1026 1264 et
1058 1226 1161 1263 hunc
1192 1234 1340 1264 reatum
1374 1226 1512 1264 vestris
1542 1226 1696 1277 ipsimet

225 1288 402 1326 manibus
423 1289 470 1325 ab
490 1288 640 1325 illorum
666 1287 855 1338 capitibus
888 1287 923 1324 in
947 1296 1072 1325 vestra
1091 1287 1313 1332 transferre,
1334 1301 1421 1325 cum
1452 1287 1567 1326 liceat
1586 1288 1696 1326 vobis

225 1363 340 1401 poena
371 1349 526 1387 sceleris
558 1362 623 1386 reo
660 1349 870 1398 infligenda
907 1349 1178 1400 infamiamque
1211 1356 1250 1386 et
1279 1349 1474 1400 piaculum
1512 1348 1695 1400 effugere.

225 1410 432 1456 Praeterea,
449 1423 547 1461 quos
565 1410 789 1447 Andocides
810 1411 984 1460 queritur
1001 1411 1106 1447 vobis
1127 1412 1365 1461 exprobrans
1384 1411 1421 1447 in
1439 1411 1569 1448 urbem
1586 1424 1695 1448 revo-

226 1467 349 1518 catos,
383 1472 484 1509 unde
505 1473 553 1509 ob
583 1471 790 1523 impietatis
818 1472 964 1508 crimen
994 1471 1216 1508 exsulatum
1246 1471 1300 1508 ire
1325 1471 1426 1521 jussi
1457 1470 1632 1516 fuissent,
1657 1470 1698 1508 hi

226 1534 376 1572 scelera
393 1533 607 1571 infitiantur
631 1546 653 1570 a
672 1546 712 1570 se
734 1533 941 1570 commissa
960 1546 1046 1570 esse
1073 1545 1120 1570 ea
1147 1545 1309 1582 quorum
1331 1546 1372 1570 se
1392 1532 1542 1570 delator
1561 1532 1698 1570 Ando-

227 1596 335 1634 cides
354 1595 637 1634 insimulasset:
669 1594 890 1631 Andocides
911 1600 1041 1631 autem
1062 1594 1143 1644 ipse
1166 1607 1238 1631 sua
1257 1607 1298 1631 se
1323 1594 1569 1631 confessione
1589 1607 1698 1632 reum

229 1659 334 1697 fecit.
391 1659 512 1708 Atqui
533 1670 610 1695 non
637 1657 676 1694 in
707 1656 790 1694 aliis
811 1656 1054 1693 solummodo
1079 1656 1253 1705 judiciis,
1277 1657 1347 1694 sed
1376 1656 1412 1693 in
1443 1657 1523 1707 ipso
1543 1670 1699 1707 quoque

229 1721 518 1772 Areopagitico,
539 1720 643 1770 quod
664 1718 836 1756 omnium
863 1718 1096 1770 judiciorum
1119 1719 1404 1756 sanctissimum
1423 1727 1461 1756 et
1482 1719 1579 1769 juris
1597 1720 1698 1770 aequi

229 1783 519 1821 tenacissimum
549 1782 726 1827 babetur,
757 1780 978 1831 quicunque
1010 1779 1175 1831 capitale
1203 1780 1346 1817 crimen
1376 1793 1399 1818 a
1418 1793 1459 1818 se
1486 1780 1699 1818 admissum

229 1845 388 1888 fatetur,
405 1845 436 1882 is
456 1844 586 1882 statim
613 1844 739 1895 capite
762 1856 893 1894 poenas
915 1843 1006 1885 luit;
1039 1843 1098 1880 sin
1127 1849 1256 1880 autem
1278 1843 1475 1888 infitietur,
1498 1843 1701 1894 inquiritur

230 1909 270 1945 in
290 1921 421 1946 causae
441 1908 640 1945 veritatem
661 1914 701 1944 et
729 1904 982 1944 convictionis
1013 1918 1080 1955 per
1111 1912 1337 1955 argumenta
1366 1904 1534 1942 fidiculae
1565 1906 1700 1942 admo-

230 1980 381 2017 ventur,
401 1983 478 2021 quo
499 1982 602 2020 saepe
623 1969 767 2006 factum
789 1977 860 2013 est,
894 1975 936 2004 ut
953 1967 1124 2005 accusati
1145 1968 1450 2013 absolverentur,
1471 1969 1535 2019 qui
1556 1981 1594 2005 re
1615 1969 1700 2006 dili-

231 2040 367 2084 genter
383 2031 584 2083 explorata
597 2031 795 2082 judicibus
811 2029 902 2067 nihil
922 2029 1131 2080 deliquisse
1148 2030 1217 2066 visi
1237 2029 1416 2068 fuissent.
1477 2030 1592 2068 Haud
1607 2043 1702 2068 con-

231 2095 337 2133 venit
373 2107 468 2145 ergo
500 2094 709 2131 infitiantes
746 2093 888 2130 crimen
927 2104 1017 2129 cum
1056 2092 1328 2129 confitentibus
1366 2092 1445 2142 pari
1480 2092 1704 2130 conditione

232 2156 387 2194 habere.
446 2155 547 2192 Mihi
568 2155 699 2204 utique
719 2167 836 2204 grave
857 2153 1002 2191 accidit
1021 2152 1316 2203 indignumque,
1332 2154 1363 2190 si
1382 2153 1641 2190 committatur
1661 2160 1704 2189 ut

233 2217 393 2256 deorum
411 2217 462 2256 sit
475 2230 595 2268 penes
611 2229 682 2254 nos
699 2216 805 2267 pejor
821 2222 934 2266 atque
948 2214 1146 2252 hominum
1161 2214 1351 2252 conditio:
1382 2214 1547 2252 hominis
1563 2227 1705 2264 corpus

234 2279 267 2318 si
286 2280 373 2330 quis
394 2278 618 2322 vulnerarit,
641 2290 674 2314 e.
697 2290 734 2315 c.
763 2284 882 2327 caput
911 2283 978 2314 aut
998 2289 1041 2313 os
1063 2283 1131 2312 aut
1161 2289 1298 2313 manus
1320 2283 1387 2313 aut
1415 2276 1550 2326 pedes,
1571 2275 1623 2312 illi
1637 2275 1705 2327 jus

235 2341 549 2392 Areopagiticum
579 2339 691 2377 titulo
709 2339 878 2376 vulneris
899 2336 1154 2389 praemeditati
1175 2350 1375 2375 excessum
1407 2350 1453 2375 ea
1472 2350 1519 2375 ex
1538 2337 1645 2382 urbe,
1665 2336 1704 2373 in

233 2416 312 2455 qua
341 2403 562 2440 vulneratus
595 2414 675 2439 rem
706 2400 931 2438 familiarem
960 2400 1091 2445 habet,
1120 2399 1296 2450 imperat,
1317 2411 1394 2449 quo
1422 2399 1452 2436 si
1482 2398 1637 2436 redierit
1657 2400 1707 2436 ab

236 2464 390 2512 exsilio,
424 2464 617 2502 indicatur
661 2464 812 2501 senatui
850 2461 1136 2513 Areopagitico,
1176 2461 1242 2512 qui
1288 2474 1375 2499 eum
1422 2460 1549 2498 statim
1594 2459 1706 2496 morti

238 2528 421 2566 damnat:
453 2525 613 2563 deorum
643 2531 770 2562 autem
802 2525 840 2561 in
873 2524 1077 2561 simulacra
1106 2525 1136 2560 si
1171 2523 1258 2573 quis
1289 2522 1453 2560 eandem
1483 2522 1557 2558 vim
1589 2527 1706 2571 atque

237 2590 341 2627 idem
360 2587 470 2626 nefas
490 2586 718 2638 expedierit,
738 2599 824 2623 eum
845 2599 912 2623 vos
940 2585 1171 2635 templorum
1190 2585 1385 2622 liminibus
1415 2597 1492 2620 non
1513 2582 1705 2629 arcebitis,

239 2652 310 2689 sed
331 2651 381 2689 ad
406 2662 492 2687 aras
521 2648 704 2687 accedere
731 2648 893 2685 inultum
925 2647 1073 2684 sinetis.
1132 2647 1250 2696 Atqui
1279 2645 1338 2683 his
1369 2644 1604 2695 prospicere,
1635 2644 1709 2681 hos

239 2726 391 2757 ornare,
413 2711 525 2756 tueri,
549 2709 746 2754 demereri,
767 2723 854 2747 cum
880 2709 993 2746 decet
1020 2716 1101 2745 tum
1129 2707 1298 2758 expedit,
1323 2719 1344 2745 a
1365 2707 1503 2758 quibus
1525 2719 1612 2744 cum
1637 2718 1708 2757 spe

239 2776 429 2813 bonorum
459 2772 787 2824 impetrandorum
816 2770 1015 2822 proposita
1044 2776 1169 2806 metus
1199 2780 1354 2818 quoque
1385 2768 1574 2805 malorum
1606 2766 1710 2804 acci-

240 2836 470 2889 piendorum
490 2835 699 2873 immineat.
756 2831 887 2877 Quid?
917 2832 1021 2881 quod
1042 2830 1270 2867 Graecorum
1290 2829 1431 2867 multos
1453 2830 1561 2867 aiunt
1578 2828 1714 2866 Ando-

242 2899 368 2937 cidem
387 2899 437 2936 ob
459 2897 526 2935 illa
545 2903 602 2935 tot
621 2898 670 2935 ab
691 2908 737 2934 eo
759 2895 814 2933 sic
832 2894 929 2932 inter
952 2905 1022 2931 nos
1043 2892 1157 2944 impie
1178 2891 1280 2929 facta
1301 2890 1380 2928 suis
1403 2890 1558 2942 templis
1579 2889 1712 2928 exclu-
