1822 3219
274 176 351 212 ‘294
927 181 1093 218 LYSIAE

269 280 410 325 quam!
461 278 568 316 Alios
599 287 728 318 sontes
754 282 951 332 judicibus
986 285 1084 320 visos
1119 285 1300 333 precibus
1335 285 1500 335 eripiunt
1525 289 1728 338 poenisque

267 338 412 375 meritis
429 338 592 378 liberant
608 341 673 379 viri
693 344 920 381 auctoritate
944 344 1135 394 pollentes
1157 346 1376 395 meritisque
1399 347 1642 396 spectabiles,
1663 349 1728 399 qui

265 398 430 437 turbidis
459 399 533 438 illis
563 402 657 453 reip.
685 404 932 454 temporibus
952 406 1148 455 egregiam
1175 406 1281 443 vobis
1317 418 1471 457 operam
1504 408 1727 457 praestitisse

257 458 506 508 judicantur:
536 461 598 499 alii
626 464 777 512 pariter,
805 471 923 515 atque
949 464 1001 502 illi
1030 466 1189 516 priores,
1211 467 1434 517 injuriarum
1459 466 1726 518 furtorumque

264 518 316 556 rei
342 527 584 559 accusatores
615 522 883 572 largitionibus
902 524 956 562 ita
982 525 1150 576 sopiunt,
1178 533 1221 564 ut
1247 526 1298 563 nil
1318 527 1525 577 quicquam
1545 539 1725 578 peccasse

263 579 479 619 videantur.
514 580 517 581 ⁷
539 583 620 620 Nos
640 596 730 621 vero
751 584 953 635 plectimur
979 586 1164 624 insontes.
1224 587 1343 625 Eccui
1368 588 1448 639 jam
1476 601 1553 625 non
1572 589 1726 626 misera-

263 640 348 678 bilis
371 654 452 679 sors
475 651 604 682 nostra
626 645 846 683 videbitur?
895 646 971 683 Sed
1002 647 1104 684 aient
1125 656 1386 694 accusatores,
1407 648 1724 698 Quadringentos

262 715 428 752 nequam
448 704 589 748 fuisse:
623 706 728 756 atqui
751 719 817 744 vos
847 707 919 758 ipsi
946 708 993 746 ab
1020 708 1078 745 his
1111 708 1257 745 inducti
1281 708 1486 758 quinquies
1513 708 1616 746 mille
1635 708 1724 747 viris

261 775 330 800 vos
358 764 596 803 tradidistis:
623 767 703 817 jam
726 781 814 817 quae
842 780 926 814 vos,
951 768 1015 818 qui
1042 775 1100 806 tot
1129 781 1289 806 numero
1318 769 1468 814 essetis,
1486 769 1595 807 vobis
1619 768 1724 820 passi

260 824 350 861 estis
376 826 611 874 persuaderi,
631 839 676 864 ea
708 840 782 866 non
809 828 971 866 decebat
999 842 1313 879 unumquemque
1339 828 1721 879 Quadringentorum

261 885 331 922 sibi
351 886 429 936 pati
450 887 706 937 persuaderi?
753 889 912 932 Verum,
933 902 1007 927 non
1028 889 1065 926 hi
1085 896 1175 926 sunt
1194 890 1231 927 in
1251 890 1378 940 culpa,
1402 890 1471 928 sed
1487 890 1550 928 isti
1568 889 1633 941 qui
1655 903 1723 928 vos

263 945 501 997 deceperunt
521 956 636 999 atque
657 950 855 989 laeserunt.
918 956 920 959 '

314 1010 352 1045 5.
384 1010 459 1047 Hic
481 1017 622 1058 autem,
645 1019 753 1062 pater
773 1025 894 1058 meus,
915 1012 1046 1050 multis
1067 1014 1180 1050 rebus
1201 1013 1396 1063 egregiam
1416 1024 1524 1050 suam
1543 1025 1636 1064 erga
1652 1025 1720 1052 vos

258 1069 496 1109 voluntatem
527 1071 727 1110 declarat:
760 1078 904 1111 statum
932 1073 1033 1111 enim
1051 1080 1222 1111 vestrum
1247 1073 1473 1124 popularem
1499 1079 1670 1111 evertere
1690 1073 1723 1112 si

257 1130 455 1177 voluisset,
485 1145 577 1179 non,
606 1134 710 1171 curia
739 1133 981 1172 solummodo
1017 1147 1084 1186 per
1117 1135 1316 1172 octiduum
1351 1127 1532 1181 salutata,
1560 1148 1721 1186 peregre

257 1193 454 1242 profectus
484 1200 588 1231 esset
617 1195 653 1231 in
683 1208 793 1233 nave.
849 1198 901 1233 At
929 1196 1033 1234 dicat
1063 1195 1214 1246 aliquis,
1243 1209 1330 1233 eum
1361 1196 1572 1247 cupiditate
1603 1209 1721 1247 opum

257 1253 558 1302 colligendarum
574 1255 669 1293 illud
685 1256 755 1294 iter
772 1258 991 1308 suscepisse
1007 1270 1015 1294 z
1036 1257 1193 1295 fuerunt
1209 1258 1340 1308 utique
1355 1258 1420 1309 qui
1437 1271 1502 1309 per
1516 1258 1719 1309 potestatis

256 1317 581 1366 opportunitatem
601 1319 724 1355 socios
744 1325 892 1356 vestros
913 1318 1138 1368 expilarent.
1198 1318 1272 1356 Hic
1293 1331 1384 1356 vero
1404 1319 1496 1369 quid
1519 1331 1635 1369 opum
1655 1332 1718 1357 ve-

256 1382 419 1414 strarum
449 1378 717 1424 intervenerit,
746 1392 857 1416 nemo
887 1379 1000 1417 facile
1027 1379 1186 1417 dixerit:
1220 1380 1348 1417 omnia
1376 1380 1460 1430 ejus
1489 1379 1562 1417 alia
1590 1379 1718 1430 potius

255 1438 558 1487 reprehendunt,
578 1453 694 1489 quam
718 1441 856 1490 cupide
876 1442 923 1478 ab
944 1454 989 1478 eo
1012 1448 1159 1491 gestam
1185 1450 1300 1491 atque
1324 1442 1555 1492 impotenter
1579 1442 1717 1492 praefe·

253 1504 415 1537 cturam.
461 1500 720 1538 Accusatores
738 1506 820 1543 tum
836 1501 1017 1551 temporis
1033 1501 1191 1552 quidem
1205 1502 1441 1539 voluntatem
1457 1514 1551 1551 erga
1563 1502 1718 1552 plebem

255 1558 361 1596 nullo
379 1559 596 1609 prodebant
616 1560 851 1599 documento
871 1575 994 1612 neque
1015 1561 1204 1600 laboranti
1223 1562 1257 1599 ei
1279 1564 1582 1606 succurrebant3
1615 1575 1718 1600 nuuc

255 1626 395 1665 autem,
415 1634 503 1658 cum
521 1622 603 1672 ipse
622 1635 755 1660 secum
776 1622 941 1673 populus
962 1623 1105 1674 optime
1125 1624 1319 1661 consentit
1341 1630 1380 1660 et
1406 1630 1540 1661 mutua
1560 1624 1718 1662 caritate

252 1681 375 1727 ardet,
408 1682 641 1719 subveniunt
676 1684 907 1720 verbotenus
940 1684 1066 1729 vobis,
1106 1696 1244 1733 reapse
1284 1684 1367 1720 sibi.
1425 1684 1549 1721 Tanta
1586 1689 1715 1722 autem

252 1742 398 1779 mulcta
436 1743 654 1792 pecuniaria
687 1743 913 1781 damnatum
943 1744 1062 1781 fuisse
1091 1751 1253 1794 patrem,
1283 1744 1321 1781 id
1351 1757 1439 1781 vero
1467 1756 1536 1781 vos
1575 1745 1715 1792 mirari,

244 1800 410 1850 judices,
439 1804 570 1842 nolim.
628 1806 840 1843 Absentem
869 1806 970 1843 enim
1005 1819 1093 1843 eum
1123 1818 1277 1856 unaque
1306 1818 1376 1843 nos
1406 1805 1716 1843 condemnarunt

250 1877 296 1901 eo
323 1866 360 1902 in
381 1865 541 1915 judicio,
562 1866 666 1916 quod
692 1874 735 1904 ut
759 1867 807 1905 de
835 1869 992 1905 absente
1017 1867 1223 1904 haberetur
1242 1867 1315 1918 ipsi
1336 1867 1444 1905 malis
1465 1868 1608 1905 artibus
1627 1880 1713 1918 per-

249 1925 433 1964 fecerant.
492 1927 573 1965 Etsi
601 1928 702 1965 enim
730 1929 859 1966 testari
886 1930 972 1979 quis
1000 1929 1033 1965 ei
1060 1928 1260 1979 potuisset,
1281 1941 1355 1966 non
1382 1928 1493 1966 licuit
1514 1935 1643 1966 tamen
1663 1930 1712 1967 ob

251 1995 397 2026 metum
426 1990 473 2027 ab
502 1990 547 2027 iis
573 1991 878 2037 accusatoribus,
904 1991 1044 2041 quibus
1072 1998 1188 2028 testes
1211 1990 1377 2040 corrupti
1405 1997 1545 2041 praesto
1570 1997 1712 2038 essent,

250 2049 303 2086 nil
330 2056 543 2088 metuentes
572 2051 776 2089 manifesta
801 2051 898 2089 adeo
920 2051 1124 2089 mendacia
1143 2051 1362 2089 testimonio
1382 2064 1453 2088 suo
1473 2050 1712 2090 confirmare.

252 2110 447 2149 Luctuosa
468 2112 638 2162 profecto
655 2112 703 2149 sit
719 2125 801 2150 sors
821 2119 966 2158 nostra,
981 2112 1148 2163 judices,
1167 2113 1197 2150 si
1215 2112 1309 2150 alios
1330 2111 1498 2162 quidem,
1515 2112 1712 2162 peculatus

249 2173 302 2211 ita
321 2176 518 2213 convictos
538 2182 582 2213 ut
599 2175 749 2212 infitiari
770 2182 979 2225 nequeant,
1000 2175 1195 2213 advocatis
1213 2175 1300 2212 viris
1321 2176 1498 2225 gratiosis
1520 2175 1712 2213 exoranti-

250 2234 322 2271 bus
352 2235 601 2274 condonetis:
632 2237 743 2274 nobis
770 2244 897 2273 autem
923 2237 1081 2286 gratiam
1103 2236 1228 2274 facere
1249 2236 1389 2280 nolitis,
1409 2236 1564 2273 tametsi
1584 2242 1622 2273 et
1640 2235 1713 2286 ipsi

251 2294 299 2331 de
333 2295 446 2344 plebe
475 2303 600 2334 vestra
632 2297 729 2334 bene
761 2296 895 2333 mereri
921 2296 1247 2340 contenderimus,
1269 2302 1309 2332 et
1332 2303 1451 2346 pater·
1467 2295 1575 2333 nulla
1596 2295 1712 2346 culpa

251 2361 441 2392 teneatur.
498 2357 708 2406 Peregrino
728 2357 883 2406 quidem
904 2357 952 2394 ad
973 2369 1041 2394 vos
1062 2356 1219 2394 adeunti
1241 2364 1309 2394 aut
1328 2357 1532 2407 pecuniam
1550 2363 1618 2394 aut
1640 2357 1710 2395 ho·

251 2423 532 2466 noremrogatu
545 2430 594 2461 m,
622 2430 657 2454 e.
679 2426 714 2454 c.
741 2424 784 2455 ut
813 2418 1016 2468 Evergetae
1043 2417 1157 2455 titulo
1182 2417 1470 2463 cohonestetur,
1491 2418 1572 2455 sine
1592 2417 1710 2455 dubio

250 2476 330 2514 sitis
349 2477 550 2515 tributuri:
580 2478 690 2516 nobis
706 2485 834 2516 autem
849 2479 923 2516 hoc
938 2479 1122 2516 minutum
1136 2478 1392 2529 denegabitis,
1405 2485 1448 2516 ut
1461 2479 1709 2528 imposterum

252 2537 371 2576 simus
391 2538 506 2585 cives,
526 2540 850 2590 quemadmodum
872 2547 961 2578 ante
980 2541 1136 2578 mulctae
1155 2539 1257 2578 illius
1283 2541 1528 2591 scriptionem
1553 2540 1708 2585 fuimus,

246 2599 333 2649 jure
351 2598 451 2637 civili
471 2600 742 2651 redintegrato,
763 2607 806 2638 ut
826 2602 890 2651 qui
911 2602 1082 2652 optimo?
1131 2601 1399 2652 Tyr-annorum
1419 2600 1449 2638 si
1467 2600 1531 2650 qui
1551 2600 1709 2638 fuerunt

252 2673 344 2710 erga
362 2674 429 2699 vos
450 2661 640 2707 malevoli,
658 2675 716 2699 res
735 2669 878 2700 vestras
898 2663 928 2700 si
949 2663 1046 2700 male
1061 2670 1099 2701 et
1113 2663 1304 2713 flagitiose
1324 2668 1539 2712 gesserunt,
1557 2669 1708 2700 senten-

253 2721 388 2758 tiarum
409 2730 587 2761 auctores
607 2723 638 2761 si
659 2724 748 2761 facti
768 2730 858 2761 sunt
878 2724 1114 2761 inimicarum
1131 2725 1238 2762 vobis
1261 2730 1376 2773 atque
1395 2722 1707 2774 perniciosarum,

251 2782 371 2833 iniqui
392 2785 472 2822 sitis
493 2798 572 2832 vos,
592 2785 622 2823 si
643 2785 796 2836 culpam
816 2797 947 2823 earum
968 2799 1092 2823 rerum
1119 2786 1155 2822 in
1183 2786 1361 2823 absentes
1388 2785 1608 2831 conseratis,
1624 2797 1707 2832 vos,

252 2845 318 2894 qui
344 2845 448 2895 ipsos
470 2847 567 2885 adeo
589 2854 801 2899 praesentes
822 2854 861 2885 et
880 2847 914 2884 in
937 2847 1010 2884 illis
1030 2847 1367 2885 deliberationibus
1386 2853 1561 2885 versatos
1581 2846 1708 2884 absol-

254 2905 394 2944 veritis.
451 2908 598 2946 Civium
624 2916 834 2948 vestrorum
864 2909 894 2946 si
922 2907 1007 2958 quis
1036 2909 1140 2946 vobis
1167 2921 1244 2946 non
1271 2909 1414 2959 optima
1433 2908 1601 2947 suadens
1623 2920 1703 2957 per-
