1822 3219
496 148 568 185 DE
600 147 855 186 PECUNIIS
888 147 1150 186 PUBLICIS.
1492 150 1568 184 273

121 247 368 298 magistratus
389 248 478 285 anni
499 247 700 299 superioris
715 246 764 285 ad
779 259 876 296 quos
891 246 950 283 hae
964 246 1134 284 actiones
1151 245 1287 283 delatae
1303 252 1385 283 tum
1402 246 1571 294 fuerunt,

118 314 311 358 postremo
332 309 493 347 arbitros
523 309 587 359 qui
615 319 717 345 nunc
748 313 839 344 sunt
862 307 915 344 rei
946 306 1158 344 maritimae.
1215 306 1409 344 Praetcrea
1434 307 1569 345 recita-

116 369 259 406 buntur
274 370 381 407 vobis
401 371 515 407 etiam
533 369 680 407 indices
700 369 836 405 horum
855 369 1043 405 bonorum
1065 366 1378 418 proscriptorum:
1410 381 1497 405 nam
1518 382 1567 406 ex

118 430 163 467 iis
179 431 419 480 potissimum
439 430 674 479 intelligetis,
696 441 765 465 nos
784 441 861 466 non
881 442 1004 479 nuper
1023 429 1177 466 demum
1199 427 1361 477 coepisse
1381 428 1484 465 bona
1504 429 1569 466 illa

121 490 231 528 nobis
251 491 457 536 vindicare,
478 503 602 540 neque
631 502 733 526 nunc
754 502 843 526 cum
871 490 1004 527 aerario
1033 489 1266 527 contendere
1287 501 1400 538 super
1421 502 1570 526 summa

119 551 273 600 majore,
293 564 406 600 quam
427 557 488 587 est
508 563 554 587 ea
573 562 688 600 super
708 562 786 599 qua
805 562 894 587 cum
919 550 1140 587 hominibus
1162 549 1316 600 privatis
1338 555 1450 587 antea
1477 562 1567 587 con-

118 611 384 649 tendebamus.
440 610 578 648 Testes
597 611 686 647 cita.

738 709 955 746 TESTES.

170 793 208 830 6.
229 791 665 842 Tenetisjam‚judiceS‚
677 805 756 830 non
768 794 977 843 contrajus
990 799 1028 830 et
1042 793 1099 830 fas
1115 805 1175 830 me
1186 793 1392 843 postulare,
1405 799 1449 830 ut
1462 793 1568 831 litem

115 852 229 897 hanc,
251 866 338 903 quae
353 852 443 890 mihi
459 865 547 890 cum
560 865 641 902 rep.
657 866 772 904 super
786 854 896 891 bonis
913 854 1087 891 Eratonis
1103 854 1322 904 proscriptis
1343 860 1413 898 est,
1431 867 1569 891 secun-

117 913 209 950 dum
228 926 290 951 me
312 913 426 959 detis,
448 913 517 950 sed
543 926 724 963 magnam
745 926 898 965 quoque
918 919 1068 964 partem
1086 926 1232 956 eorum,
1252 926 1339 963 quae
1368 913 1457 951 mihi
1481 916 1567 965 jure

118 973 261 1024 optImo
291 973 545 1018 debebantur,
580 975 713 1012 aerario
743 975 993 1018 concessisse,
1017 974 1179 1024 ideoque
1206 974 1293 1025 jure
1322 987 1494 1024 poscere,
1529 982 1572 1012 ut

118 1033 331 1084 pauxillum
357 1034 431 1071 hoc
463 1034 566 1082 quod
598 1035 678 1084 ipse
705 1034 796 1071 mihi
823 1034 957 1084 reliqui
985 1034 1181 1072 reddatur.
1238 1035 1437 1085 Superest,
1457 1042 1500 1072 ut
1530 1036 1569 1073 id

119 1106 244 1143 agam,
264 1093 368 1144 quod
388 1106 557 1131 mearum
578 1094 678 1132 duco
698 1095 865 1145 partium
886 1108 986 1141 esse,
1005 1102 1047 1133 ut
1073 1103 1111 1133 et
1139 1108 1207 1134 vos
1235 1097 1393 1147 supplex
1422 1109 1567 1148 rogem,

114 1153 283 1203 judices,
305 1160 343 1192 et
360 1154 430 1192 hos
450 1167 527 1193 una
543 1155 751 1194 advocatos
772 1155 854 1194 fisci
873 1168 1001 1194 coram
1020 1156 1142 1195 vobis.

808 2882 889 2914 2N
