1822 3219
743 546 1188 602 ANDOCIDIS

574 680 684 730 DE
750 682 920 731 SUO
987 683 1340 733 REDITU

841 816 1085 859 ORATIO.

298 1011 331 1047 1.
360 1010 472 1048 AmA
501 1011 655 1061 quidem
677 1012 858 1063 quapiam
888 1013 926 1050 in
947 1026 1000 1060 re,
1020 1014 1101 1060 viri,
1122 1014 1154 1051 si
1177 1014 1364 1052 sententia
1382 1027 1458 1052 non
1478 1014 1526 1052 sit
1545 1013 1678 1052 eadem

238 1070 416 1109 omnibus
448 1071 499 1110 ad
535 1072 739 1110 dicendum
773 1074 1064 1124 prodeuntibus,
1095 1075 1200 1113 haud
1232 1076 1407 1126 equidem
1441 1076 1572 1115 mirer:
1615 1075 1680 1113 ubi

240 1137 368 1169 autem
402 1132 474 1171 hoc
503 1133 640 1184 agitur,
661 1140 705 1171 ut
735 1147 834 1185 resp.
863 1147 886 1171 a
914 1147 974 1172 me
1007 1135 1192 1173 beneficio
1223 1136 1391 1186 quodam
1424 1142 1576 1174 ornetur
1605 1135 1681 1174 alio

236 1194 417 1244 quopiam
436 1195 565 1241 modo,
581 1208 695 1245 quam
716 1209 793 1246 quo
811 1196 896 1246 quis
917 1196 1012 1234 alius
1031 1197 1124 1235 velit
1140 1211 1198 1235 me
1215 1198 1367 1236 teterior
1383 1206 1499 1249 atque
1511 1198 1680 1246 inferior,

234 1254 285 1292 ibi
304 1268 456 1294 mecum
477 1256 573 1294 alios
594 1257 827 1302 consentire,
847 1257 940 1296 alios
960 1258 1172 1305 dissentire,
1186 1273 1312 1311 neque
1331 1273 1483 1298 sensum
1503 1260 1680 1298 omnibus

236 1316 403 1354 eundem
440 1317 581 1364 inesse,
617 1318 658 1356 id
697 1331 783 1356 vero
821 1318 982 1356 arbitror
1025 1320 1194 1357 omnium
1234 1333 1317 1358 esse
1355 1321 1678 1371 indignissimum.

237 1377 382 1417 Civitas
402 1379 502 1418 enim
523 1380 554 1418 si
572 1379 785 1418 communis
805 1388 864 1417 est
883 1380 1057 1418 omnibus
1076 1381 1114 1418 in
1135 1394 1182 1419 ea
1207 1382 1532 1419 commorantibus
1561 1389 1679 1432 atque

233 1452 292 1477 res
329 1440 459 1479 civiles
499 1442 768 1487 tractantibus,
803 1455 964 1480 necesse
999 1449 1071 1488 est,
1102 1450 1158 1488 ut,
1197 1457 1283 1494 quae
1321 1443 1464 1482 civitati
1500 1443 1680 1482 salutaria

233 1502 427 1548 eveniunt,
444 1503 592 1540 cunctis
609 1516 764 1554 quoque
784 1503 861 1541 sint
879 1503 1025 1540 civibus
1044 1504 1262 1541 communia
1276 1504 1325 1541 ad
1341 1511 1578 1555 cunctosque
1594 1517 1680 1556 per-

232 1561 391 1602 tineant.
449 1563 535 1602 Hoc
555 1570 697 1610 autem,
719 1565 823 1615 quod
850 1577 964 1615 grave
997 1572 1034 1602 et
1065 1564 1265 1615 indignum
1284 1566 1343 1603 aio
1369 1579 1469 1612 esse,
1495 1579 1597 1604 nunc
1621 1566 1680 1612 fit,

229 1631 269 1662 et
289 1624 377 1663 licet
397 1638 552 1663 cernere
572 1625 664 1663 alios
686 1625 724 1663 id
744 1639 846 1664 nunc
861 1627 941 1677 jam
962 1633 1137 1677 agentes,
1160 1627 1255 1665 alios
1274 1627 1390 1678 paulo
1410 1636 1498 1679 post
1517 1629 1674 1667 forsitan

195 1715 198 1720 .
232 1692 413 1724 acturos:
443 1687 558 1724 miror
591 1687 769 1737 equidem
801 1688 982 1739 majorem
1008 1687 1047 1724 in
1071 1688 1241 1731 modum,
1264 1688 1405 1738 ecquid
1427 1689 1582 1728 tandem
1615 1690 1678 1736 sit,

231 1760 300 1785 cur
319 1748 356 1785 hi
377 1755 455 1786 tam
475 1756 667 1798 angantur
695 1750 823 1793 animi,
854 1757 930 1787 tam
967 1756 1124 1787 urantur
1157 1749 1414 1795 vehementer,
1443 1758 1519 1788 tam
1552 1751 1678 1788 ferant

230 1804 485 1860 impatienter,
506 1824 528 1848 a
548 1823 607 1848 me
629 1811 719 1848 boni
744 1811 947 1861 quicquam
969 1811 1017 1848 ad
1033 1824 1100 1849 vos
1116 1824 1202 1849 esse
1224 1819 1506 1862 perventurum.
1551 1812 1677 1863 Opor-

231 1879 288 1910 tet
316 1886 381 1910 eos
411 1874 543 1923 utique
574 1879 638 1910 aut
667 1874 861 1911 hominum
891 1873 1058 1911 omnium
1089 1874 1340 1919 tardissimos,
1361 1881 1429 1912 aut
1459 1874 1678 1925 reipublicae

230 1942 367 1972 vestrae
402 1934 781 1972 malevolentissimos
815 1947 914 1972 esse.
971 1935 1070 1972 Nam
1103 1935 1133 1972 si
1164 1949 1385 1986 persuasum
1418 1935 1489 1973 sibi
1520 1935 1676 1981 habent,

229 2009 309 2046 rep.
330 1996 503 2041 florente,
523 2009 581 2033 res
601 2009 755 2046 quoque
777 2009 864 2034 suas
895 1996 1062 2047 privatas
1094 1997 1249 2034 meliore
1279 1997 1365 2035 loco
1395 1997 1543 2035 futuras
1576 2009 1675 2043 esse,

229 2056 442 2095 stultissimi
464 2065 555 2095 sunt
574 2059 761 2103 omnium,
780 2058 990 2096 commodis
1011 2059 1081 2110 ipsi
1101 2059 1180 2097 suis
1199 2059 1434 2103 officientes;
1466 2059 1524 2098 sin
1545 2066 1676 2098 autem

228 2131 299 2156 sua
318 2118 387 2156 sibi
412 2118 556 2157 habent
582 2118 729 2170 privata
748 2120 950 2158 commoda
969 2132 991 2157 a
1011 2121 1146 2158 vestris
1168 2120 1332 2171 publicis
1353 2121 1540 2172 sejuncta,
1571 2120 1674 2158 haud

227 2180 353 2227 video,
371 2180 437 2231 qui
463 2181 612 2232 possint
644 2182 738 2232 reip.
761 2195 838 2219 non
870 2181 1005 2219 infensi
1027 2195 1138 2219 esse:
1169 2194 1307 2219 arcana
1325 2194 1411 2219 cum
1433 2182 1481 2219 ad
1501 2188 1674 2219 senatum

227 2241 578 2280 intronunciassem
611 2243 656 2280 iis
689 2243 736 2280 de
767 2244 896 2288 rebus,
917 2256 1004 2293 quae
1039 2256 1098 2280 res
1133 2243 1275 2279 exitum
1309 2242 1340 2279 si
1371 2243 1588 2288 sortiantur,
1616 2250 1675 2281 tot

230 2303 392 2346 afferent
407 2310 445 2341 et
460 2310 568 2340 tanta
587 2304 678 2353 reip.
695 2303 969 2348 emolumenta,
984 2312 1026 2341 ut
1043 2304 1115 2341 alia
1131 2303 1236 2342 nulia
1252 2306 1398 2355 possint
1414 2318 1498 2343 esse
1517 2305 1675 2356 majora,

229 2378 448 2416 quanquam
470 2378 518 2402 ex
538 2365 596 2402 his
617 2366 720 2416 ipsis,
734 2366 919 2403 adversus
937 2379 1033 2416 quos
1055 2365 1139 2403 haee
1160 2379 1244 2403 mea
1265 2374 1413 2417 pugnat
1431 2366 1563 2410 oratio,
1578 2379 1674 2404 non-

227 2428 321 2466 nulli
342 2429 378 2465 in
400 2436 534 2466 senatu
555 2436 634 2466 tum
651 2429 828 2466 adessent
848 2429 1098 2479 audirentque
1117 2442 1174 2466 me
1189 2429 1419 2467 documenta
1434 2429 1670 2467 senatoribus

225 2498 503 2542 proponentem
531 2492 735 2540 perspicua
756 2499 794 2528 et
813 2498 917 2529 certa
948 2491 1290 2528 emolumentorum
1325 2492 1374 2529 ad
1407 2505 1526 2541 remp.
1544 2504 1592 2528 ex
1611 2504 1671 2529 ar-

227 2553 332 2591 canis
364 2552 456 2590 meis
489 2552 658 2590 consiliis
691 2561 1019 2603 proventui-orum,
1041 2560 1079 2591 et
1108 2566 1329 2604 quanquam
1351 2566 1396 2591 eo
1413 2553 1464 2591 ibi
1485 2554 1674 2598 adessent,

227 2627 317 2665 quo,
337 2614 367 2652 si
387 2613 479 2664 quid
499 2626 522 2650 a
540 2627 600 2651 me
630 2614 754 2651 secius
780 2614 982 2660 diceretur,
1008 2615 1046 2652 id
1078 2615 1368 2665 redarguerunt,
1389 2622 1516 2652 tamen
1546 2627 1671 2666 neque

226 2678 280 2714 illi
312 2689 374 2714 me
404 2676 540 2714 erroris
573 2675 686 2713 ullius
716 2676 938 2714 convincere
974 2683 1149 2726 poterant
1181 2688 1304 2725 neque
1333 2675 1429 2714 alius
1465 2676 1670 2727 quisquam

228 2738 420 2781 convicit:
448 2750 551 2775 nunc
572 2743 699 2775 autem
728 2737 887 2775 consilia
920 2739 1028 2775 istaec
1055 2751 1138 2776 mea
1169 2744 1356 2775 conantur
1389 2750 1504 2788 penes
1536 2751 1603 2777 vos
1632 2739 1670 2776 in

230 2800 486 2850 suspicionem
506 2798 710 2850 odiumque
731 2799 936 2837 adducere.
995 2799 1039 2837 Id
1059 2799 1162 2849 quod
1177 2799 1409 2838 documento
1423 2806 1495 2846 est,
1510 2813 1576 2838 eos
1592 2813 1670 2838 non

231 2868 368 2912 sponte
401 2874 470 2899 sua
500 2862 790 2900 facere—nam
825 2860 918 2898 alias
951 2868 1031 2898 tum
1060 2861 1186 2899 statim
1207 2861 1243 2898 in
1263 2869 1398 2899 senatu
1417 2861 1582 2900 fuissent
1599 2863 1668 2901 ad-

229 2923 369 2961 versati
383 2945 447 2968 —,
464 2923 531 2961 sed
550 2923 748 2974 instigatos
767 2928 881 2973 atque
902 2923 1127 2960 subornatos
1155 2924 1202 2960 ab
1230 2922 1311 2960 aliis
1337 2923 1579 2974 quibusdam,
1599 2936 1666 2966 cu-
