1822 3219
318 118 601 154 MUNERUM
633 117 1009 154 ACCEPTORUM
1039 117 1335 154 APOLOGIA.
1476 116 1551 152 303

108 215 240 260 Porro,
257 217 422 267 judices,
438 221 609 265 —juvat
622 217 721 254 enim
738 217 810 255 hoc
823 229 975 266 quoque
991 229 1288 254 commemorare
1301 228 1550 266 —‚nunqua1n

106 283 288 325 pertaesus
309 291 391 314 sum
413 279 448 314 in
466 292 532 315 vos
549 286 722 329 sumptus
738 279 880 320 facere;
902 290 1026 327 neque
1040 283 1162 313 metus
1178 290 1303 313 meum
1321 290 1385 314 cor
1400 276 1555 313 incessit

107 349 169 381 ne,
189 350 264 386 quo
285 338 370 387 plus
389 339 426 374 in
438 351 514 375 vos
535 351 757 388 erogavero,
778 339 849 375 hoc
867 338 1139 387 indigentiores
1160 337 1230 373 sim
1252 350 1355 374 meos
1377 349 1553 374 necessa-

106 398 180 435 rios
200 398 414 443 relicturus,
436 399 503 436 sed
524 400 626 436 istud
646 407 807 436 mentem
826 411 947 436 meam
964 398 1084 435 multo
1104 397 1366 434 vehementius
1384 410 1552 434 commo-

106 458 173 503 vit,
187 459 254 496 sia
270 460 377 496 vobis
391 459 576 509 imperata
591 459 715 495 minus
728 465 899 509 prompte
914 458 1111 507 minusque
1124 457 1287 494 libenter
1307 468 1552 505 exsequerer:

107 532 234 569 neque
253 521 447 557 miseratio
469 534 528 557 me
549 533 719 571 unquam
742 520 842 570 cepit
864 521 893 557 si
913 521 1000 557 vitae
1019 519 1230 570 periculum
1261 519 1297 554 in
1328 519 1466 568 pugnis
1487 531 1553 555 na-

107 579 256 617 valibus
273 580 492 618 adeundum
513 581 603 617 mihi
625 587 741 626 esset,
762 594 840 617 non
862 580 1068 630 lacrymavi
1089 587 1194 624 tunc,
1215 592 1290 616 non
1318 579 1457 624 uxoris,
1478 591 1554 616 non

106 639 310 678 liberorum
331 642 445 679 subiit
476 641 704 685 recordatio,
727 654 852 690 neque
884 653 998 691 grave
1028 647 1066 677 et
1096 641 1276 677 acerbum
1306 639 1460 683 duxi‚si
1490 652 1556 689 pro

107 702 229 749 patria
240 703 472 739 occumbens
487 702 625 738 liberos
641 702 752 738 orbos
770 711 876 751 patre
891 700 1097 738 destitutos
1113 713 1237 737 essem
1255 700 1470 744 relicturus,
1488 699 1556 737 sed

106 761 172 798 illa
190 775 249 799 me
266 763 386 799 multo
406 763 527 812 magis
548 762 644 798 ussit
659 760 896 806 sollicitudo,
916 762 946 798 si
961 761 1169 812 quaerenda
1189 761 1288 812 turpi
1305 761 1419 798 modo
1432 761 1556 798 salute

109 822 275 872 mihique
295 824 463 874 ipsisque
483 823 622 873 probra
641 822 894 872 injungerem.
953 822 1073 873 Cujus
1100 835 1196 859 meae
1216 834 1309 871 erga
1335 834 1400 859 vos
1419 821 1557 858 volun-

107 883 196 920 tatis
217 897 318 921 nunc
338 884 535 934 praemium
558 896 624 920 vos
645 883 825 933 deposco,
840 896 993 933 aequum
1009 896 1184 927 censens,
1200 895 1269 932 pro
1291 895 1335 919 eo
1355 889 1468 932 atque
1485 895 1557 932 ego

109 956 200 994 erga
219 957 288 981 vos
307 945 441 982 fuerim
463 945 602 988 animo,
621 945 800 994 periculis
828 950 946 994 caput
977 957 1045 995 pro
1076 944 1196 981 salute
1218 951 1343 980 vestra
1362 943 1557 993 objiciens,

109 1017 176 1041 vos
197 1018 312 1050 nune,
334 1007 372 1043 in
392 1013 475 1043 tuto
495 1019 583 1043 cum
616 1005 711 1050 sitis,
732 1005 805 1042 mei
834 1017 1084 1054 meorumque
1112 1005 1314 1041 liberorum
1335 1003 1497 1040 salutem
1519 1004 1556 1040 in

110 1068 280 1118 periculo
299 1076 510 1106 versantem
533 1068 639 1105 vobis
659 1077 746 1105 ante
769 1067 844 1104 alia
873 1067 998 1104 omnia
1025 1067 1206 1104 tuendam
1237 1066 1398 1109 ducere;
1430 1067 1559 1103 existi-

111 1136 274 1174 mantes,
296 1130 404 1167 nobis
424 1129 575 1179 quidem
598 1130 793 1173 acerbum,
808 1130 913 1165 vobis
934 1136 1060 1166 autem
1080 1136 1189 1178 turpe
1209 1128 1302 1171 fore,
1324 1127 1353 1163 si
1370 1127 1558 1177 ejusmodi

110 1190 160 1226 ob
180 1190 337 1228 crimina
350 1190 558 1228 debeamus
579 1189 745 1226 infamiae
768 1196 897 1226 notam
918 1190 1126 1239 suscipere,
1143 1196 1206 1225 aut
1226 1188 1328 1225 exuti
1346 1188 1507 1225 fortunis
1521 1188 1558 1224 in

111 1263 254 1300 magna
285 1264 408 1288 rerum
443 1251 648 1287 multarum
681 1250 891 1300 indigentia
918 1250 1249 1287 circumcursitare
1279 1249 1558 1295 mendicantes,

109 1323 196 1360 quae
227 1323 285 1348 res
312 1312 439 1348 futura
465 1311 513 1348 sit
532 1311 718 1360 vobisque
750 1310 909 1359 indigna
941 1309 1158 1359 nostrisque
1190 1309 1238 1346 de
1261 1309 1370 1346 vobis
1403 1309 1559 1348 meritis.

111 1371 358 1421 Neutiquam,
378 1372 796 1422 neutiquam,judices‚
820 1372 888 1408 sed
919 1371 1157 1408 absolvendo
1184 1383 1254 1408 nos
1284 1370 1397 1408 facite
1418 1370 1559 1420 potius,

112 1438 154 1468 ut
178 1432 426 1482 imposterum
452 1445 605 1482 quoque
634 1432 729 1469 tales
756 1445 825 1469 nos
855 1431 1027 1469 habeatis
1055 1431 1169 1475 vlros,
1204 1430 1338 1481 quales
1367 1430 1455 1467 olim
1488 1431 1557 1468 ha-

115 1491 262 1529 buistis.
