1822 3219
442 105 666 144 CONTRA
696 103 1166 142 ERATOSTHENEM.
1487 103 1564 140 233

109 205 255 256 injuriis
280 218 377 256 quas
395 207 504 244 vobis
532 206 737 252 dederunt,
755 218 870 256 quam
897 205 954 242 his
981 212 1040 242 est
1065 205 1225 242 crimina
1247 217 1427 256 purgare.
1485 204 1562 241 Sed

110 268 221 305 aiunt
240 267 472 317 reliquorum
490 268 912 318 Trigintatyrannorum
932 266 1103 305 omnium
1124 279 1242 303 unum
1267 265 1565 304 Eratosthenem

111 328 346 380 paucissima
363 329 471 366 vobis
492 329 595 366 mala
615 342 769 366 creasse
788 328 952 378 ideoque
980 326 1259 365 absolvendum
1279 334 1317 364 et
1335 326 1564 364 servandum

112 403 223 428 esse:
254 390 414 434 scilicet,
435 402 511 427 non
531 390 756 440 recogitant,
778 390 809 427 si
827 390 1066 440 collegarum
1091 388 1315 439 parcissime
1335 401 1403 425 vos
1425 388 1565 425 Erato-

109 451 268 489 sthenes
296 450 453 497 laeserit‚
472 450 509 487 in
538 451 692 500 reliquis
724 459 854 488 tamen
875 450 1024 488 Graecis
1055 449 1230 487 omnibus
1256 461 1340 486 esse
1361 450 1565 495 neminem,

111 512 177 563 qui
196 525 263 550 vos
290 517 349 549 tot
371 523 531 548 numero
554 511 747 562 tantisque
773 511 949 549 cladibus
969 510 1151 556 affecerit,
1173 517 1288 560 atque
1311 522 1410 547 unus
1433 510 1565 547 Erato-

110 573 264 612 sthenes
283 585 351 609 vos
371 571 524 615 affecit;
557 585 684 622 neque
702 573 853 610 videtur
871 573 964 623 ipsis
989 573 1074 610 haec
1093 585 1214 610 causa
1233 571 1282 608 ad
1303 578 1449 622 pestem
1470 570 1567 607 Era-

109 633 277 672 tostheni
295 633 611 672 consciscendam
631 634 723 671 satis
744 634 896 671 idonea.
952 634 1034 671 Vos
1053 647 1158 679 vero,
1171 633 1339 684 judices,
1357 632 1567 677 declarate,

108 707 198 744 quae
217 693 326 732 vobis
348 694 420 732 hac
441 694 489 732 de
510 708 548 732 re
569 694 704 732 sedeat
723 695 925 732 sententia.
983 694 1099 737 Quod
1119 695 1149 732 si
1170 695 1270 732 enirn
1290 695 1327 731 in
1347 694 1449 732 hunc
1472 694 1566 732 Era-

107 755 324 794 tosthenem
352 756 676 802 animadvertetis,
704 756 842 794 illustri
871 757 920 795 ad
947 770 1081 795 omnes
1105 757 1339 795 documento
1362 758 1566 794 confirma-

106 817 210 863 bitis,
228 830 299 856 vos
319 817 517 868 aegerrime
537 826 786 869 tyrannorum
805 818 977 856 facinora
993 819 1088 856 ferre
1105 818 1405 869 gravissimaque
1421 819 1569 856 iracun-

108 879 172 917 dia
192 880 397 931 prosequi:
428 880 488 917 sin
507 887 636 918 autem
656 880 876 928 absolvetis,
896 880 1067 931 prodetis
1086 881 1222 918 eadem
1243 893 1311 918 vos
1331 893 1419 918 cum
1437 886 1566 931 tyran-

108 943 166 980 nis
181 943 310 982 studia
323 943 552 989 consectari,
569 943 796 994 copiamque
812 943 885 994 ipsi
896 943 1005 981 vobis
1018 943 1269 994 imposterum
1285 943 1451 993 eripietis
1464 941 1566 979 illius

106 1004 367 1042 excusationis
386 1017 502 1054 quam
528 1004 657 1043 adhuc
678 1005 906 1055 usurpastis,
926 1005 1070 1042 aientes
1092 1019 1114 1042 a
1134 1003 1479 1056 Trigintatyrannis
1498 1003 1566 1040 im-

112 1074 249 1117 perata
276 1066 427 1104 fecisse.
485 1065 531 1103 Id
551 1067 656 1117 quod
683 1067 758 1104 hac
784 1066 939 1117 quidem
961 1066 998 1103 in
1018 1080 1136 1104 causa
1161 1067 1290 1105 locum
1321 1080 1400 1105 non
1424 1066 1568 1108 habet:

108 1140 222 1165 nemo
242 1127 346 1165 enim
366 1140 432 1165 vos
461 1141 562 1165 nunc
583 1129 700 1179 cogit,
720 1128 873 1174 invitos,
895 1136 1029 1167 contra
1047 1128 1162 1166 vestri
1187 1129 1304 1166 animi
1324 1129 1566 1170 sententiam,

109 1189 407 1227 Eratosthenem
428 1190 590 1240 ejusque
610 1191 780 1241 collegas
800 1191 1010 1228 absolvere.
1069 1190 1199 1234 Quare
1219 1197 1354 1228 auctor
1373 1203 1445 1240 ego
1459 1189 1567 1227 vobis

106 1250 357 1300 hortatorque
386 1251 470 1296 sim,
492 1260 534 1287 ut
553 1264 599 1287 ne
619 1251 882 1296 committatis,
902 1258 944 1288 ut
963 1250 1048 1288 illos
1074 1251 1312 1289 absolvendo
1331 1259 1481 1289 vosmet
1498 1251 1569 1302 ipsi

104 1313 372 1351 condemnetis
389 1325 398 1350 ε
444 1325 539 1350 neve
573 1313 735 1364 speretis
775 1314 1013 1352 tabellariam
1045 1321 1212 1352 vestram
1250 1314 1565 1366 suffragationem

107 1374 386 1412 clandestinam
407 1381 473 1412 aut
491 1374 529 1410 in
551 1374 705 1412 occulto
721 1387 941 1413 mansuram
958 1389 1062 1419 esse;
1094 1375 1264 1426 prodetis
1283 1377 1383 1414 enim
1396 1390 1462 1414 vos
1482 1376 1568 1414 uni-

108 1448 227 1473 versae
258 1435 401 1473 civitati
431 1435 587 1473 tacitam
612 1435 783 1486 suffragii
803 1438 917 1474 vestri
937 1450 1071 1475 vocem
1097 1439 1136 1475 in
1165 1438 1269 1476 exitu
1289 1439 1403 1489 hujus
1418 1439 1567 1488 judicii.

166 1499 228 1536 15,
260 1498 478 1549 Supersunt
489 1498 618 1536 adhuc
634 1511 757 1549 pauca
775 1499 970 1549 quaedam,
985 1500 1033 1538 de
1052 1501 1194 1551 quibus
1209 1501 1271 1538 ubi
1283 1502 1416 1539 ambos
1433 1502 1567 1539 admo-

107 1573 242 1605 nuero,
256 1568 336 1597 tam
353 1561 520 1598 urbanos
534 1573 648 1610 quam
664 1560 893 1606 Piraeenses,
911 1562 1169 1600 descendam:
1200 1563 1236 1600 in
1250 1576 1327 1613 quo
1341 1563 1413 1601 hoc
1427 1576 1568 1613 sequor

105 1630 146 1660 et
164 1628 310 1673 spect0,
328 1627 371 1659 ut
390 1621 651 1659 calamitatum
668 1622 716 1658 ab
737 1621 992 1661 Eratosthene
1011 1624 1119 1662 vobis
1140 1631 1426 1662 contractarum
1442 1637 1568 1662 recor-

106 1683 213 1721 datio
245 1682 516 1733 suffragiorum
546 1690 758 1721 vestrorum
786 1685 904 1722 veluti
937 1699 1092 1736 gressus
1127 1686 1328 1736 gubernet.
1396 1686 1567 1724 Primum

106 1743 222 1794 igitur
237 1756 320 1788 vos,
339 1751 529 1794 quotquot
547 1758 607 1782 me
627 1745 884 1785 circumstatis
904 1756 1021 1798 atque
1038 1748 1179 1786 auditis
1195 1748 1402 1794 dicentem,
1419 1750 1568 1796 urbani,

107 1804 366 1850 considerate,
388 1804 687 1844 Eratosthenem
702 1807 806 1845 hunc
826 1809 1018 1859 collegam
1038 1822 1124 1847 esse
1144 1816 1394 1861 tyrannorum
1415 1812 1480 1862 qui
1499 1825 1567 1849 vos

96 1865 200 1905 ¹olim
231 1874 309 1904 tam
341 1867 453 1905 saevis
484 1875 694 1906 tenuerunt
720 1869 887 1922 imperiis
917 1871 1160 1918 constrictos,
1198 1879 1241 1909 ut
1272 1886 1431 1911 necesse
1458 1874 1568 1911 vobis

107 1937 214 1967 esset
244 1930 428 1968 adversus
461 1931 598 1968 fratres
631 1940 669 1970 et
698 1932 838 1970 liberos
871 1933 1052 1984 civesque
1078 1942 1225 1972 vestros
1252 1935 1397 1973 bellare
1421 1935 1567 1974 bellum

104 1993 309 2044 ejusmodi,
331 2006 408 2044 quo
427 1994 517 2032 victi
539 1994 695 2044 quidem
724 1995 806 2046 pari
829 1996 944 2034 eratis
970 1996 1056 2034 loco
1080 2011 1169 2034 cum
1190 1997 1397 2036 victoribus
1423 1998 1566 2042 suturi;

93 2055 166 2093 ,sin
186 2062 316 2093 autem
337 2055 539 2104 vicissetis,
553 2056 611 2094 his
632 2058 802 2108 tyrannis
821 2058 1045 2096 servissetis.
1102 2060 1345 2097 Familiarem
1360 2073 1468 2098 suam
1489 2074 1568 2098 rem

104 2116 243 2155 horum
264 2117 429 2168 quisque
449 2118 486 2154 in
506 2118 570 2155 illa
591 2119 757 2169 procella
778 2132 918 2165 rerum,
938 2134 1026 2170 quae
1048 2128 1129 2158 tum
1150 2134 1294 2172 susque
1321 2122 1448 2172 deque
1471 2123 1568 2160 fere-

105 2181 261 2225 bantur,
281 2180 569 2230 locupletabat3
601 2195 669 2219 vos
689 2191 818 2219 autem
845 2182 1018 2221 fortunas
1037 2191 1183 2221 vestras
1203 2197 1272 2235 per
1292 2184 1436 2222 bellum
1457 2186 1568 2224 civile

107 2241 332 2279 decrescere
353 2242 537 2280 sensistis.
595 2242 820 2286 Fructuum‚
842 2257 940 2294 quos
960 2244 1033 2295 ipsi
1053 2258 1074 2282 e
1092 2246 1224 2295 spoliis
1242 2246 1462 2297 reipublicae
1481 2261 1568 2299 per-

105 2302 313 2353 cipiebant,
334 2303 603 2342 communione
627 2318 696 2342 vos
725 2304 1008 2349 excludebant;
1038 2307 1189 2344 invidiae
1219 2314 1364 2353 autem,
1392 2322 1470 2359 qua
1496 2310 1567 2360 ipsi

104 2364 412 2416 conflagrabant,
439 2373 586 2416 partem
618 2366 724 2404 haud
761 2368 955 2405 minimam
992 2369 1030 2405 in
1063 2382 1132 2406 vos
1167 2369 1407 2407 derivabant.
1465 2370 1568 2407 Proh

102 2428 374 2466 enormitatem
391 2428 592 2478 superbiae,
610 2429 704 2478 proh
722 2429 890 2466 furorem
903 2437 1164 2480 contemptus,
1181 2445 1258 2482 quo
1275 2432 1329 2469 illi
1346 2445 1412 2469 vos
1433 2432 1570 2482 despe-

104 2493 267 2528 xerunt!
307 2489 441 2527 Fidem
456 2490 525 2527 sibi
542 2497 722 2535 vestram,
738 2504 814 2528 non
832 2493 1020 2529 bonorum
1034 2505 1190 2530 suorum
1205 2494 1567 2539 communicatione,

104 2551 176 2588 sed
195 2551 443 2596 dedecorum,
458 2551 563 2588 ibant
581 2551 804 2601 obligatum.
862 2551 1054 2590 Praeclara
1073 2553 1159 2591 haec
1179 2555 1228 2591 ob
1249 2554 1381 2590 merita
1395 2553 1481 2591 illos
1497 2567 1567 2604 pro

103 2612 287 2650 facultate
306 2620 434 2651 vestra
466 2626 582 2656 nunc,
608 2613 646 2650 in
676 2621 761 2650 tuto
789 2627 880 2651 cum
908 2615 1004 2661 sitis,
1034 2617 1222 2665 vestrique
1251 2623 1288 2652 et
1317 2615 1565 2653 Piraeensium

103 2685 225 2710 causa
243 2672 482 2721 ulciscimini,
500 2675 772 2725 recogitantes,
792 2689 859 2713 vos
880 2675 1061 2715 liberatos
1082 2691 1104 2714 a
1123 2677 1305 2714 servitute
1326 2677 1570 2716 dominorum

104 2733 481 2784 improbissimorum,
503 2737 540 2774 in
560 2749 721 2787 quorum
745 2744 933 2787 potestate
956 2752 1075 2789 nuper
1096 2737 1305 2775 admodum
1324 2739 1451 2786 eratis,
1466 2746 1567 2777 tran-

103 2796 214 2832 stisse
241 2808 342 2832 nunc
372 2796 409 2832 in
430 2798 738 2835 communionem
756 2798 855 2848 juris
880 2800 979 2848 aequi
1003 2812 1089 2835 cum
1111 2798 1197 2835 viris
1219 2798 1449 2845 fortissimiS‚
1469 2814 1568 2851 quos

104 2855 196 2894 foris
227 2855 481 2904 comilitones‚
503 2857 604 2896 dorni
632 2859 873 2897 consiliorum
899 2859 944 2896 de
976 2872 1051 2909 rep.
1077 2859 1353 2910 capiendorum
1381 2861 1505 2900 socios
1531 2870 1570 2899 et

780 2920 803 2954 2
826 2930 854 2955 H
