<?xml version="1.0" encoding="UTF-8"?>
<!DOCTYPE html PUBLIC "-//W3C//DTD XHTML 1.0 Transitional//EN"
    "http://www.w3.org/TR/xhtml1/DTD/xhtml1-transitional.dtd">
<html xmlns="http://www.w3.org/1999/xhtml" xml:lang="en" lang="en">
 <head>
  <title>
</title>
<meta http-equiv="Content-Type" content="text/html;charset=utf-8" />
  <meta name='ocr-system' content='tesseract 3.04.00' />
  <meta name='ocr-capabilities' content='ocr_page ocr_carea ocr_par ocr_line ocrx_word'/>
</head>
<body>
  <div class='ocr_page' id='page_1' title='image "./oratoresatticie13dobs_0271.png"; bbox 0 0 1822 3219; ppageno 0'>
   <div class='ocr_carea' id='block_1_1' title="bbox 513 117 1566 160">
    <p class='ocr_par' dir='ltr' id='par_1_1' title="bbox 513 117 1566 160">
     <span class='ocr_line' id='line_1_1' title="bbox 513 117 1566 160; baseline -0.009 1"><span class='ocrx_word' id='word_1_1' title='bbox 513 123 735 160; x_wconf 89' lang='lat' dir='ltr'><strong>CONTRA</strong></span> <span class='ocrx_word' id='word_1_2' title='bbox 766 119 1107 158; x_wconf 88' lang='lat' dir='ltr'><strong>ALCIBIADEM</strong></span> <span class='ocrx_word' id='word_1_3' title='bbox 1139 120 1168 155; x_wconf 90' lang='lat' dir='ltr'><strong>I.</strong></span> <span class='ocrx_word' id='word_1_4' title='bbox 1488 117 1566 152; x_wconf 82' lang='lat'><strong>259</strong></span> 
     </span>
    </p>
   </div>
   <div class='ocr_carea' id='block_1_2' title="bbox 111 215 1572 2850">
    <p class='ocr_par' dir='ltr' id='par_1_2' title="bbox 120 215 1566 749">
     <span class='ocr_line' id='line_1_2' title="bbox 121 215 1562 272; baseline -0.006 -12"><span class='ocrx_word' id='word_1_5' title='bbox 121 227 281 272; x_wconf 84' lang='lat' dir='ltr'><strong>patrem,</strong></span> <span class='ocrx_word' id='word_1_6' title='bbox 310 222 548 260; x_wconf 83' lang='lat' dir='ltr'><strong>Alcibiadem</strong></span> <span class='ocrx_word' id='word_1_7' title='bbox 581 222 780 264; x_wconf 85' lang='lat' dir='ltr'>seniorem,</span> <span class='ocrx_word' id='word_1_8' title='bbox 799 223 1099 268; x_wconf 82' lang='lat' dir='ltr'><strong>comparaverat.</strong></span> <span class='ocrx_word' id='word_1_9' title='bbox 1155 216 1304 254; x_wconf 90' lang='lat' dir='ltr'><strong>Potitus</strong></span> <span class='ocrx_word' id='word_1_10' title='bbox 1330 216 1456 265; x_wconf 89' lang='lat' dir='ltr'><strong>itaque</strong></span> <span class='ocrx_word' id='word_1_11' title='bbox 1475 215 1562 252; x_wconf 89' lang='lat' dir='ltr'><strong>loco</strong></span> 
     </span>
     <span class='ocr_line' id='line_1_3' title="bbox 121 275 1562 333; baseline -0.006 -14"><span class='ocrx_word' id='word_1_12' title='bbox 121 282 344 320; x_wconf 86' lang='lat' dir='ltr'>Theotimus</span> <span class='ocrx_word' id='word_1_13' title='bbox 363 295 430 333; x_wconf 90' lang='lat' dir='ltr'><strong>per</strong></span> <span class='ocrx_word' id='word_1_14' title='bbox 448 282 608 332; x_wconf 87' lang='lat' dir='ltr'><strong>junioris</strong></span> <span class='ocrx_word' id='word_1_15' title='bbox 627 280 892 331; x_wconf 85' lang='lat' dir='ltr'>proditionem,</span> <span class='ocrx_word' id='word_1_16' title='bbox 910 278 1073 328; x_wconf 90' lang='lat' dir='ltr'><strong>primum</strong></span> <span class='ocrx_word' id='word_1_17' title='bbox 1093 277 1355 326; x_wconf 80' lang='lat' dir='ltr'><strong>constupravit</strong></span> <span class='ocrx_word' id='word_1_18' title='bbox 1373 288 1460 313; x_wconf 90' lang='lat' dir='ltr'><strong>eum</strong></span> <span class='ocrx_word' id='word_1_19' title='bbox 1483 275 1562 324; x_wconf 83' lang='lat' dir='ltr'><strong>jam</strong></span> 
     </span>
     <span class='ocr_line' id='line_1_4' title="bbox 120 334 1563 392; baseline -0.006 -13"><span class='ocrx_word' id='word_1_20' title='bbox 120 343 304 392; x_wconf 85' lang='lat' dir='ltr'><strong>puberem</strong></span> <span class='ocrx_word' id='word_1_21' title='bbox 334 343 494 386; x_wconf 86' lang='lat' dir='ltr'><strong>factum,</strong></span> <span class='ocrx_word' id='word_1_22' title='bbox 517 342 655 379; x_wconf 91' lang='lat' dir='ltr'><strong>deinde</strong></span> <span class='ocrx_word' id='word_1_23' title='bbox 681 341 720 377; x_wconf 88' lang='lat' dir='ltr'><strong>in</strong></span> <span class='ocrx_word' id='word_1_24' title='bbox 746 351 938 378; x_wconf 86' lang='lat' dir='ltr'>carcerem</span> <span class='ocrx_word' id='word_1_25' title='bbox 970 336 1089 383; x_wconf 86' lang='lat' dir='ltr'><strong>dedit,</strong></span> <span class='ocrx_word' id='word_1_26' title='bbox 1114 349 1262 386; x_wconf 84' lang='lat' dir='ltr'><strong>negans</strong></span> <span class='ocrx_word' id='word_1_27' title='bbox 1284 336 1497 373; x_wconf 88' lang='lat' dir='ltr'><strong>libertatem</strong></span> <span class='ocrx_word' id='word_1_28' title='bbox 1529 334 1563 371; x_wconf 91' lang='lat' dir='ltr'><strong>ei</strong></span> 
     </span>
     <span class='ocr_line' id='line_1_5' title="bbox 120 396 1563 451; baseline -0.005 -13"><span class='ocrx_word' id='word_1_29' title='bbox 120 401 353 440; x_wconf 84' lang='lat' dir='ltr'><strong>reddendam</strong></span> <span class='ocrx_word' id='word_1_30' title='bbox 380 402 454 439; x_wconf 88' lang='lat' dir='ltr'><strong>nisi</strong></span> <span class='ocrx_word' id='word_1_31' title='bbox 471 410 576 439; x_wconf 88' lang='lat' dir='ltr'><strong>certa</strong></span> <span class='ocrx_word' id='word_1_32' title='bbox 594 402 776 451; x_wconf 87' lang='lat' dir='ltr'><strong>imperata</strong></span> <span class='ocrx_word' id='word_1_33' title='bbox 793 399 970 437; x_wconf 83' lang='lat' dir='ltr'><strong>mercede</strong></span> <span class='ocrx_word' id='word_1_34' title='bbox 990 410 1072 435; x_wconf 86' lang='lat' dir='ltr'><strong>eam</strong></span> <span class='ocrx_word' id='word_1_35' title='bbox 1091 397 1305 434; x_wconf 82' lang='lat' dir='ltr'><strong>redimeret.</strong></span> <span class='ocrx_word' id='word_1_36' title='bbox 1363 396 1450 438; x_wconf 92' lang='lat' dir='ltr'><strong>Quo</strong></span> <span class='ocrx_word' id='word_1_37' title='bbox 1466 402 1563 432; x_wconf 89' lang='lat' dir='ltr'><strong>tem-</strong></span> 
     </span>
     <span class='ocr_line' id='line_1_6' title="bbox 121 455 1564 512; baseline -0.006 -13"><span class='ocrx_word' id='word_1_38' title='bbox 121 473 213 510; x_wconf 88' lang='lat' dir='ltr'><strong>pore</strong></span> <span class='ocrx_word' id='word_1_39' title='bbox 241 468 348 499; x_wconf 90' lang='lat' dir='ltr'><strong>tanto</strong></span> <span class='ocrx_word' id='word_1_40' title='bbox 367 469 474 512; x_wconf 90' lang='lat' dir='ltr'><strong>pater</strong></span> <span class='ocrx_word' id='word_1_41' title='bbox 492 461 580 499; x_wconf 91' lang='lat' dir='ltr'><strong>odio</strong></span> <span class='ocrx_word' id='word_1_42' title='bbox 598 461 665 498; x_wconf 90' lang='lat' dir='ltr'><strong>filii</strong></span> <span class='ocrx_word' id='word_1_43' title='bbox 685 460 838 504; x_wconf 84' lang='lat' dir='ltr'><strong>exarsit,</strong></span> <span class='ocrx_word' id='word_1_44' title='bbox 856 466 901 496; x_wconf 89' lang='lat' dir='ltr'><strong>ut</strong></span> <span class='ocrx_word' id='word_1_45' title='bbox 924 471 965 496; x_wconf 91' lang='lat' dir='ltr'><strong>se</strong></span> <span class='ocrx_word' id='word_1_46' title='bbox 991 464 1150 508; x_wconf 84' lang='lat' dir='ltr'><strong>negaret</strong></span> <span class='ocrx_word' id='word_1_47' title='bbox 1179 468 1267 495; x_wconf 89' lang='lat' dir='ltr'><strong>ossa</strong></span> <span class='ocrx_word' id='word_1_48' title='bbox 1294 455 1390 493; x_wconf 92' lang='lat' dir='ltr'><strong>adeo</strong></span> <span class='ocrx_word' id='word_1_49' title='bbox 1420 455 1484 491; x_wconf 87' lang='lat' dir='ltr'><strong>filii</strong></span> <span class='ocrx_word' id='word_1_50' title='bbox 1508 455 1564 492; x_wconf 92' lang='lat' dir='ltr'><strong>le-</strong></span> 
     </span>
     <span class='ocr_line' id='line_1_7' title="bbox 121 515 1562 572; baseline -0.006 -13"><span class='ocrx_word' id='word_1_51' title='bbox 121 529 286 567; x_wconf 88' lang='lat' dir='ltr'><strong>cturum,</strong></span> <span class='ocrx_word' id='word_1_52' title='bbox 304 523 334 559; x_wconf 92' lang='lat' dir='ltr'><strong>si</strong></span> <span class='ocrx_word' id='word_1_53' title='bbox 361 523 424 559; x_wconf 87' lang='lat' dir='ltr'><strong>illa</strong></span> <span class='ocrx_word' id='word_1_54' title='bbox 448 523 486 559; x_wconf 88' lang='lat' dir='ltr'><strong>in</strong></span> <span class='ocrx_word' id='word_1_55' title='bbox 511 521 731 572; x_wconf 87' lang='lat' dir='ltr'><strong>captivitate</strong></span> <span class='ocrx_word' id='word_1_56' title='bbox 759 521 861 558; x_wconf 89' lang='lat' dir='ltr'><strong>diem</strong></span> <span class='ocrx_word' id='word_1_57' title='bbox 886 531 1103 569; x_wconf 89' lang='lat' dir='ltr'><strong>supremum</strong></span> <span class='ocrx_word' id='word_1_58' title='bbox 1123 518 1281 555; x_wconf 87' lang='lat' dir='ltr'><strong>obisset.</strong></span> <span class='ocrx_word' id='word_1_59' title='bbox 1336 515 1409 553; x_wconf 89' lang='lat' dir='ltr'><strong>Illa</strong></span> <span class='ocrx_word' id='word_1_60' title='bbox 1434 527 1522 552; x_wconf 89' lang='lat' dir='ltr'><strong>eum</strong></span> <span class='ocrx_word' id='word_1_61' title='bbox 1542 528 1562 552; x_wconf 93' lang='lat' dir='ltr'><strong>e</strong></span> 
     </span>
     <span class='ocr_line' id='line_1_8' title="bbox 121 574 1565 632; baseline -0.006 -14"><span class='ocrx_word' id='word_1_62' title='bbox 121 582 340 632; x_wconf 88' lang='lat' dir='ltr'><strong>captivitate</strong></span> <span class='ocrx_word' id='word_1_63' title='bbox 359 582 622 620; x_wconf 90' lang='lat' dir='ltr'><strong>Archebiades</strong></span> <span class='ocrx_word' id='word_1_64' title='bbox 640 587 787 618; x_wconf 85' lang='lat' dir='ltr'><strong>amator</strong></span> <span class='ocrx_word' id='word_1_65' title='bbox 806 581 888 630; x_wconf 87' lang='lat' dir='ltr'><strong>ejus</strong></span> <span class='ocrx_word' id='word_1_66' title='bbox 904 581 1043 624; x_wconf 88' lang='lat' dir='ltr'><strong>factus,</strong></span> <span class='ocrx_word' id='word_1_67' title='bbox 1057 584 1165 629; x_wconf 92' lang='lat' dir='ltr'><strong>patre</strong></span> <span class='ocrx_word' id='word_1_68' title='bbox 1178 577 1380 623; x_wconf 84' lang='lat' dir='ltr'><strong>exstincto,</strong></span> <span class='ocrx_word' id='word_1_69' title='bbox 1392 574 1565 612; x_wconf 86' lang='lat' dir='ltr'><strong>redemit.</strong></span> 
     </span>
     <span class='ocr_line' id='line_1_9' title="bbox 123 635 1566 692; baseline -0.004 -14"><span class='ocrx_word' id='word_1_70' title='bbox 123 642 160 677; x_wconf 97' lang='lat' dir='ltr'>N</span> <span class='ocrx_word' id='word_1_71' title='bbox 164 654 213 679; x_wconf 91' lang='lat' dir='ltr'><strong>on</strong></span> <span class='ocrx_word' id='word_1_72' title='bbox 232 641 351 679; x_wconf 89' lang='lat' dir='ltr'><strong>multo</strong></span> <span class='ocrx_word' id='word_1_73' title='bbox 371 648 499 680; x_wconf 90' lang='lat' dir='ltr'><strong>autem</strong></span> <span class='ocrx_word' id='word_1_74' title='bbox 517 648 607 692; x_wconf 89' lang='lat' dir='ltr'><strong>post</strong></span> <span class='ocrx_word' id='word_1_75' title='bbox 625 641 837 691; x_wconf 86' lang='lat' dir='ltr'><strong>absumptis</strong></span> <span class='ocrx_word' id='word_1_76' title='bbox 863 652 932 690; x_wconf 89' lang='lat' dir='ltr'><strong>per</strong></span> <span class='ocrx_word' id='word_1_77' title='bbox 957 639 1081 676; x_wconf 89' lang='lat' dir='ltr'><strong>aleam</strong></span> <span class='ocrx_word' id='word_1_78' title='bbox 1108 638 1218 675; x_wconf 89' lang='lat' dir='ltr'><strong>bonis</strong></span> <span class='ocrx_word' id='word_1_79' title='bbox 1242 635 1441 687; x_wconf 85' lang='lat' dir='ltr'><strong>piraticam</strong></span> <span class='ocrx_word' id='word_1_80' title='bbox 1459 646 1566 673; x_wconf 86' lang='lat' dir='ltr'><strong>exer·</strong></span> 
     </span>
     <span class='ocr_line' id='line_1_10' title="bbox 121 697 1223 749; baseline -0.005 -11"><span class='ocrx_word' id='word_1_81' title='bbox 121 701 221 738; x_wconf 90' lang='lat' dir='ltr'><strong>cuit:</strong></span> <span class='ocrx_word' id='word_1_82' title='bbox 251 713 272 738; x_wconf 90' lang='lat' dir='ltr'><strong>e</strong></span> <span class='ocrx_word' id='word_1_83' title='bbox 288 701 422 739; x_wconf 89' lang='lat' dir='ltr'><strong>Leuca</strong></span> <span class='ocrx_word' id='word_1_84' title='bbox 439 703 539 740; x_wconf 90' lang='lat' dir='ltr'><strong>Acta</strong></span> <span class='ocrx_word' id='word_1_85' title='bbox 556 707 710 739; x_wconf 89' lang='lat' dir='ltr'><strong>evectus</strong></span> <span class='ocrx_word' id='word_1_86' title='bbox 730 700 873 737; x_wconf 89' lang='lat' dir='ltr'><strong>amicos</strong></span> <span class='ocrx_word' id='word_1_87' title='bbox 894 705 1012 749; x_wconf 91' lang='lat' dir='ltr'><strong>ponto</strong></span> <span class='ocrx_word' id='word_1_88' title='bbox 1031 697 1223 735; x_wconf 84' lang='lat' dir='ltr'><strong>demersit.</strong></span> 
     </span>
    </p>

    <p class='ocr_par' dir='ltr' id='par_1_3' title="bbox 111 754 1572 2715">
     <span class='ocr_line' id='line_1_11' title="bbox 176 754 1565 812; baseline -0.006 -14"><span class='ocrx_word' id='word_1_89' title='bbox 176 762 212 798; x_wconf 89' lang='lat'><strong>8.</strong></span> <span class='ocrx_word' id='word_1_90' title='bbox 241 761 417 811; x_wconf 86' lang='lat' dir='ltr'><strong>Longum</strong></span> <span class='ocrx_word' id='word_1_91' title='bbox 450 762 512 806; x_wconf 86' lang='lat' dir='ltr'><strong>sit,</strong></span> <span class='ocrx_word' id='word_1_92' title='bbox 540 761 704 812; x_wconf 86' lang='lat' dir='ltr'><strong>judices,</strong></span> <span class='ocrx_word' id='word_1_93' title='bbox 733 760 862 798; x_wconf 88' lang='lat' dir='ltr'><strong>omnia</strong></span> <span class='ocrx_word' id='word_1_94' title='bbox 894 771 1118 797; x_wconf 86' lang='lat' dir='ltr'><strong>enumerare</strong></span> <span class='ocrx_word' id='word_1_95' title='bbox 1151 757 1307 800; x_wconf 90' lang='lat' dir='ltr'><strong>scelera,</strong></span> <span class='ocrx_word' id='word_1_96' title='bbox 1328 754 1465 805; x_wconf 91' lang='lat' dir='ltr'><strong>quibus</strong></span> <span class='ocrx_word' id='word_1_97' title='bbox 1497 760 1565 790; x_wconf 90' lang='lat' dir='ltr'><strong>aut</strong></span> 
     </span>
     <span class='ocr_line' id='line_1_12' title="bbox 120 811 1565 870; baseline -0.005 -14"><span class='ocrx_word' id='word_1_98' title='bbox 120 819 223 857; x_wconf 90' lang='lat' dir='ltr'><strong>cives</strong></span> <span class='ocrx_word' id='word_1_99' title='bbox 241 827 309 858; x_wconf 90' lang='lat' dir='ltr'><strong>aut</strong></span> <span class='ocrx_word' id='word_1_100' title='bbox 326 821 563 858; x_wconf 87' lang='lat' dir='ltr'><strong>necessarios</strong></span> <span class='ocrx_word' id='word_1_101' title='bbox 584 827 650 858; x_wconf 92' lang='lat' dir='ltr'><strong>aut</strong></span> <span class='ocrx_word' id='word_1_102' title='bbox 674 820 843 870; x_wconf 91' lang='lat' dir='ltr'><strong>hospites</strong></span> <span class='ocrx_word' id='word_1_103' title='bbox 873 831 962 856; x_wconf 90' lang='lat' dir='ltr'><strong>suos</strong></span> <span class='ocrx_word' id='word_1_104' title='bbox 988 823 1056 855; x_wconf 86' lang='lat' dir='ltr'><strong>aut</strong></span> <span class='ocrx_word' id='word_1_105' title='bbox 1082 817 1177 854; x_wconf 90' lang='lat' dir='ltr'><strong>alios</strong></span> <span class='ocrx_word' id='word_1_106' title='bbox 1204 826 1457 866; x_wconf 90' lang='lat' dir='ltr'><strong>quoscunque</strong></span> <span class='ocrx_word' id='word_1_107' title='bbox 1485 811 1565 849; x_wconf 92' lang='lat' dir='ltr'><strong>vio-</strong></span> 
     </span>
     <span class='ocr_line' id='line_1_13' title="bbox 119 872 1566 930; baseline -0.006 -13"><span class='ocrx_word' id='word_1_108' title='bbox 119 879 235 922; x_wconf 84' lang='lat' dir='ltr'><strong>lavit;</strong></span> <span class='ocrx_word' id='word_1_109' title='bbox 265 893 386 917; x_wconf 90' lang='lat' dir='ltr'><strong>unum</strong></span> <span class='ocrx_word' id='word_1_110' title='bbox 418 880 492 917; x_wconf 93' lang='lat' dir='ltr'><strong>hoc</strong></span> <span class='ocrx_word' id='word_1_111' title='bbox 525 881 680 917; x_wconf 87' lang='lat' dir='ltr'><strong>audite:</strong></span> <span class='ocrx_word' id='word_1_112' title='bbox 711 879 964 930; x_wconf 80' lang='lat' dir='ltr'><strong>HipponicuS,</strong></span> <span class='ocrx_word' id='word_1_113' title='bbox 999 890 1127 916; x_wconf 90' lang='lat' dir='ltr'><strong>coram</strong></span> <span class='ocrx_word' id='word_1_114' title='bbox 1158 876 1288 913; x_wconf 91' lang='lat' dir='ltr'><strong>multis</strong></span> <span class='ocrx_word' id='word_1_115' title='bbox 1322 874 1481 912; x_wconf 89' lang='lat' dir='ltr'><strong>testibus</strong></span> <span class='ocrx_word' id='word_1_116' title='bbox 1514 872 1566 910; x_wconf 90' lang='lat' dir='ltr'><strong>ad</strong></span> 
     </span>
     <span class='ocr_line' id='line_1_14' title="bbox 118 936 1565 985; baseline -0.005 -9"><span class='ocrx_word' id='word_1_117' title='bbox 118 939 220 978; x_wconf 88' lang='lat' dir='ltr'><strong>hanc</strong></span> <span class='ocrx_word' id='word_1_118' title='bbox 239 952 355 977; x_wconf 89' lang='lat' dir='ltr'><strong>unam</strong></span> <span class='ocrx_word' id='word_1_119' title='bbox 372 953 453 977; x_wconf 89' lang='lat' dir='ltr'><strong>rem</strong></span> <span class='ocrx_word' id='word_1_120' title='bbox 472 940 709 984; x_wconf 89' lang='lat' dir='ltr'><strong>convocatis,</strong></span> <span class='ocrx_word' id='word_1_121' title='bbox 729 952 886 977; x_wconf 86' lang='lat' dir='ltr'><strong>uxorem</strong></span> <span class='ocrx_word' id='word_1_122' title='bbox 906 951 1016 976; x_wconf 89' lang='lat' dir='ltr'><strong>suam</strong></span> <span class='ocrx_word' id='word_1_123' title='bbox 1035 936 1243 974; x_wconf 90' lang='lat' dir='ltr'><strong>Alcibiadis</strong></span> <span class='ocrx_word' id='word_1_124' title='bbox 1264 936 1378 985; x_wconf 85' lang='lat' dir='ltr'><strong>hujus</strong></span> <span class='ocrx_word' id='word_1_125' title='bbox 1397 944 1565 972; x_wconf 87' lang='lat' dir='ltr'><strong>sororem</strong></span> 
     </span>
     <span class='ocr_line' id='line_1_15' title="bbox 119 998 1565 1049; baseline -0.004 -12"><span class='ocrx_word' id='word_1_126' title='bbox 119 999 235 1037; x_wconf 89' lang='lat' dir='ltr'><strong>domo</strong></span> <span class='ocrx_word' id='word_1_127' title='bbox 253 1001 376 1049; x_wconf 89' lang='lat' dir='ltr'><strong>ejecit,</strong></span> <span class='ocrx_word' id='word_1_128' title='bbox 394 1002 601 1047; x_wconf 87' lang='lat' dir='ltr'><strong>affirmans,</strong></span> <span class='ocrx_word' id='word_1_129' title='bbox 618 1001 723 1038; x_wconf 92' lang='lat' dir='ltr'><strong>hunc</strong></span> <span class='ocrx_word' id='word_1_130' title='bbox 742 1000 980 1038; x_wconf 88' lang='lat' dir='ltr'><strong>Alcibiadem</strong></span> <span class='ocrx_word' id='word_1_131' title='bbox 1007 999 1160 1037; x_wconf 88' lang='lat' dir='ltr'><strong>domum</strong></span> <span class='ocrx_word' id='word_1_132' title='bbox 1189 1011 1298 1035; x_wconf 87' lang='lat' dir='ltr'><strong>suam</strong></span> <span class='ocrx_word' id='word_1_133' title='bbox 1323 998 1565 1046; x_wconf 86' lang='lat' dir='ltr'><strong>frequentare</strong></span> 
     </span>
     <span class='ocr_line' id='line_1_16' title="bbox 118 1059 1566 1099; baseline -0.003 -3"><span class='ocrx_word' id='word_1_134' title='bbox 118 1067 164 1097; x_wconf 90' lang='lat' dir='ltr'><strong>ut</strong></span> <span class='ocrx_word' id='word_1_135' title='bbox 186 1062 317 1099; x_wconf 90' lang='lat' dir='ltr'><strong>uxoris</strong></span> <span class='ocrx_word' id='word_1_136' title='bbox 343 1074 423 1098; x_wconf 86' lang='lat' dir='ltr'><strong>suae</strong></span> <span class='ocrx_word' id='word_1_137' title='bbox 450 1074 528 1099; x_wconf 90' lang='lat' dir='ltr'><strong>non</strong></span> <span class='ocrx_word' id='word_1_138' title='bbox 556 1062 711 1098; x_wconf 88' lang='lat' dir='ltr'><strong>fratrem</strong></span> <span class='ocrx_word' id='word_1_139' title='bbox 731 1060 800 1098; x_wconf 90' lang='lat' dir='ltr'><strong>sed</strong></span> <span class='ocrx_word' id='word_1_140' title='bbox 824 1061 1015 1098; x_wconf 88' lang='lat' dir='ltr'><strong>maritum.</strong></span> <span class='ocrx_word' id='word_1_141' title='bbox 1071 1059 1219 1096; x_wconf 87' lang='lat' dir='ltr'><strong>Talium</strong></span> <span class='ocrx_word' id='word_1_142' title='bbox 1246 1065 1303 1096; x_wconf 90' lang='lat' dir='ltr'><strong>tot</strong></span> <span class='ocrx_word' id='word_1_143' title='bbox 1333 1068 1493 1094; x_wconf 90' lang='lat' dir='ltr'><strong>numero</strong></span> <span class='ocrx_word' id='word_1_144' title='bbox 1526 1060 1566 1091; x_wconf 89' lang='lat' dir='ltr'><strong>et</strong></span> 
     </span>
     <span class='ocr_line' id='line_1_17' title="bbox 119 1117 1565 1164; baseline -0.005 -6"><span class='ocrx_word' id='word_1_145' title='bbox 119 1126 199 1158; x_wconf 91' lang='lat' dir='ltr'><strong>tam</strong></span> <span class='ocrx_word' id='word_1_146' title='bbox 229 1122 413 1160; x_wconf 88' lang='lat' dir='ltr'><strong>atrocium</strong></span> <span class='ocrx_word' id='word_1_147' title='bbox 455 1122 526 1160; x_wconf 89' lang='lat' dir='ltr'><strong>sibi</strong></span> <span class='ocrx_word' id='word_1_148' title='bbox 566 1122 752 1160; x_wconf 89' lang='lat' dir='ltr'><strong>scelerum</strong></span> <span class='ocrx_word' id='word_1_149' title='bbox 793 1134 883 1159; x_wconf 88' lang='lat' dir='ltr'><strong>cum</strong></span> <span class='ocrx_word' id='word_1_150' title='bbox 917 1120 1096 1158; x_wconf 87' lang='lat' dir='ltr'><strong>conscius</strong></span> <span class='ocrx_word' id='word_1_151' title='bbox 1136 1127 1252 1164; x_wconf 91' lang='lat' dir='ltr'><strong>esset,</strong></span> <span class='ocrx_word' id='word_1_152' title='bbox 1292 1117 1400 1154; x_wconf 88' lang='lat' dir='ltr'><strong>nulla</strong></span> <span class='ocrx_word' id='word_1_153' title='bbox 1435 1122 1565 1153; x_wconf 85' lang='lat' dir='ltr'><strong>tamen</strong></span> 
     </span>
     <span class='ocr_line' id='line_1_18' title="bbox 119 1175 1566 1232; baseline -0.004 -15"><span class='ocrx_word' id='word_1_154' title='bbox 119 1192 251 1218; x_wconf 90' lang='lat' dir='ltr'><strong>eorum</strong></span> <span class='ocrx_word' id='word_1_155' title='bbox 286 1181 437 1220; x_wconf 90' lang='lat' dir='ltr'><strong>ducitur</strong></span> <span class='ocrx_word' id='word_1_156' title='bbox 463 1181 686 1232; x_wconf 84' lang='lat' dir='ltr'><strong>poenitentia</strong></span> <span class='ocrx_word' id='word_1_157' title='bbox 711 1193 836 1231; x_wconf 89' lang='lat' dir='ltr'><strong>neque</strong></span> <span class='ocrx_word' id='word_1_158' title='bbox 867 1181 1083 1219; x_wconf 85' lang='lat' dir='ltr'><strong>futurorum</strong></span> <span class='ocrx_word' id='word_1_159' title='bbox 1115 1179 1264 1229; x_wconf 83' lang='lat' dir='ltr'><strong>angitur</strong></span> <span class='ocrx_word' id='word_1_160' title='bbox 1294 1175 1566 1215; x_wconf 90' lang='lat' dir='ltr'><strong>sollicitudine.</strong></span> 
     </span>
     <span class='ocr_line' id='line_1_19' title="bbox 119 1238 1565 1284; baseline -0.006 -6"><span class='ocrx_word' id='word_1_161' title='bbox 119 1240 292 1279; x_wconf 87' lang='lat' dir='ltr'><strong>Tametsi</strong></span> <span class='ocrx_word' id='word_1_162' title='bbox 310 1255 429 1279; x_wconf 89' lang='lat' dir='ltr'><strong>unum</strong></span> <span class='ocrx_word' id='word_1_163' title='bbox 453 1255 541 1280; x_wconf 89' lang='lat' dir='ltr'><strong>eum</strong></span> <span class='ocrx_word' id='word_1_164' title='bbox 569 1242 734 1279; x_wconf 90' lang='lat' dir='ltr'><strong>decebat</strong></span> <span class='ocrx_word' id='word_1_165' title='bbox 758 1242 926 1279; x_wconf 91' lang='lat' dir='ltr'><strong>omnium</strong></span> <span class='ocrx_word' id='word_1_166' title='bbox 956 1241 1118 1279; x_wconf 87' lang='lat' dir='ltr'><strong>maxime</strong></span> <span class='ocrx_word' id='word_1_167' title='bbox 1149 1238 1317 1277; x_wconf 86' lang='lat' dir='ltr'><strong>sobrium</strong></span> <span class='ocrx_word' id='word_1_168' title='bbox 1348 1244 1463 1283; x_wconf 90' lang='lat' dir='ltr'><strong>atque</strong></span> <span class='ocrx_word' id='word_1_169' title='bbox 1492 1247 1565 1284; x_wconf 90' lang='lat' dir='ltr'><strong>pu-</strong></span> 
     </span>
     <span class='ocr_line' id='line_1_20' title="bbox 119 1296 1566 1351; baseline -0.006 -13"><span class='ocrx_word' id='word_1_170' title='bbox 119 1301 272 1338; x_wconf 87' lang='lat' dir='ltr'><strong>dentem</strong></span> <span class='ocrx_word' id='word_1_171' title='bbox 289 1314 388 1347; x_wconf 87' lang='lat' dir='ltr'><strong>esse,</strong></span> <span class='ocrx_word' id='word_1_172' title='bbox 409 1314 485 1350; x_wconf 93' lang='lat' dir='ltr'><strong>quo</strong></span> <span class='ocrx_word' id='word_1_173' title='bbox 504 1314 572 1351; x_wconf 91' lang='lat' dir='ltr'><strong>per</strong></span> <span class='ocrx_word' id='word_1_174' title='bbox 589 1301 677 1337; x_wconf 86' lang='lat' dir='ltr'><strong>vitae</strong></span> <span class='ocrx_word' id='word_1_175' title='bbox 697 1313 776 1337; x_wconf 84' lang='lat' dir='ltr'><strong>suae</strong></span> <span class='ocrx_word' id='word_1_176' title='bbox 795 1300 1054 1337; x_wconf 88' lang='lat' dir='ltr'><strong>innocentiam</strong></span> <span class='ocrx_word' id='word_1_177' title='bbox 1073 1299 1189 1349; x_wconf 91' lang='lat' dir='ltr'><strong>patris</strong></span> <span class='ocrx_word' id='word_1_178' title='bbox 1209 1296 1428 1335; x_wconf 88' lang='lat' dir='ltr'><strong>criminibus</strong></span> <span class='ocrx_word' id='word_1_179' title='bbox 1449 1307 1566 1332; x_wconf 85' lang='lat' dir='ltr'><strong>excu-</strong></span> 
     </span>
     <span class='ocr_line' id='line_1_21' title="bbox 119 1352 1565 1412; baseline -0.006 -14"><span class='ocrx_word' id='word_1_180' title='bbox 119 1352 306 1399; x_wconf 88' lang='lat' dir='ltr'><strong>sationem</strong></span> <span class='ocrx_word' id='word_1_181' title='bbox 331 1367 484 1412; x_wconf 88' lang='lat' dir='ltr'><strong>pararet</strong></span> <span class='ocrx_word' id='word_1_182' title='bbox 502 1368 541 1398; x_wconf 93' lang='lat' dir='ltr'><strong>et</strong></span> <span class='ocrx_word' id='word_1_183' title='bbox 568 1360 677 1411; x_wconf 90' lang='lat' dir='ltr'><strong>quasi</strong></span> <span class='ocrx_word' id='word_1_184' title='bbox 700 1366 851 1410; x_wconf 86' lang='lat' dir='ltr'><strong>portum</strong></span> <span class='ocrx_word' id='word_1_185' title='bbox 880 1359 1064 1409; x_wconf 90' lang='lat' dir='ltr'><strong>aperiret:</strong></span> <span class='ocrx_word' id='word_1_186' title='bbox 1096 1364 1135 1395; x_wconf 89' lang='lat' dir='ltr'><strong>at</strong></span> <span class='ocrx_word' id='word_1_187' title='bbox 1162 1357 1228 1395; x_wconf 90' lang='lat' dir='ltr'><strong>ille</strong></span> <span class='ocrx_word' id='word_1_188' title='bbox 1258 1363 1389 1394; x_wconf 88' lang='lat' dir='ltr'><strong>contra</strong></span> <span class='ocrx_word' id='word_1_189' title='bbox 1420 1354 1565 1406; x_wconf 90' lang='lat' dir='ltr'><strong>injuriis</strong></span> 
     </span>
     <span class='ocr_line' id='line_1_22' title="bbox 119 1416 1565 1471; baseline -0.005 -13"><span class='ocrx_word' id='word_1_190' title='bbox 119 1428 234 1471; x_wconf 91' lang='lat' dir='ltr'><strong>atque</strong></span> <span class='ocrx_word' id='word_1_191' title='bbox 253 1420 494 1458; x_wconf 90' lang='lat' dir='ltr'><strong>contumeliis</strong></span> <span class='ocrx_word' id='word_1_192' title='bbox 514 1420 609 1458; x_wconf 90' lang='lat' dir='ltr'><strong>alios</strong></span> <span class='ocrx_word' id='word_1_193' title='bbox 630 1419 729 1457; x_wconf 89' lang='lat' dir='ltr'><strong>ultro</strong></span> <span class='ocrx_word' id='word_1_194' title='bbox 749 1420 940 1458; x_wconf 88' lang='lat' dir='ltr'><strong>lacessere</strong></span> <span class='ocrx_word' id='word_1_195' title='bbox 969 1419 1100 1463; x_wconf 85' lang='lat' dir='ltr'><strong>audet,</strong></span> <span class='ocrx_word' id='word_1_196' title='bbox 1119 1418 1230 1467; x_wconf 87' lang='lat' dir='ltr'><strong>quasi</strong></span> <span class='ocrx_word' id='word_1_197' title='bbox 1256 1417 1337 1454; x_wconf 87' lang='lat' dir='ltr'><strong>fieri</strong></span> <span class='ocrx_word' id='word_1_198' title='bbox 1364 1416 1496 1467; x_wconf 86' lang='lat' dir='ltr'><strong>possit,</strong></span> <span class='ocrx_word' id='word_1_199' title='bbox 1523 1420 1565 1450; x_wconf 88' lang='lat' dir='ltr'><strong>ut</strong></span> 
     </span>
     <span class='ocr_line' id='line_1_23' title="bbox 118 1478 1571 1530; baseline -0.004 -12"><span class='ocrx_word' id='word_1_200' title='bbox 118 1480 268 1518; x_wconf 87' lang='lat' dir='ltr'><strong>cordati</strong></span> <span class='ocrx_word' id='word_1_201' title='bbox 283 1481 458 1518; x_wconf 89' lang='lat' dir='ltr'><strong>homines</strong></span> <span class='ocrx_word' id='word_1_202' title='bbox 478 1493 605 1518; x_wconf 91' lang='lat' dir='ltr'><strong>veram</strong></span> <span class='ocrx_word' id='word_1_203' title='bbox 631 1480 791 1517; x_wconf 88' lang='lat' dir='ltr'><strong>credant</strong></span> <span class='ocrx_word' id='word_1_204' title='bbox 809 1479 871 1517; x_wconf 89' lang='lat' dir='ltr'><strong>vel</strong></span> <span class='ocrx_word' id='word_1_205' title='bbox 898 1478 1140 1517; x_wconf 91' lang='lat' dir='ltr'><strong>millesimam</strong></span> <span class='ocrx_word' id='word_1_206' title='bbox 1174 1486 1319 1530; x_wconf 89' lang='lat' dir='ltr'><strong>partem</strong></span> <span class='ocrx_word' id='word_1_207' title='bbox 1349 1489 1479 1515; x_wconf 89' lang='lat' dir='ltr'><strong>earum</strong></span> <span class='ocrx_word' id='word_1_208' title='bbox 1509 1487 1571 1513; x_wconf 85' lang='lat' dir='ltr'><strong>ca-</strong></span> 
     </span>
     <span class='ocr_line' id='line_1_24' title="bbox 119 1536 1567 1591; baseline -0.004 -13"><span class='ocrx_word' id='word_1_209' title='bbox 119 1540 361 1586; x_wconf 89' lang='lat' dir='ltr'><strong>lumniarum,</strong></span> <span class='ocrx_word' id='word_1_210' title='bbox 389 1541 528 1590; x_wconf 89' lang='lat' dir='ltr'><strong>quibus</strong></span> <span class='ocrx_word' id='word_1_211' title='bbox 554 1541 695 1591; x_wconf 87' lang='lat' dir='ltr'><strong>probra</strong></span> <span class='ocrx_word' id='word_1_212' title='bbox 723 1540 794 1577; x_wconf 89' lang='lat' dir='ltr'><strong>sibi</strong></span> <span class='ocrx_word' id='word_1_213' title='bbox 821 1539 1030 1577; x_wconf 88' lang='lat' dir='ltr'><strong>domestica</strong></span> <span class='ocrx_word' id='word_1_214' title='bbox 1056 1539 1234 1589; x_wconf 83' lang='lat' dir='ltr'><strong>gentique</strong></span> <span class='ocrx_word' id='word_1_215' title='bbox 1254 1551 1333 1575; x_wconf 84' lang='lat' dir='ltr'><strong>suae</strong></span> <span class='ocrx_word' id='word_1_216' title='bbox 1352 1536 1505 1588; x_wconf 89' lang='lat' dir='ltr'><strong>propria</strong></span> <span class='ocrx_word' id='word_1_217' title='bbox 1527 1536 1567 1572; x_wconf 91' lang='lat' dir='ltr'><strong>in</strong></span> 
     </span>
     <span class='ocr_line' id='line_1_25' title="bbox 116 1597 1568 1650; baseline -0.003 -11"><span class='ocrx_word' id='word_1_218' title='bbox 116 1601 213 1643; x_wconf 89' lang='lat' dir='ltr'><strong>alios</strong></span> <span class='ocrx_word' id='word_1_219' title='bbox 233 1601 400 1643; x_wconf 84' lang='lat' dir='ltr'><strong>confert;</strong></span> <span class='ocrx_word' id='word_1_220' title='bbox 429 1614 544 1650; x_wconf 88' lang='lat' dir='ltr'><strong>quem</strong></span> <span class='ocrx_word' id='word_1_221' title='bbox 571 1601 774 1650; x_wconf 87' lang='lat' dir='ltr'><strong>oportebat</strong></span> <span class='ocrx_word' id='word_1_222' title='bbox 792 1600 1011 1638; x_wconf 89' lang='lat' dir='ltr'><strong>meminisse</strong></span> <span class='ocrx_word' id='word_1_223' title='bbox 1037 1600 1156 1637; x_wconf 89' lang='lat' dir='ltr'><strong>filium</strong></span> <span class='ocrx_word' id='word_1_224' title='bbox 1178 1613 1218 1637; x_wconf 87' lang='lat' dir='ltr'><strong>se</strong></span> <span class='ocrx_word' id='word_1_225' title='bbox 1238 1599 1339 1636; x_wconf 88' lang='lat' dir='ltr'><strong>illius</strong></span> <span class='ocrx_word' id='word_1_226' title='bbox 1358 1597 1568 1636; x_wconf 89' lang='lat' dir='ltr'><strong>Alcibiadis</strong></span> 
     </span>
     <span class='ocr_line' id='line_1_26' title="bbox 119 1659 1569 1711; baseline -0.002 -12"><span class='ocrx_word' id='word_1_227' title='bbox 119 1663 227 1711; x_wconf 59' lang='lat' dir='ltr'><strong>esse,{</strong></span> <span class='ocrx_word' id='word_1_228' title='bbox 245 1662 309 1711; x_wconf 91' lang='lat' dir='ltr'><strong>qui</strong></span> <span class='ocrx_word' id='word_1_229' title='bbox 341 1661 640 1699; x_wconf 72' lang='lat' dir='ltr'><strong>Lacedaemoniis</strong></span> <span class='ocrx_word' id='word_1_230' title='bbox 676 1667 809 1699; x_wconf 89' lang='lat' dir='ltr'><strong>auctor</strong></span> <span class='ocrx_word' id='word_1_231' title='bbox 839 1661 912 1698; x_wconf 89' lang='lat' dir='ltr'><strong>fuit</strong></span> <span class='ocrx_word' id='word_1_232' title='bbox 943 1660 1122 1698; x_wconf 89' lang='lat' dir='ltr'><strong>Deceleae</strong></span> <span class='ocrx_word' id='word_1_233' title='bbox 1155 1659 1461 1698; x_wconf 87' lang='lat' dir='ltr'><strong>communiendae</strong></span> <span class='ocrx_word' id='word_1_234' title='bbox 1492 1670 1569 1708; x_wconf 90' lang='lat' dir='ltr'><strong>quo</strong></span> 
     </span>
     <span class='ocr_line' id='line_1_27' title="bbox 119 1718 1569 1771; baseline -0.003 -12"><span class='ocrx_word' id='word_1_235' title='bbox 119 1735 186 1760; x_wconf 91' lang='lat' dir='ltr'><strong>vos</strong></span> <span class='ocrx_word' id='word_1_236' title='bbox 212 1722 315 1759; x_wconf 88' lang='lat' dir='ltr'><strong>domi</strong></span> <span class='ocrx_word' id='word_1_237' title='bbox 334 1728 473 1767; x_wconf 84' lang='lat' dir='ltr'><strong>vestrae</strong></span> <span class='ocrx_word' id='word_1_238' title='bbox 501 1721 850 1771; x_wconf 88' lang='lat' dir='ltr'><strong>compesceremini,</strong></span> <span class='ocrx_word' id='word_1_239' title='bbox 870 1721 934 1771; x_wconf 91' lang='lat' dir='ltr'><strong>qui</strong></span> <span class='ocrx_word' id='word_1_240' title='bbox 954 1728 1080 1759; x_wconf 90' lang='lat' dir='ltr'><strong>vestra</strong></span> <span class='ocrx_word' id='word_1_241' title='bbox 1104 1734 1192 1759; x_wconf 92' lang='lat' dir='ltr'><strong>cum</strong></span> <span class='ocrx_word' id='word_1_242' title='bbox 1218 1720 1343 1758; x_wconf 88' lang='lat' dir='ltr'><strong>classe</strong></span> <span class='ocrx_word' id='word_1_243' title='bbox 1363 1719 1452 1756; x_wconf 89' lang='lat' dir='ltr'><strong>hinc</strong></span> <span class='ocrx_word' id='word_1_244' title='bbox 1477 1718 1569 1755; x_wconf 90' lang='lat' dir='ltr'><strong>abiit</strong></span> 
     </span>
     <span class='ocr_line' id='line_1_28' title="bbox 119 1779 1569 1831; baseline -0.002 -13"><span class='ocrx_word' id='word_1_245' title='bbox 119 1794 196 1831; x_wconf 92' lang='lat' dir='ltr'><strong>quo</strong></span> <span class='ocrx_word' id='word_1_246' title='bbox 213 1781 355 1819; x_wconf 90' lang='lat' dir='ltr'><strong>insulas</strong></span> <span class='ocrx_word' id='word_1_247' title='bbox 373 1781 480 1818; x_wconf 92' lang='lat' dir='ltr'><strong>vobis</strong></span> <span class='ocrx_word' id='word_1_248' title='bbox 501 1781 642 1818; x_wconf 90' lang='lat' dir='ltr'><strong>amicas</strong></span> <span class='ocrx_word' id='word_1_249' title='bbox 660 1787 774 1830; x_wconf 89' lang='lat' dir='ltr'><strong>atque</strong></span> <span class='ocrx_word' id='word_1_250' title='bbox 792 1781 891 1818; x_wconf 82' lang='lat' dir='ltr'><strong>fidas</strong></span> <span class='ocrx_word' id='word_1_251' title='bbox 915 1794 938 1818; x_wconf 91' lang='lat' dir='ltr'><strong>a</strong></span> <span class='ocrx_word' id='word_1_252' title='bbox 960 1780 1036 1818; x_wconf 87' lang='lat' dir='ltr'><strong>fide</strong></span> <span class='ocrx_word' id='word_1_253' title='bbox 1063 1781 1274 1818; x_wconf 86' lang='lat' dir='ltr'><strong>abstractas</strong></span> <span class='ocrx_word' id='word_1_254' title='bbox 1303 1779 1484 1830; x_wconf 87' lang='lat' dir='ltr'><strong>potestati</strong></span> <span class='ocrx_word' id='word_1_255' title='bbox 1504 1791 1569 1816; x_wconf 90' lang='lat' dir='ltr'><strong>ve-</strong></span> 
     </span>
     <span class='ocr_line' id='line_1_29' title="bbox 121 1839 1569 1892; baseline -0.003 -13"><span class='ocrx_word' id='word_1_256' title='bbox 121 1849 210 1880; x_wconf 86' lang='lat' dir='ltr'><strong>strae</strong></span> <span class='ocrx_word' id='word_1_257' title='bbox 229 1842 403 1892; x_wconf 83' lang='lat' dir='ltr'><strong>eriperet,</strong></span> <span class='ocrx_word' id='word_1_258' title='bbox 423 1841 488 1891; x_wconf 89' lang='lat' dir='ltr'><strong>qui</strong></span> <span class='ocrx_word' id='word_1_259' title='bbox 506 1840 680 1879; x_wconf 91' lang='lat' dir='ltr'><strong>hostibus</strong></span> <span class='ocrx_word' id='word_1_260' title='bbox 709 1840 815 1878; x_wconf 91' lang='lat' dir='ltr'><strong>nuda</strong></span> <span class='ocrx_word' id='word_1_261' title='bbox 841 1840 1056 1891; x_wconf 84' lang='lat' dir='ltr'><strong>reipublicae</strong></span> <span class='ocrx_word' id='word_1_262' title='bbox 1081 1841 1202 1879; x_wconf 88' lang='lat' dir='ltr'><strong>latera</strong></span> <span class='ocrx_word' id='word_1_263' title='bbox 1230 1839 1507 1877; x_wconf 87' lang='lat' dir='ltr'><strong>demonstravit</strong></span> <span class='ocrx_word' id='word_1_264' title='bbox 1530 1845 1569 1876; x_wconf 92' lang='lat' dir='ltr'><strong>et</strong></span> 
     </span>
     <span class='ocr_line' id='line_1_30' title="bbox 119 1899 1570 1951; baseline -0.003 -11"><span class='ocrx_word' id='word_1_265' title='bbox 119 1902 252 1940; x_wconf 87' lang='lat' dir='ltr'><strong>ulcera</strong></span> <span class='ocrx_word' id='word_1_266' title='bbox 270 1901 425 1939; x_wconf 85' lang='lat' dir='ltr'><strong>occulta</strong></span> <span class='ocrx_word' id='word_1_267' title='bbox 453 1901 678 1946; x_wconf 89' lang='lat' dir='ltr'><strong>denudavit,</strong></span> <span class='ocrx_word' id='word_1_268' title='bbox 697 1901 762 1951; x_wconf 88' lang='lat' dir='ltr'><strong>qui</strong></span> <span class='ocrx_word' id='word_1_269' title='bbox 794 1902 935 1951; x_wconf 86' lang='lat' dir='ltr'><strong>saepius</strong></span> <span class='ocrx_word' id='word_1_270' title='bbox 966 1901 1004 1938; x_wconf 90' lang='lat' dir='ltr'><strong>in</strong></span> <span class='ocrx_word' id='word_1_271' title='bbox 1033 1901 1169 1939; x_wconf 88' lang='lat' dir='ltr'><strong>castris</strong></span> <span class='ocrx_word' id='word_1_272' title='bbox 1198 1900 1364 1938; x_wconf 88' lang='lat' dir='ltr'><strong>hostium</strong></span> <span class='ocrx_word' id='word_1_273' title='bbox 1389 1899 1506 1944; x_wconf 88' lang='lat' dir='ltr'><strong>venit,</strong></span> <span class='ocrx_word' id='word_1_274' title='bbox 1525 1905 1570 1936; x_wconf 90' lang='lat' dir='ltr'><strong>ut</strong></span> 
     </span>
     <span class='ocr_line' id='line_1_31' title="bbox 115 1960 1570 2013; baseline -0.002 -14"><span class='ocrx_word' id='word_1_275' title='bbox 115 1963 252 2013; x_wconf 85' lang='lat' dir='ltr'><strong>jugum</strong></span> <span class='ocrx_word' id='word_1_276' title='bbox 272 1962 406 2012; x_wconf 86' lang='lat' dir='ltr'><strong>patriae</strong></span> <span class='ocrx_word' id='word_1_277' title='bbox 423 1962 636 1999; x_wconf 89' lang='lat' dir='ltr'><strong>cervicibus</strong></span> <span class='ocrx_word' id='word_1_278' title='bbox 663 1962 890 2012; x_wconf 84' lang='lat' dir='ltr'><strong>imponeret,</strong></span> <span class='ocrx_word' id='word_1_279' title='bbox 908 1975 1022 2012; x_wconf 88' lang='lat' dir='ltr'><strong>quam</strong></span> <span class='ocrx_word' id='word_1_280' title='bbox 1043 1963 1240 2000; x_wconf 88' lang='lat' dir='ltr'><strong>vobiscum</strong></span> <span class='ocrx_word' id='word_1_281' title='bbox 1262 1961 1352 1999; x_wconf 81' lang='lat' dir='ltr'><strong>exiit</strong></span> <span class='ocrx_word' id='word_1_282' title='bbox 1371 1961 1420 1998; x_wconf 91' lang='lat' dir='ltr'><strong>ad</strong></span> <span class='ocrx_word' id='word_1_283' title='bbox 1438 1960 1570 1997; x_wconf 86' lang='lat' dir='ltr'><strong>hostes</strong></span> 
     </span>
     <span class='ocr_line' id='line_1_32' title="bbox 120 2021 1569 2072; baseline -0.001 -13"><span class='ocrx_word' id='word_1_284' title='bbox 120 2021 439 2072; x_wconf 89' lang='lat' dir='ltr'><strong>perdomandum.</strong></span> <span class='ocrx_word' id='word_1_285' title='bbox 495 2023 592 2063; x_wconf 81' lang='lat' dir='ltr'><strong>Quae</strong></span> <span class='ocrx_word' id='word_1_286' title='bbox 613 2027 721 2059; x_wconf 88' lang='lat' dir='ltr'><strong>tanta</strong></span> <span class='ocrx_word' id='word_1_287' title='bbox 740 2022 888 2060; x_wconf 89' lang='lat' dir='ltr'><strong>scelera</strong></span> <span class='ocrx_word' id='word_1_288' title='bbox 911 2028 988 2059; x_wconf 87' lang='lat' dir='ltr'><strong>tam</strong></span> <span class='ocrx_word' id='word_1_289' title='bbox 1017 2022 1120 2072; x_wconf 92' lang='lat' dir='ltr'><strong>impii</strong></span> <span class='ocrx_word' id='word_1_290' title='bbox 1140 2022 1301 2060; x_wconf 88' lang='lat' dir='ltr'><strong>hominis</strong></span> <span class='ocrx_word' id='word_1_291' title='bbox 1322 2034 1391 2058; x_wconf 91' lang='lat' dir='ltr'><strong>vos</strong></span> <span class='ocrx_word' id='word_1_292' title='bbox 1417 2032 1486 2071; x_wconf 89' lang='lat' dir='ltr'><strong>par</strong></span> <span class='ocrx_word' id='word_1_293' title='bbox 1511 2028 1569 2057; x_wconf 90' lang='lat' dir='ltr'><strong>est</strong></span> 
     </span>
     <span class='ocr_line' id='line_1_33' title="bbox 118 2081 1567 2131; baseline -0.001 -12"><span class='ocrx_word' id='word_1_294' title='bbox 118 2082 312 2131; x_wconf 87' lang='lat' dir='ltr'><strong>vestrique</strong></span> <span class='ocrx_word' id='word_1_295' title='bbox 331 2094 449 2119; x_wconf 90' lang='lat' dir='ltr'><strong>causa</strong></span> <span class='ocrx_word' id='word_1_296' title='bbox 468 2088 506 2118; x_wconf 90' lang='lat' dir='ltr'><strong>et</strong></span> <span class='ocrx_word' id='word_1_297' title='bbox 524 2088 765 2131; x_wconf 88' lang='lat' dir='ltr'><strong>posterorum</strong></span> <span class='ocrx_word' id='word_1_298' title='bbox 783 2082 930 2127; x_wconf 88' lang='lat' dir='ltr'><strong>ulcisci,</strong></span> <span class='ocrx_word' id='word_1_299' title='bbox 949 2095 1216 2131; x_wconf 89' lang='lat' dir='ltr'><strong>quemcunque</strong></span> <span class='ocrx_word' id='word_1_300' title='bbox 1241 2081 1396 2119; x_wconf 90' lang='lat' dir='ltr'><strong>tandem</strong></span> <span class='ocrx_word' id='word_1_301' title='bbox 1417 2093 1464 2118; x_wconf 87' lang='lat' dir='ltr'><strong>ex</strong></span> <span class='ocrx_word' id='word_1_302' title='bbox 1483 2081 1567 2130; x_wconf 89' lang='lat' dir='ltr'><strong>ejus</strong></span> 
     </span>
     <span class='ocr_line' id='line_1_34' title="bbox 120 2141 1572 2192; baseline 0 -14"><span class='ocrx_word' id='word_1_303' title='bbox 120 2141 228 2192; x_wconf 89' lang='lat' dir='ltr'><strong>prole</strong></span> <span class='ocrx_word' id='word_1_304' title='bbox 248 2147 365 2191; x_wconf 87' lang='lat' dir='ltr'><strong>atque</strong></span> <span class='ocrx_word' id='word_1_305' title='bbox 384 2141 606 2178; x_wconf 86' lang='lat' dir='ltr'><strong>necessariis</strong></span> <span class='ocrx_word' id='word_1_306' title='bbox 627 2143 697 2178; x_wconf 91' lang='lat' dir='ltr'><strong>sub</strong></span> <span class='ocrx_word' id='word_1_307' title='bbox 717 2147 947 2191; x_wconf 87' lang='lat' dir='ltr'><strong>potestatem</strong></span> <span class='ocrx_word' id='word_1_308' title='bbox 967 2149 1132 2179; x_wconf 89' lang='lat' dir='ltr'><strong>vestram</strong></span> <span class='ocrx_word' id='word_1_309' title='bbox 1153 2141 1439 2179; x_wconf 60' lang='lat' dir='ltr'><strong>nanciscaminh</strong></span> <span class='ocrx_word' id='word_1_310' title='bbox 1494 2142 1572 2178; x_wconf 88' lang='lat' dir='ltr'><strong>Au-</strong></span> 
     </span>
     <span class='ocr_line' id='line_1_35' title="bbox 123 2200 1569 2251; baseline -0.001 -13"><span class='ocrx_word' id='word_1_311' title='bbox 123 2201 187 2238; x_wconf 85' lang='lat' dir='ltr'><strong>dio</strong></span> <span class='ocrx_word' id='word_1_312' title='bbox 206 2201 360 2250; x_wconf 90' lang='lat' dir='ltr'><strong>quidem</strong></span> <span class='ocrx_word' id='word_1_313' title='bbox 376 2213 468 2238; x_wconf 80' lang='lat' dir='ltr'><strong>eum</strong></span> <span class='ocrx_word' id='word_1_314' title='bbox 488 2201 629 2251; x_wconf 82' lang='lat' dir='ltr'><strong>saepius</strong></span> <span class='ocrx_word' id='word_1_315' title='bbox 649 2201 721 2238; x_wconf 90' lang='lat' dir='ltr'><strong>hoc</strong></span> <span class='ocrx_word' id='word_1_316' title='bbox 740 2201 968 2238; x_wconf 86' lang='lat' dir='ltr'><strong>invidiosum</strong></span> <span class='ocrx_word' id='word_1_317' title='bbox 989 2207 1207 2246; x_wconf 86' lang='lat' dir='ltr'><strong>occentare‚</strong></span> <span class='ocrx_word' id='word_1_318' title='bbox 1227 2201 1333 2238; x_wconf 90' lang='lat' dir='ltr'><strong>haud</strong></span> <span class='ocrx_word' id='word_1_319' title='bbox 1353 2200 1569 2246; x_wconf 91' lang='lat' dir='ltr'><strong>convenire,</strong></span> 
     </span>
     <span class='ocr_line' id='line_1_36' title="bbox 111 2260 1569 2310; baseline 0.001 -12"><span class='ocrx_word' id='word_1_320' title='bbox 111 2262 178 2306; x_wconf 64' lang='lat' dir='ltr'><strong>&#39;ut‚</strong></span> <span class='ocrx_word' id='word_1_321' title='bbox 198 2273 275 2309; x_wconf 91' lang='lat' dir='ltr'><strong>quo</strong></span> <span class='ocrx_word' id='word_1_322' title='bbox 295 2261 342 2298; x_wconf 88' lang='lat' dir='ltr'><strong>ab</strong></span> <span class='ocrx_word' id='word_1_323' title='bbox 362 2261 495 2298; x_wconf 88' lang='lat' dir='ltr'><strong>exsilio</strong></span> <span class='ocrx_word' id='word_1_324' title='bbox 516 2268 717 2298; x_wconf 88' lang='lat' dir='ltr'><strong>revocatus</strong></span> <span class='ocrx_word' id='word_1_325' title='bbox 738 2266 847 2310; x_wconf 91' lang='lat' dir='ltr'><strong>pater</strong></span> <span class='ocrx_word' id='word_1_326' title='bbox 866 2261 984 2310; x_wconf 88' lang='lat' dir='ltr'><strong>ipsius</strong></span> <span class='ocrx_word' id='word_1_327' title='bbox 1003 2260 1133 2297; x_wconf 88' lang='lat' dir='ltr'><strong>multis</strong></span> <span class='ocrx_word' id='word_1_328' title='bbox 1161 2267 1199 2297; x_wconf 89' lang='lat' dir='ltr'><strong>et</strong></span> <span class='ocrx_word' id='word_1_329' title='bbox 1225 2260 1438 2310; x_wconf 85' lang='lat' dir='ltr'><strong>insignibus</strong></span> <span class='ocrx_word' id='word_1_330' title='bbox 1459 2261 1569 2299; x_wconf 91' lang='lat' dir='ltr'><strong>donis</strong></span> 
     </span>
     <span class='ocr_line' id='line_1_37' title="bbox 123 2319 1568 2370; baseline 0 -11"><span class='ocrx_word' id='word_1_331' title='bbox 123 2328 239 2370; x_wconf 84' lang='lat' dir='ltr'><strong>atque</strong></span> <span class='ocrx_word' id='word_1_332' title='bbox 265 2319 473 2358; x_wconf 92' lang='lat' dir='ltr'><strong>honoribus</strong></span> <span class='ocrx_word' id='word_1_333' title='bbox 503 2333 526 2358; x_wconf 91' lang='lat' dir='ltr'><strong>a</strong></span> <span class='ocrx_word' id='word_1_334' title='bbox 549 2321 693 2370; x_wconf 89' lang='lat' dir='ltr'><strong>populo</strong></span> <span class='ocrx_word' id='word_1_335' title='bbox 721 2321 937 2360; x_wconf 89' lang='lat' dir='ltr'><strong>cumulatus</strong></span> <span class='ocrx_word' id='word_1_336' title='bbox 965 2322 1025 2366; x_wconf 86' lang='lat' dir='ltr'><strong>sit,</strong></span> <span class='ocrx_word' id='word_1_337' title='bbox 1045 2320 1145 2358; x_wconf 88' lang='lat' dir='ltr'><strong>illius</strong></span> <span class='ocrx_word' id='word_1_338' title='bbox 1166 2320 1288 2358; x_wconf 84' lang='lat' dir='ltr'><strong>exsilii</strong></span> <span class='ocrx_word' id='word_1_339' title='bbox 1305 2321 1446 2358; x_wconf 88' lang='lat' dir='ltr'><strong>invidia</strong></span> <span class='ocrx_word' id='word_1_340' title='bbox 1464 2321 1568 2359; x_wconf 88' lang='lat' dir='ltr'><strong>haud</strong></span> 
     </span>
     <span class='ocr_line' id='line_1_38' title="bbox 122 2379 1567 2430; baseline 0.001 -14"><span class='ocrx_word' id='word_1_341' title='bbox 122 2380 257 2417; x_wconf 90' lang='lat' dir='ltr'><strong>merita</strong></span> <span class='ocrx_word' id='word_1_342' title='bbox 270 2386 309 2417; x_wconf 92' lang='lat' dir='ltr'><strong>et</strong></span> <span class='ocrx_word' id='word_1_343' title='bbox 324 2379 412 2416; x_wconf 89' lang='lat' dir='ltr'><strong>odio</strong></span> <span class='ocrx_word' id='word_1_344' title='bbox 429 2379 557 2428; x_wconf 88' lang='lat' dir='ltr'><strong>iniquo</strong></span> <span class='ocrx_word' id='word_1_345' title='bbox 575 2380 657 2429; x_wconf 91' lang='lat' dir='ltr'><strong>ipse</strong></span> <span class='ocrx_word' id='word_1_346' title='bbox 675 2386 880 2429; x_wconf 89' lang='lat' dir='ltr'><strong>prematur.</strong></span> <span class='ocrx_word' id='word_1_347' title='bbox 939 2379 1036 2416; x_wconf 89' lang='lat' dir='ltr'><strong>Mihi</strong></span> <span class='ocrx_word' id='word_1_348' title='bbox 1050 2393 1138 2417; x_wconf 89' lang='lat' dir='ltr'><strong>vero</strong></span> <span class='ocrx_word' id='word_1_349' title='bbox 1152 2380 1350 2430; x_wconf 84' lang='lat' dir='ltr'><strong>indignum</strong></span> <span class='ocrx_word' id='word_1_350' title='bbox 1366 2381 1567 2425; x_wconf 87' lang='lat' dir='ltr'><strong>videretur,</strong></span> 
     </span>
     <span class='ocr_line' id='line_1_39' title="bbox 125 2438 1567 2490; baseline 0.001 -14"><span class='ocrx_word' id='word_1_351' title='bbox 125 2440 157 2476; x_wconf 93' lang='lat' dir='ltr'><strong>si</strong></span> <span class='ocrx_word' id='word_1_352' title='bbox 175 2451 256 2483; x_wconf 88' lang='lat' dir='ltr'><strong>vos,</strong></span> <span class='ocrx_word' id='word_1_353' title='bbox 275 2451 364 2475; x_wconf 89' lang='lat' dir='ltr'><strong>cum</strong></span> <span class='ocrx_word' id='word_1_354' title='bbox 383 2438 541 2475; x_wconf 88' lang='lat' dir='ltr'><strong>tributos</strong></span> <span class='ocrx_word' id='word_1_355' title='bbox 569 2438 773 2488; x_wconf 87' lang='lat' dir='ltr'><strong>aliquando</strong></span> <span class='ocrx_word' id='word_1_356' title='bbox 800 2439 963 2476; x_wconf 88' lang='lat' dir='ltr'><strong>honores</strong></span> <span class='ocrx_word' id='word_1_357' title='bbox 989 2440 1087 2489; x_wconf 89' lang='lat' dir='ltr'><strong>patri</strong></span> <span class='ocrx_word' id='word_1_358' title='bbox 1118 2452 1245 2477; x_wconf 87' lang='lat' dir='ltr'><strong>rursus</strong></span> <span class='ocrx_word' id='word_1_359' title='bbox 1274 2441 1567 2490; x_wconf 81' lang='lat' dir='ltr'><strong>derogavissetis</strong></span> 
     </span>
     <span class='ocr_line' id='line_1_40' title="bbox 123 2498 1568 2549; baseline 0.002 -13"><span class='ocrx_word' id='word_1_360' title='bbox 123 2511 197 2536; x_wconf 91' lang='lat' dir='ltr'><strong>ceu</strong></span> <span class='ocrx_word' id='word_1_361' title='bbox 221 2511 290 2549; x_wconf 88' lang='lat' dir='ltr'><strong>per</strong></span> <span class='ocrx_word' id='word_1_362' title='bbox 314 2498 423 2535; x_wconf 81' lang='lat' dir='ltr'><strong>nefas</strong></span> <span class='ocrx_word' id='word_1_363' title='bbox 450 2505 489 2535; x_wconf 89' lang='lat' dir='ltr'><strong>et</strong></span> <span class='ocrx_word' id='word_1_364' title='bbox 513 2498 607 2536; x_wconf 91' lang='lat' dir='ltr'><strong>citra</strong></span> <span class='ocrx_word' id='word_1_365' title='bbox 634 2498 810 2535; x_wconf 87' lang='lat' dir='ltr'><strong>meritum</strong></span> <span class='ocrx_word' id='word_1_366' title='bbox 843 2499 1003 2544; x_wconf 87' lang='lat' dir='ltr'><strong>delatos,</strong></span> <span class='ocrx_word' id='word_1_367' title='bbox 1026 2506 1103 2537; x_wconf 90' lang='lat' dir='ltr'><strong>tum</strong></span> <span class='ocrx_word' id='word_1_368' title='bbox 1131 2501 1250 2537; x_wconf 88' lang='lat' dir='ltr'><strong>filium</strong></span> <span class='ocrx_word' id='word_1_369' title='bbox 1280 2500 1499 2538; x_wconf 91' lang='lat' dir='ltr'><strong>criminibus</strong></span> <span class='ocrx_word' id='word_1_370' title='bbox 1529 2508 1568 2539; x_wconf 89' lang='lat' dir='ltr'><strong>et</strong></span> 
     </span>
     <span class='ocr_line' id='line_1_41' title="bbox 122 2558 1568 2610; baseline 0.003 -16"><span class='ocrx_word' id='word_1_371' title='bbox 122 2558 275 2607; x_wconf 83' lang='lat' dir='ltr'><strong>flagitiis</strong></span> <span class='ocrx_word' id='word_1_372' title='bbox 293 2558 460 2596; x_wconf 87' lang='lat' dir='ltr'><strong>obsitum</strong></span> <span class='ocrx_word' id='word_1_373' title='bbox 475 2558 622 2596; x_wconf 85' lang='lat' dir='ltr'><strong>velletis</strong></span> <span class='ocrx_word' id='word_1_374' title='bbox 641 2559 854 2604; x_wconf 91' lang='lat' dir='ltr'><strong>absolvere,</strong></span> <span class='ocrx_word' id='word_1_375' title='bbox 870 2572 946 2609; x_wconf 89' lang='lat' dir='ltr'><strong>quo</strong></span> <span class='ocrx_word' id='word_1_376' title='bbox 966 2561 1094 2598; x_wconf 90' lang='lat' dir='ltr'><strong>locum</strong></span> <span class='ocrx_word' id='word_1_377' title='bbox 1113 2561 1247 2599; x_wconf 87' lang='lat' dir='ltr'><strong>essetis</strong></span> <span class='ocrx_word' id='word_1_378' title='bbox 1267 2561 1568 2610; x_wconf 86' lang='lat' dir='ltr'><strong>interpretationi</strong></span> 
     </span>
     <span class='ocr_line' id='line_1_42' title="bbox 125 2618 1567 2670; baseline 0.002 -14"><span class='ocrx_word' id='word_1_379' title='bbox 125 2618 287 2656; x_wconf 84' lang='lat' dir='ltr'><strong>sinistrae</strong></span> <span class='ocrx_word' id='word_1_380' title='bbox 313 2619 447 2656; x_wconf 84' lang='lat' dir='ltr'><strong>facturi</strong></span> <span class='ocrx_word' id='word_1_381' title='bbox 467 2632 511 2656; x_wconf 91' lang='lat' dir='ltr'><strong>ac</strong></span> <span class='ocrx_word' id='word_1_382' title='bbox 532 2619 562 2656; x_wconf 93' lang='lat' dir='ltr'><strong>si</strong></span> <span class='ocrx_word' id='word_1_383' title='bbox 583 2625 691 2668; x_wconf 87' lang='lat' dir='ltr'><strong>pater</strong></span> <span class='ocrx_word' id='word_1_384' title='bbox 710 2619 793 2669; x_wconf 90' lang='lat' dir='ltr'><strong>ejus</strong></span> <span class='ocrx_word' id='word_1_385' title='bbox 816 2620 907 2657; x_wconf 90' lang='lat' dir='ltr'><strong>civis</strong></span> <span class='ocrx_word' id='word_1_386' title='bbox 934 2620 1072 2658; x_wconf 87' lang='lat' dir='ltr'><strong>fuisset</strong></span> <span class='ocrx_word' id='word_1_387' title='bbox 1098 2621 1145 2657; x_wconf 92' lang='lat' dir='ltr'><strong>de</strong></span> <span class='ocrx_word' id='word_1_388' title='bbox 1173 2621 1293 2670; x_wconf 88' lang='lat' dir='ltr'><strong>patria</strong></span> <span class='ocrx_word' id='word_1_389' title='bbox 1322 2620 1463 2670; x_wconf 87' lang='lat' dir='ltr'><strong>optime</strong></span> <span class='ocrx_word' id='word_1_390' title='bbox 1490 2634 1567 2659; x_wconf 91' lang='lat' dir='ltr'><strong>me-</strong></span> 
     </span>
     <span class='ocr_line' id='line_1_43' title="bbox 124 2684 233 2715; baseline 0 -1"><span class='ocrx_word' id='word_1_391' title='bbox 124 2684 233 2715; x_wconf 79' lang='lat' dir='ltr'><strong>ritus.</strong></span> 
     </span>
    </p>

    <p class='ocr_par' dir='ltr' id='par_1_4' title="bbox 124 2737 1564 2850">
     <span class='ocr_line' id='line_1_44' title="bbox 175 2737 1564 2784; baseline 0.002 -11"><span class='ocrx_word' id='word_1_392' title='bbox 175 2738 213 2776; x_wconf 87' lang='grc'><strong>9.</strong></span> <span class='ocrx_word' id='word_1_393' title='bbox 243 2737 385 2775; x_wconf 89' lang='lat' dir='ltr'><strong>Verum</strong></span> <span class='ocrx_word' id='word_1_394' title='bbox 406 2740 504 2776; x_wconf 90' lang='lat' dir='ltr'><strong>enim</strong></span> <span class='ocrx_word' id='word_1_395' title='bbox 520 2752 619 2783; x_wconf 91' lang='lat' dir='ltr'><strong>vero,</strong></span> <span class='ocrx_word' id='word_1_396' title='bbox 637 2753 721 2776; x_wconf 88' lang='lat' dir='ltr'><strong>cum</strong></span> <span class='ocrx_word' id='word_1_397' title='bbox 741 2740 835 2778; x_wconf 89' lang='lat' dir='ltr'><strong>alias</strong></span> <span class='ocrx_word' id='word_1_398' title='bbox 851 2741 990 2778; x_wconf 89' lang='lat' dir='ltr'><strong>multas</strong></span> <span class='ocrx_word' id='word_1_399' title='bbox 1010 2741 1057 2777; x_wconf 94' lang='lat' dir='ltr'><strong>ob</strong></span> <span class='ocrx_word' id='word_1_400' title='bbox 1078 2751 1229 2784; x_wconf 82' lang='lat' dir='ltr'><strong>causas,</strong></span> <span class='ocrx_word' id='word_1_401' title='bbox 1247 2745 1326 2775; x_wconf 92' lang='lat' dir='ltr'><strong>tum</strong></span> <span class='ocrx_word' id='word_1_402' title='bbox 1344 2738 1444 2776; x_wconf 86' lang='lat' dir='ltr'><strong>hanc</strong></span> <span class='ocrx_word' id='word_1_403' title='bbox 1462 2740 1564 2778; x_wconf 89' lang='lat' dir='ltr'><strong>haud</strong></span> 
     </span>
     <span class='ocr_line' id='line_1_45' title="bbox 124 2797 1561 2850; baseline 0.001 -15"><span class='ocrx_word' id='word_1_404' title='bbox 124 2797 275 2835; x_wconf 86' lang='lat' dir='ltr'><strong>minime</strong></span> <span class='ocrx_word' id='word_1_405' title='bbox 295 2799 343 2835; x_wconf 90' lang='lat' dir='ltr'><strong>ob</strong></span> <span class='ocrx_word' id='word_1_406' title='bbox 363 2799 633 2848; x_wconf 88' lang='lat' dir='ltr'><strong>impudentiam</strong></span> <span class='ocrx_word' id='word_1_407' title='bbox 664 2800 804 2850; x_wconf 88' lang='lat' dir='ltr'><strong>dignus</strong></span> <span class='ocrx_word' id='word_1_408' title='bbox 835 2808 892 2838; x_wconf 91' lang='lat' dir='ltr'><strong>est</strong></span> <span class='ocrx_word' id='word_1_409' title='bbox 912 2799 1130 2837; x_wconf 84' lang='lat' dir='ltr'><strong>Alcibiades</strong></span> <span class='ocrx_word' id='word_1_410' title='bbox 1151 2811 1264 2848; x_wconf 89' lang='lat' dir='ltr'><strong>quem</strong></span> <span class='ocrx_word' id='word_1_411' title='bbox 1288 2799 1561 2843; x_wconf 83' lang='lat' dir='ltr'><strong>condemnetis,</strong></span> 
     </span>
    </p>
   </div>
  </div>
 </body>
</html>
