<?xml version="1.0" encoding="UTF-8"?>
<!DOCTYPE html PUBLIC "-//W3C//DTD XHTML 1.0 Transitional//EN"
    "http://www.w3.org/TR/xhtml1/DTD/xhtml1-transitional.dtd">
<html xmlns="http://www.w3.org/1999/xhtml" xml:lang="en" lang="en">
 <head>
  <title>
</title>
<meta http-equiv="Content-Type" content="text/html;charset=utf-8" />
  <meta name='ocr-system' content='tesseract 3.04.00' />
  <meta name='ocr-capabilities' content='ocr_page ocr_carea ocr_par ocr_line ocrx_word'/>
</head>
<body>
  <div class='ocr_page' id='page_1' title='image "./oratoresatticie13dobs_0084.png"; bbox 0 0 1822 3219; ppageno 0'>
   <div class='ocr_carea' id='block_1_1' title="bbox 231 128 1154 170">
    <p class='ocr_par' dir='ltr' id='par_1_1' title="bbox 231 128 1154 170">
     <span class='ocr_line' id='line_1_1' title="bbox 231 128 1154 170; baseline 0 -2"><span class='ocrx_word' id='word_1_1' title='bbox 231 128 279 168; x_wconf 70' lang='lat'>72</span> <span class='ocrx_word' id='word_1_2' title='bbox 779 132 1154 170; x_wconf 82' lang='lat' dir='ltr'>ANTIPHONTIS</span> 
     </span>
    </p>
   </div>
   <div class='ocr_carea' id='block_1_2' title="bbox 228 232 1702 2916">
    <p class='ocr_par' dir='ltr' id='par_1_2' title="bbox 228 232 1702 2916">
     <span class='ocr_line' id='line_1_2' title="bbox 233 232 1690 284; baseline -0.001 -13"><span class='ocrx_word' id='word_1_3' title='bbox 233 234 449 272; x_wconf 72' lang='lat' dir='ltr'>accusandi:</span> <span class='ocrx_word' id='word_1_4' title='bbox 464 235 512 272; x_wconf 78' lang='lat' dir='ltr'>iis</span> <span class='ocrx_word' id='word_1_5' title='bbox 529 234 810 272; x_wconf 69' lang='lat' dir='ltr'>deci-iminibus</span> <span class='ocrx_word' id='word_1_6' title='bbox 836 247 923 284; x_wconf 84' lang='lat' dir='ltr'>quoe</span> <span class='ocrx_word' id='word_1_7' title='bbox 943 235 1094 272; x_wconf 87' lang='lat' dir='ltr'>senatui</span> <span class='ocrx_word' id='word_1_8' title='bbox 1121 232 1393 280; x_wconf 83' lang='lat' dir='ltr'>indicaveram,</span> <span class='ocrx_word' id='word_1_9' title='bbox 1411 233 1602 284; x_wconf 80' lang='lat' dir='ltr'>recipiens</span> <span class='ocrx_word' id='word_1_10' title='bbox 1623 243 1690 270; x_wconf 80' lang='lat' dir='ltr'>eos</span> 
     </span>
     <span class='ocr_line' id='line_1_3' title="bbox 231 293 1693 333; baseline -0.001 -1"><span class='ocrx_word' id='word_1_11' title='bbox 231 308 334 332; x_wconf 81' lang='lat' dir='ltr'>ame</span> <span class='ocrx_word' id='word_1_12' title='bbox 350 307 435 333; x_wconf 81' lang='lat' dir='ltr'>reos</span> <span class='ocrx_word' id='word_1_13' title='bbox 463 296 831 333; x_wconf 64' lang='lat' dir='ltr'>eornmoel&#39;aciendos.</span> <span class='ocrx_word' id='word_1_14' title='bbox 889 295 987 332; x_wconf 86' lang='lat' dir='ltr'>Tam</span> <span class='ocrx_word' id='word_1_15' title='bbox 1020 296 1191 332; x_wconf 83' lang='lat' dir='ltr'>enormia</span> <span class='ocrx_word' id='word_1_16' title='bbox 1221 298 1332 333; x_wconf 86' lang='lat' dir='ltr'>erant</span> <span class='ocrx_word' id='word_1_17' title='bbox 1361 307 1495 333; x_wconf 87' lang='lat' dir='ltr'>eorum</span> <span class='ocrx_word' id='word_1_18' title='bbox 1522 293 1626 333; x_wconf 83' lang='lat' dir='ltr'>furta</span> <span class='ocrx_word' id='word_1_19' title='bbox 1653 299 1693 332; x_wconf 83' lang='lat' dir='ltr'>et</span> 
     </span>
     <span class='ocr_line' id='line_1_4' title="bbox 233 355 1693 407; baseline 0 -15"><span class='ocrx_word' id='word_1_20' title='bbox 233 355 380 405; x_wconf 83' lang='lat' dir='ltr'>flagitia</span> <span class='ocrx_word' id='word_1_21' title='bbox 397 364 436 394; x_wconf 89' lang='lat' dir='ltr'>et</span> <span class='ocrx_word' id='word_1_22' title='bbox 452 357 600 406; x_wconf 69' lang='lat' dir='ltr'>injuriae</span> <span class='ocrx_word' id='word_1_23' title='bbox 622 357 717 407; x_wconf 62' lang='lat' dir='ltr'>reip·</span> <span class='ocrx_word' id='word_1_24' title='bbox 741 358 789 393; x_wconf 82' lang='lat' dir='ltr'>ab</span> <span class='ocrx_word' id='word_1_25' title='bbox 810 356 902 405; x_wconf 86' lang='lat' dir='ltr'>ipsis</span> <span class='ocrx_word' id='word_1_26' title='bbox 924 356 1080 401; x_wconf 64' lang='lat' dir='ltr'>oblata-²,</span> <span class='ocrx_word' id='word_1_27' title='bbox 1099 364 1141 393; x_wconf 90' lang='lat' dir='ltr'>ut</span> <span class='ocrx_word' id='word_1_28' title='bbox 1163 356 1271 394; x_wconf 90' lang='lat' dir='ltr'>nulla</span> <span class='ocrx_word' id='word_1_29' title='bbox 1291 369 1381 407; x_wconf 87' lang='lat' dir='ltr'>spes</span> <span class='ocrx_word' id='word_1_30' title='bbox 1399 355 1494 406; x_wconf 83' lang='lat' dir='ltr'>ipsis</span> <span class='ocrx_word' id='word_1_31' title='bbox 1514 367 1693 407; x_wconf 84' lang='lat' dir='ltr'>superes-</span> 
     </span>
     <span class='ocr_line' id='line_1_5' title="bbox 233 416 1691 466; baseline 0.001 -12"><span class='ocrx_word' id='word_1_32' title='bbox 233 425 294 454; x_wconf 86' lang='lat' dir='ltr'>set</span> <span class='ocrx_word' id='word_1_33' title='bbox 311 418 516 454; x_wconf 86' lang='lat' dir='ltr'>evadendi.</span> <span class='ocrx_word' id='word_1_34' title='bbox 573 418 677 459; x_wconf 84' lang='lat' dir='ltr'><strong>Quid</strong></span> <span class='ocrx_word' id='word_1_35' title='bbox 698 430 790 466; x_wconf 86' lang='lat' dir='ltr'>ergo</span> <span class='ocrx_word' id='word_1_36' title='bbox 811 417 1015 466; x_wconf 86' lang='lat' dir='ltr'>designant</span> <span class='ocrx_word' id='word_1_37' title='bbox 1034 418 1070 454; x_wconf 87' lang='lat' dir='ltr'>in</span> <span class='ocrx_word' id='word_1_38' title='bbox 1092 424 1199 455; x_wconf 88' lang='lat' dir='ltr'>tanto</span> <span class='ocrx_word' id='word_1_39' title='bbox 1220 416 1465 455; x_wconf 73' lang='lat' dir='ltr'>discrimine?</span> <span class='ocrx_word' id='word_1_40' title='bbox 1525 416 1691 455; x_wconf 83' lang='lat' dir='ltr'>Persua-</span> 
     </span>
     <span class='ocr_line' id='line_1_6' title="bbox 232 477 1693 528; baseline -0.001 -12"><span class='ocrx_word' id='word_1_41' title='bbox 232 478 327 516; x_wconf 82' lang='lat' dir='ltr'>dent</span> <span class='ocrx_word' id='word_1_42' title='bbox 346 478 404 515; x_wconf 89' lang='lat' dir='ltr'>his</span> <span class='ocrx_word' id='word_1_43' title='bbox 422 478 647 528; x_wconf 80' lang='lat' dir='ltr'>[Philocrati</span> <span class='ocrx_word' id='word_1_44' title='bbox 667 490 756 515; x_wconf 88' lang='lat' dir='ltr'>cum</span> <span class='ocrx_word' id='word_1_45' title='bbox 775 477 1043 527; x_wconf 76' lang='lat' dir='ltr'>consortibus]</span> <span class='ocrx_word' id='word_1_46' title='bbox 1066 485 1109 515; x_wconf 92' lang='lat' dir='ltr'>ut</span> <span class='ocrx_word' id='word_1_47' title='bbox 1129 491 1270 516; x_wconf 85' lang='lat' dir='ltr'>nornen</span> <span class='ocrx_word' id='word_1_48' title='bbox 1286 490 1411 515; x_wconf 88' lang='lat' dir='ltr'>meum</span> <span class='ocrx_word' id='word_1_49' title='bbox 1427 477 1477 515; x_wconf 90' lang='lat' dir='ltr'>ad</span> <span class='ocrx_word' id='word_1_50' title='bbox 1491 477 1693 528; x_wconf 81' lang='lat' dir='ltr'>magistra·</span> 
     </span>
     <span class='ocr_line' id='line_1_7' title="bbox 233 537 1693 588; baseline -0.002 -11"><span class='ocrx_word' id='word_1_51' title='bbox 233 547 310 584; x_wconf 83' lang='lat' dir='ltr'>tus,</span> <span class='ocrx_word' id='word_1_52' title='bbox 342 539 447 576; x_wconf 91' lang='lat' dir='ltr'>velut</span> <span class='ocrx_word' id='word_1_53' title='bbox 483 537 699 582; x_wconf 81' lang='lat' dir='ltr'>homicidae,</span> <span class='ocrx_word' id='word_1_54' title='bbox 733 537 938 583; x_wconf 84' lang='lat' dir='ltr'>deferrent,</span> <span class='ocrx_word' id='word_1_55' title='bbox 968 537 1211 588; x_wconf 86' lang='lat' dir='ltr'>publicisque</span> <span class='ocrx_word' id='word_1_56' title='bbox 1242 539 1280 575; x_wconf 92' lang='lat' dir='ltr'>in</span> <span class='ocrx_word' id='word_1_57' title='bbox 1310 538 1449 576; x_wconf 89' lang='lat' dir='ltr'>tabulis</span> <span class='ocrx_word' id='word_1_58' title='bbox 1477 538 1553 576; x_wconf 89' lang='lat' dir='ltr'>hoc</span> <span class='ocrx_word' id='word_1_59' title='bbox 1581 537 1693 576; x_wconf 85' lang='lat' dir='ltr'>titulo</span> 
     </span>
     <span class='ocr_line' id='line_1_8' title="bbox 231 599 1693 648; baseline 0.001 -10"><span class='ocrx_word' id='word_1_60' title='bbox 231 600 496 638; x_wconf 83' lang='lat' dir='ltr'>annotandum</span> <span class='ocrx_word' id='word_1_61' title='bbox 516 606 708 645; x_wconf 87' lang='lat' dir='ltr'>curarent,</span> <span class='ocrx_word' id='word_1_62' title='bbox 737 599 904 648; x_wconf 85' lang='lat' dir='ltr'>mihique</span> <span class='ocrx_word' id='word_1_63' title='bbox 933 599 1207 637; x_wconf 78' lang='lat' dir='ltr'>denuntiarent</span> <span class='ocrx_word' id='word_1_64' title='bbox 1223 607 1266 637; x_wconf 92' lang='lat' dir='ltr'>ut</span> <span class='ocrx_word' id='word_1_65' title='bbox 1286 599 1380 637; x_wconf 92' lang='lat' dir='ltr'>locis</span> <span class='ocrx_word' id='word_1_66' title='bbox 1400 599 1524 637; x_wconf 82' lang='lat' dir='ltr'>vetitis</span> <span class='ocrx_word' id='word_1_67' title='bbox 1542 611 1606 636; x_wconf 82' lang='lat' dir='ltr'>me</span> <span class='ocrx_word' id='word_1_68' title='bbox 1625 601 1693 639; x_wconf 83' lang='lat' dir='ltr'>ab·</span> 
     </span>
     <span class='ocr_line' id='line_1_9' title="bbox 230 660 1692 711; baseline -0.001 -11"><span class='ocrx_word' id='word_1_69' title='bbox 230 662 410 700; x_wconf 80' lang='lat' dir='ltr'>stinerem</span> <span class='ocrx_word' id='word_1_70' title='bbox 425 675 435 698; x_wconf 79' lang='lat'>2</span> <span class='ocrx_word' id='word_1_71' title='bbox 466 661 566 698; x_wconf 87' lang='lat' dir='ltr'>hanc</span> <span class='ocrx_word' id='word_1_72' title='bbox 584 673 702 698; x_wconf 86' lang='lat' dir='ltr'>unam</span> <span class='ocrx_word' id='word_1_73' title='bbox 723 661 931 710; x_wconf 80' lang='lat' dir='ltr'>sperabant</span> <span class='ocrx_word' id='word_1_74' title='bbox 945 661 1015 698; x_wconf 89' lang='lat' dir='ltr'>sibi</span> <span class='ocrx_word' id='word_1_75' title='bbox 1030 667 1163 711; x_wconf 85' lang='lat' dir='ltr'>patere</span> <span class='ocrx_word' id='word_1_76' title='bbox 1177 661 1315 698; x_wconf 87' lang='lat' dir='ltr'>salutis</span> <span class='ocrx_word' id='word_1_77' title='bbox 1330 662 1445 707; x_wconf 87' lang='lat' dir='ltr'>viam,</span> <span class='ocrx_word' id='word_1_78' title='bbox 1459 660 1561 699; x_wconf 89' lang='lat' dir='ltr'>hanc</span> <span class='ocrx_word' id='word_1_79' title='bbox 1575 672 1692 698; x_wconf 85' lang='lat' dir='ltr'>unam</span> 
     </span>
     <span class='ocr_line' id='line_1_10' title="bbox 230 721 1693 772; baseline 0 -12"><span class='ocrx_word' id='word_1_80' title='bbox 230 723 334 772; x_wconf 83' lang='lat' dir='ltr'>fugae</span> <span class='ocrx_word' id='word_1_81' title='bbox 353 734 401 760; x_wconf 84' lang='lat' dir='ltr'>ex</span> <span class='ocrx_word' id='word_1_82' title='bbox 426 722 603 759; x_wconf 82' lang='lat' dir='ltr'>universo</span> <span class='ocrx_word' id='word_1_83' title='bbox 628 722 702 759; x_wconf 92' lang='lat' dir='ltr'>isto</span> <span class='ocrx_word' id='word_1_84' title='bbox 723 728 831 760; x_wconf 90' lang='lat' dir='ltr'>tanto</span> <span class='ocrx_word' id='word_1_85' title='bbox 851 721 1085 759; x_wconf 86' lang='lat' dir='ltr'>discrimine.</span> <span class='ocrx_word' id='word_1_86' title='bbox 1142 721 1219 759; x_wconf 87' lang='lat' dir='ltr'>Lex</span> <span class='ocrx_word' id='word_1_87' title='bbox 1240 722 1341 759; x_wconf 89' lang='lat' dir='ltr'>enim</span> <span class='ocrx_word' id='word_1_88' title='bbox 1370 722 1427 759; x_wconf 85' lang='lat' dir='ltr'>sic</span> <span class='ocrx_word' id='word_1_89' title='bbox 1458 721 1598 760; x_wconf 84' lang='lat' dir='ltr'>edicit:</span> <span class='ocrx_word' id='word_1_90' title='bbox 1626 721 1693 760; x_wconf 88' lang='lat' dir='ltr'>ubi</span> 
     </span>
     <span class='ocr_line' id='line_1_11' title="bbox 232 782 1694 833; baseline 0 -13"><span class='ocrx_word' id='word_1_91' title='bbox 232 796 372 821; x_wconf 89' lang='lat' dir='ltr'>nomen</span> <span class='ocrx_word' id='word_1_92' title='bbox 393 783 553 833; x_wconf 83' lang='lat' dir='ltr'>alicujus</span> <span class='ocrx_word' id='word_1_93' title='bbox 572 782 608 819; x_wconf 92' lang='lat' dir='ltr'>in</span> <span class='ocrx_word' id='word_1_94' title='bbox 632 782 774 820; x_wconf 87' lang='lat' dir='ltr'>tabulis</span> <span class='ocrx_word' id='word_1_95' title='bbox 799 782 1055 833; x_wconf 87' lang='lat' dir='ltr'>proscriptum</span> <span class='ocrx_word' id='word_1_96' title='bbox 1077 783 1096 820; x_wconf 87' lang='lat' dir='ltr'>s</span> <span class='ocrx_word' id='word_1_97' title='bbox 1097 783 1207 827; x_wconf 83' lang='lat' dir='ltr'>uerit,</span> <span class='ocrx_word' id='word_1_98' title='bbox 1235 783 1340 821; x_wconf 87' lang='lat' dir='ltr'>velut</span> <span class='ocrx_word' id='word_1_99' title='bbox 1356 782 1574 829; x_wconf 85' lang='lat' dir='ltr'>homicidae,</span> <span class='ocrx_word' id='word_1_100' title='bbox 1590 789 1634 820; x_wconf 91' lang='lat' dir='ltr'>ut</span> <span class='ocrx_word' id='word_1_101' title='bbox 1661 782 1694 820; x_wconf 89' lang='lat' dir='ltr'>is</span> 
     </span>
     <span class='ocr_line' id='line_1_12' title="bbox 229 843 1695 895; baseline -0.002 -11"><span class='ocrx_word' id='word_1_102' title='bbox 229 859 277 884; x_wconf 87' lang='lat' dir='ltr'>ex</span> <span class='ocrx_word' id='word_1_103' title='bbox 308 858 356 884; x_wconf 91' lang='lat' dir='ltr'>eo</span> <span class='ocrx_word' id='word_1_104' title='bbox 384 845 475 883; x_wconf 87' lang='lat' dir='ltr'>inde</span> <span class='ocrx_word' id='word_1_105' title='bbox 506 844 687 895; x_wconf 85' lang='lat' dir='ltr'>temporis</span> <span class='ocrx_word' id='word_1_106' title='bbox 706 852 902 882; x_wconf 88' lang='lat' dir='ltr'>momento</span> <span class='ocrx_word' id='word_1_107' title='bbox 934 844 1022 881; x_wconf 90' lang='lat' dir='ltr'>loca</span> <span class='ocrx_word' id='word_1_108' title='bbox 1055 844 1174 881; x_wconf 88' lang='lat' dir='ltr'>vetita</span> <span class='ocrx_word' id='word_1_109' title='bbox 1209 844 1367 882; x_wconf 88' lang='lat' dir='ltr'>devitet.</span> <span class='ocrx_word' id='word_1_110' title='bbox 1424 843 1625 881; x_wconf 83' lang='lat' dir='ltr'>Exclusus</span> <span class='ocrx_word' id='word_1_111' title='bbox 1644 843 1695 881; x_wconf 89' lang='lat' dir='ltr'>ad</span> 
     </span>
     <span class='ocr_line' id='line_1_13' title="bbox 230 904 1694 957; baseline -0.001 -13"><span class='ocrx_word' id='word_1_112' title='bbox 230 907 333 946; x_wconf 86' lang='lat' dir='ltr'>hunc</span> <span class='ocrx_word' id='word_1_113' title='bbox 347 906 504 945; x_wconf 91' lang='lat' dir='ltr'>modum</span> <span class='ocrx_word' id='word_1_114' title='bbox 523 919 597 957; x_wconf 87' lang='lat' dir='ltr'>ego</span> <span class='ocrx_word' id='word_1_115' title='bbox 617 906 712 943; x_wconf 89' lang='lat' dir='ltr'>locis</span> <span class='ocrx_word' id='word_1_116' title='bbox 732 905 872 950; x_wconf 88' lang='lat' dir='ltr'>vetitis,</span> <span class='ocrx_word' id='word_1_117' title='bbox 893 906 931 942; x_wconf 91' lang='lat' dir='ltr'>in</span> <span class='ocrx_word' id='word_1_118' title='bbox 951 906 1091 955; x_wconf 93' lang='lat' dir='ltr'>quibus</span> <span class='ocrx_word' id='word_1_119' title='bbox 1125 905 1182 943; x_wconf 90' lang='lat' dir='ltr'>vel</span> <span class='ocrx_word' id='word_1_120' title='bbox 1210 907 1448 957; x_wconf 74' lang='lat' dir='ltr'>praecipuum</span> <span class='ocrx_word' id='word_1_121' title='bbox 1472 904 1599 942; x_wconf 84' lang='lat' dir='ltr'>forum</span> <span class='ocrx_word' id='word_1_122' title='bbox 1618 912 1694 950; x_wconf 85' lang='lat' dir='ltr'>est,</span> 
     </span>
     <span class='ocr_line' id='line_1_14' title="bbox 229 966 1693 1019; baseline -0.003 -13"><span class='ocrx_word' id='word_1_123' title='bbox 229 980 308 1006; x_wconf 87' lang='lat' dir='ltr'>non</span> <span class='ocrx_word' id='word_1_124' title='bbox 323 976 509 1019; x_wconf 87' lang='lat' dir='ltr'>poteram,</span> <span class='ocrx_word' id='word_1_125' title='bbox 529 974 572 1005; x_wconf 86' lang='lat' dir='ltr'>ut</span> <span class='ocrx_word' id='word_1_126' title='bbox 592 967 647 1004; x_wconf 89' lang='lat' dir='ltr'>illi</span> <span class='ocrx_word' id='word_1_127' title='bbox 665 967 821 1018; x_wconf 89' lang='lat' dir='ltr'>quidem</span> <span class='ocrx_word' id='word_1_128' title='bbox 851 968 1121 1017; x_wconf 83' lang='lat' dir='ltr'>opinabantur,</span> <span class='ocrx_word' id='word_1_129' title='bbox 1149 974 1319 1018; x_wconf 90' lang='lat' dir='ltr'>coeptam</span> <span class='ocrx_word' id='word_1_130' title='bbox 1350 966 1391 1004; x_wconf 89' lang='lat' dir='ltr'>in</span> <span class='ocrx_word' id='word_1_131' title='bbox 1425 980 1467 1005; x_wconf 88' lang='lat' dir='ltr'>se</span> <span class='ocrx_word' id='word_1_132' title='bbox 1498 966 1693 1004; x_wconf 86' lang='lat' dir='ltr'>actionem</span> 
     </span>
     <span class='ocr_line' id='line_1_15' title="bbox 228 1027 1694 1081; baseline -0.001 -15"><span class='ocrx_word' id='word_1_133' title='bbox 228 1029 431 1081; x_wconf 85' lang='lat' dir='ltr'>prosequi:</span> <span class='ocrx_word' id='word_1_134' title='bbox 459 1028 600 1079; x_wconf 89' lang='lat' dir='ltr'>quodsi</span> <span class='ocrx_word' id='word_1_135' title='bbox 626 1041 718 1078; x_wconf 88' lang='lat' dir='ltr'>ergo</span> <span class='ocrx_word' id='word_1_136' title='bbox 739 1028 831 1065; x_wconf 87' lang='lat' dir='ltr'>mihi</span> <span class='ocrx_word' id='word_1_137' title='bbox 851 1028 1063 1066; x_wconf 89' lang='lat' dir='ltr'>necessitas</span> <span class='ocrx_word' id='word_1_138' title='bbox 1083 1028 1265 1079; x_wconf 89' lang='lat' dir='ltr'>imposita</span> <span class='ocrx_word' id='word_1_139' title='bbox 1282 1027 1420 1066; x_wconf 89' lang='lat' dir='ltr'>fuisset</span> <span class='ocrx_word' id='word_1_140' title='bbox 1446 1027 1553 1066; x_wconf 90' lang='lat' dir='ltr'>illam</span> <span class='ocrx_word' id='word_1_141' title='bbox 1573 1027 1694 1065; x_wconf 89' lang='lat' dir='ltr'>actio-</span> 
     </span>
     <span class='ocr_line' id='line_1_16' title="bbox 229 1088 1694 1140; baseline -0.002 -11"><span class='ocrx_word' id='word_1_142' title='bbox 229 1103 320 1129; x_wconf 88' lang='lat' dir='ltr'>nem</span> <span class='ocrx_word' id='word_1_143' title='bbox 338 1089 554 1135; x_wconf 88' lang='lat' dir='ltr'>omittendi,</span> <span class='ocrx_word' id='word_1_144' title='bbox 571 1089 637 1140; x_wconf 86' lang='lat' dir='ltr'>qui</span> <span class='ocrx_word' id='word_1_145' title='bbox 658 1089 764 1126; x_wconf 89' lang='lat' dir='ltr'>solus</span> <span class='ocrx_word' id='word_1_146' title='bbox 784 1095 825 1126; x_wconf 91' lang='lat' dir='ltr'>et</span> <span class='ocrx_word' id='word_1_147' title='bbox 838 1095 1009 1127; x_wconf 88' lang='lat' dir='ltr'>tenerem</span> <span class='ocrx_word' id='word_1_148' title='bbox 1030 1102 1160 1126; x_wconf 87' lang='lat' dir='ltr'>eorum</span> <span class='ocrx_word' id='word_1_149' title='bbox 1180 1089 1283 1126; x_wconf 80' lang='lat' dir='ltr'>furta</span> <span class='ocrx_word' id='word_1_150' title='bbox 1301 1096 1338 1126; x_wconf 87' lang='lat' dir='ltr'>et</span> <span class='ocrx_word' id='word_1_151' title='bbox 1357 1089 1507 1127; x_wconf 86' lang='lat' dir='ltr'>senatui</span> <span class='ocrx_word' id='word_1_152' title='bbox 1526 1088 1694 1127; x_wconf 83' lang='lat' dir='ltr'>indicas-</span> 
     </span>
     <span class='ocr_line' id='line_1_17' title="bbox 228 1149 1694 1202; baseline -0.001 -12"><span class='ocrx_word' id='word_1_153' title='bbox 228 1165 325 1198; x_wconf 89' lang='lat' dir='ltr'>sem,</span> <span class='ocrx_word' id='word_1_154' title='bbox 342 1151 458 1190; x_wconf 87' lang='lat' dir='ltr'>facile</span> <span class='ocrx_word' id='word_1_155' title='bbox 473 1150 564 1201; x_wconf 89' lang='lat' dir='ltr'>ipsis</span> <span class='ocrx_word' id='word_1_156' title='bbox 585 1149 690 1188; x_wconf 85' lang='lat' dir='ltr'>factu</span> <span class='ocrx_word' id='word_1_157' title='bbox 710 1150 923 1196; x_wconf 85' lang='lat' dir='ltr'>videbatur,</span> <span class='ocrx_word' id='word_1_158' title='bbox 941 1158 984 1188; x_wconf 90' lang='lat' dir='ltr'>ut</span> <span class='ocrx_word' id='word_1_159' title='bbox 1002 1150 1314 1201; x_wconf 84' lang='lat' dir='ltr'>defensionisque</span> <span class='ocrx_word' id='word_1_160' title='bbox 1331 1151 1546 1202; x_wconf 88' lang='lat' dir='ltr'>pericnlum</span> <span class='ocrx_word' id='word_1_161' title='bbox 1561 1162 1694 1201; x_wconf 82' lang='lat' dir='ltr'>poena-</span> 
     </span>
     <span class='ocr_line' id='line_1_18' title="bbox 228 1211 1695 1264; baseline -0.001 -14"><span class='ocrx_word' id='word_1_162' title='bbox 228 1226 390 1264; x_wconf 89' lang='lat' dir='ltr'>rumque</span> <span class='ocrx_word' id='word_1_163' title='bbox 427 1212 642 1250; x_wconf 89' lang='lat' dir='ltr'>dandarum</span> <span class='ocrx_word' id='word_1_164' title='bbox 680 1212 928 1250; x_wconf 86' lang='lat' dir='ltr'>acerbitatem</span> <span class='ocrx_word' id='word_1_165' title='bbox 969 1212 1198 1263; x_wconf 83' lang='lat' dir='ltr'>effugerent.</span> <span class='ocrx_word' id='word_1_166' title='bbox 1273 1211 1364 1249; x_wconf 92' lang='lat' dir='ltr'>Non</span> <span class='ocrx_word' id='word_1_167' title='bbox 1403 1211 1443 1249; x_wconf 90' lang='lat' dir='ltr'>in</span> <span class='ocrx_word' id='word_1_168' title='bbox 1479 1223 1541 1249; x_wconf 89' lang='lat' dir='ltr'>me</span> <span class='ocrx_word' id='word_1_169' title='bbox 1571 1212 1695 1263; x_wconf 86' lang='lat' dir='ltr'>primo</span> 
     </span>
     <span class='ocr_line' id='line_1_19' title="bbox 229 1272 1695 1323; baseline -0.001 -12"><span class='ocrx_word' id='word_1_170' title='bbox 229 1274 406 1311; x_wconf 90' lang='lat' dir='ltr'>Philinus</span> <span class='ocrx_word' id='word_1_171' title='bbox 426 1274 630 1323; x_wconf 84' lang='lat' dir='ltr'>caeterique</span> <span class='ocrx_word' id='word_1_172' title='bbox 656 1273 831 1310; x_wconf 87' lang='lat' dir='ltr'>fraudem</span> <span class='ocrx_word' id='word_1_173' title='bbox 860 1273 960 1310; x_wconf 90' lang='lat' dir='ltr'>hanc</span> <span class='ocrx_word' id='word_1_174' title='bbox 984 1272 1193 1310; x_wconf 85' lang='lat' dir='ltr'>machinati</span> <span class='ocrx_word' id='word_1_175' title='bbox 1224 1279 1326 1318; x_wconf 88' lang='lat' dir='ltr'>sunt,</span> <span class='ocrx_word' id='word_1_176' title='bbox 1351 1273 1422 1310; x_wconf 91' lang='lat' dir='ltr'>sed</span> <span class='ocrx_word' id='word_1_177' title='bbox 1445 1272 1527 1323; x_wconf 88' lang='lat' dir='ltr'>jam</span> <span class='ocrx_word' id='word_1_178' title='bbox 1546 1272 1695 1310; x_wconf 90' lang='lat' dir='ltr'>dudum</span> 
     </span>
     <span class='ocr_line' id='line_1_20' title="bbox 229 1332 1695 1386; baseline -0.001 -14"><span class='ocrx_word' id='word_1_179' title='bbox 229 1342 318 1372; x_wconf 88' lang='lat' dir='ltr'>ante</span> <span class='ocrx_word' id='word_1_180' title='bbox 352 1335 390 1372; x_wconf 94' lang='lat' dir='ltr'>in</span> <span class='ocrx_word' id='word_1_181' title='bbox 425 1335 636 1386; x_wconf 85' lang='lat' dir='ltr'>Lysistrato</span> <span class='ocrx_word' id='word_1_182' title='bbox 674 1334 850 1377; x_wconf 77' lang='lat' dir='ltr'>fuerant3</span> <span class='ocrx_word' id='word_1_183' title='bbox 881 1346 958 1383; x_wconf 91' lang='lat' dir='ltr'>qua</span> <span class='ocrx_word' id='word_1_184' title='bbox 996 1333 1044 1370; x_wconf 89' lang='lat' dir='ltr'>de</span> <span class='ocrx_word' id='word_1_185' title='bbox 1080 1346 1118 1371; x_wconf 87' lang='lat' dir='ltr'>re</span> <span class='ocrx_word' id='word_1_186' title='bbox 1155 1341 1306 1371; x_wconf 90' lang='lat' dir='ltr'>vosmet</span> <span class='ocrx_word' id='word_1_187' title='bbox 1335 1333 1408 1384; x_wconf 90' lang='lat' dir='ltr'>ipsi</span> <span class='ocrx_word' id='word_1_188' title='bbox 1436 1332 1695 1371; x_wconf 84' lang='lat' dir='ltr'>inaudivistis.</span> 
     </span>
     <span class='ocr_line' id='line_1_21' title="bbox 230 1393 1695 1447; baseline -0.001 -14"><span class='ocrx_word' id='word_1_189' title='bbox 230 1395 404 1447; x_wconf 86' lang='lat' dir='ltr'>Prompti</span> <span class='ocrx_word' id='word_1_190' title='bbox 435 1396 636 1446; x_wconf 89' lang='lat' dir='ltr'>paratique</span> <span class='ocrx_word' id='word_1_191' title='bbox 667 1394 905 1432; x_wconf 89' lang='lat' dir='ltr'>Philocrates</span> <span class='ocrx_word' id='word_1_192' title='bbox 943 1407 1031 1432; x_wconf 91' lang='lat' dir='ltr'>cum</span> <span class='ocrx_word' id='word_1_193' title='bbox 1065 1395 1307 1432; x_wconf 79' lang='lat' dir='ltr'>consortibus</span> <span class='ocrx_word' id='word_1_194' title='bbox 1335 1394 1425 1431; x_wconf 90' lang='lat' dir='ltr'>huic</span> <span class='ocrx_word' id='word_1_195' title='bbox 1457 1393 1695 1445; x_wconf 83' lang='lat' dir='ltr'>instigationi</span> 
     </span>
     <span class='ocr_line' id='line_1_22' title="bbox 230 1455 1693 1506; baseline -0.001 -12"><span class='ocrx_word' id='word_1_196' title='bbox 230 1457 513 1501; x_wconf 84' lang='lat' dir='ltr'>obsecundare,</span> <span class='ocrx_word' id='word_1_197' title='bbox 534 1456 666 1493; x_wconf 85' lang='lat' dir='ltr'>statim</span> <span class='ocrx_word' id='word_1_198' title='bbox 688 1455 810 1492; x_wconf 84' lang='lat' dir='ltr'>altero</span> <span class='ocrx_word' id='word_1_199' title='bbox 831 1455 893 1493; x_wconf 92' lang='lat' dir='ltr'>die</span> <span class='ocrx_word' id='word_1_200' title='bbox 922 1462 1012 1506; x_wconf 84' lang='lat' dir='ltr'>post</span> <span class='ocrx_word' id='word_1_201' title='bbox 1038 1456 1154 1493; x_wconf 87' lang='lat' dir='ltr'>funus</span> <span class='ocrx_word' id='word_1_202' title='bbox 1180 1456 1300 1506; x_wconf 91' lang='lat' dir='ltr'>pueri,</span> <span class='ocrx_word' id='word_1_203' title='bbox 1319 1455 1425 1506; x_wconf 89' lang='lat' dir='ltr'>prius</span> <span class='ocrx_word' id='word_1_204' title='bbox 1442 1455 1556 1500; x_wconf 86' lang='lat' dir='ltr'>adeo,</span> <span class='ocrx_word' id='word_1_205' title='bbox 1575 1468 1693 1505; x_wconf 83' lang='lat' dir='ltr'>quam</span> 
     </span>
     <span class='ocr_line' id='line_1_23' title="bbox 228 1516 1692 1567; baseline 0.001 -13"><span class='ocrx_word' id='word_1_206' title='bbox 228 1516 365 1554; x_wconf 87' lang='lat' dir='ltr'>domus</span> <span class='ocrx_word' id='word_1_207' title='bbox 383 1517 546 1554; x_wconf 89' lang='lat' dir='ltr'>lustrata</span> <span class='ocrx_word' id='word_1_208' title='bbox 565 1516 724 1567; x_wconf 86' lang='lat' dir='ltr'>etjusta</span> <span class='ocrx_word' id='word_1_209' title='bbox 750 1516 855 1554; x_wconf 85' lang='lat' dir='ltr'>facta</span> <span class='ocrx_word' id='word_1_210' title='bbox 887 1523 1030 1562; x_wconf 87' lang='lat' dir='ltr'>essent,</span> <span class='ocrx_word' id='word_1_211' title='bbox 1061 1530 1188 1554; x_wconf 91' lang='lat' dir='ltr'>meum</span> <span class='ocrx_word' id='word_1_212' title='bbox 1217 1529 1374 1563; x_wconf 88' lang='lat' dir='ltr'>nomen,</span> <span class='ocrx_word' id='word_1_213' title='bbox 1407 1523 1452 1554; x_wconf 92' lang='lat' dir='ltr'>ut</span> <span class='ocrx_word' id='word_1_214' title='bbox 1476 1516 1692 1564; x_wconf 79' lang='lat' dir='ltr'>homicidae,</span> 
     </span>
     <span class='ocr_line' id='line_1_24' title="bbox 228 1577 1694 1629; baseline 0 -13"><span class='ocrx_word' id='word_1_215' title='bbox 228 1577 411 1616; x_wconf 86' lang='lat' dir='ltr'>deferunt</span> <span class='ocrx_word' id='word_1_216' title='bbox 431 1578 481 1616; x_wconf 91' lang='lat' dir='ltr'>ad</span> <span class='ocrx_word' id='word_1_217' title='bbox 503 1578 786 1628; x_wconf 88' lang='lat' dir='ltr'>magistratum,</span> <span class='ocrx_word' id='word_1_218' title='bbox 807 1578 1049 1628; x_wconf 88' lang='lat' dir='ltr'>publicisque</span> <span class='ocrx_word' id='word_1_219' title='bbox 1077 1578 1115 1615; x_wconf 91' lang='lat' dir='ltr'>in</span> <span class='ocrx_word' id='word_1_220' title='bbox 1136 1578 1276 1615; x_wconf 90' lang='lat' dir='ltr'>tabulis</span> <span class='ocrx_word' id='word_1_221' title='bbox 1293 1584 1434 1615; x_wconf 86' lang='lat' dir='ltr'>curant</span> <span class='ocrx_word' id='word_1_222' title='bbox 1450 1578 1694 1629; x_wconf 86' lang='lat' dir='ltr'>proscriben-</span> 
     </span>
     <span class='ocr_line' id='line_1_25' title="bbox 228 1639 1696 1690; baseline 0.001 -12"><span class='ocrx_word' id='word_1_223' title='bbox 228 1639 336 1686; x_wconf 89' lang='lat' dir='ltr'>dum,</span> <span class='ocrx_word' id='word_1_224' title='bbox 354 1647 481 1678; x_wconf 80' lang='lat' dir='ltr'>astute</span> <span class='ocrx_word' id='word_1_225' title='bbox 495 1639 778 1689; x_wconf 85' lang='lat' dir='ltr'>diligenterque</span> <span class='ocrx_word' id='word_1_226' title='bbox 799 1640 1002 1677; x_wconf 86' lang='lat' dir='ltr'>observata</span> <span class='ocrx_word' id='word_1_227' title='bbox 1022 1639 1088 1676; x_wconf 87' lang='lat' dir='ltr'>illa</span> <span class='ocrx_word' id='word_1_228' title='bbox 1102 1639 1185 1690; x_wconf 86' lang='lat' dir='ltr'>ipsa</span> <span class='ocrx_word' id='word_1_229' title='bbox 1199 1639 1279 1683; x_wconf 83' lang='lat' dir='ltr'>die,</span> <span class='ocrx_word' id='word_1_230' title='bbox 1300 1652 1376 1689; x_wconf 89' lang='lat' dir='ltr'>qua</span> <span class='ocrx_word' id='word_1_231' title='bbox 1393 1639 1494 1677; x_wconf 89' lang='lat' dir='ltr'>actio</span> <span class='ocrx_word' id='word_1_232' title='bbox 1510 1640 1696 1679; x_wconf 89' lang='lat' dir='ltr'>adversus</span> 
     </span>
     <span class='ocr_line' id='line_1_26' title="bbox 229 1700 1697 1752; baseline 0 -13"><span class='ocrx_word' id='word_1_233' title='bbox 229 1702 440 1752; x_wconf 87' lang='lat' dir='ltr'>principem</span> <span class='ocrx_word' id='word_1_234' title='bbox 460 1702 588 1738; x_wconf 81' lang='lat' dir='ltr'>furum</span> <span class='ocrx_word' id='word_1_235' title='bbox 607 1700 816 1745; x_wconf 89' lang='lat' dir='ltr'>Philinum,</span> <span class='ocrx_word' id='word_1_236' title='bbox 831 1713 853 1737; x_wconf 87' lang='lat' dir='ltr'>a</span> <span class='ocrx_word' id='word_1_237' title='bbox 872 1700 1097 1751; x_wconf 87' lang='lat' dir='ltr'>quojudicii</span> <span class='ocrx_word' id='word_1_238' title='bbox 1113 1701 1343 1751; x_wconf 87' lang='lat' dir='ltr'>principium</span> <span class='ocrx_word' id='word_1_239' title='bbox 1364 1707 1446 1739; x_wconf 89' lang='lat' dir='ltr'>erat</span> <span class='ocrx_word' id='word_1_240' title='bbox 1459 1701 1697 1746; x_wconf 84' lang='lat' dir='ltr'>faciendum,</span> 
     </span>
     <span class='ocr_line' id='line_1_27' title="bbox 232 1761 1696 1814; baseline 0 -13"><span class='ocrx_word' id='word_1_241' title='bbox 232 1777 254 1802; x_wconf 91' lang='lat' dir='ltr'>a</span> <span class='ocrx_word' id='word_1_242' title='bbox 274 1776 337 1801; x_wconf 87' lang='lat' dir='ltr'>me</span> <span class='ocrx_word' id='word_1_243' title='bbox 349 1763 504 1813; x_wconf 84' lang='lat' dir='ltr'>agenda</span> <span class='ocrx_word' id='word_1_244' title='bbox 525 1768 651 1805; x_wconf 89' lang='lat' dir='ltr'>esset;</span> <span class='ocrx_word' id='word_1_245' title='bbox 680 1775 757 1812; x_wconf 92' lang='lat' dir='ltr'>quo</span> <span class='ocrx_word' id='word_1_246' title='bbox 773 1776 821 1800; x_wconf 89' lang='lat' dir='ltr'>ne</span> <span class='ocrx_word' id='word_1_247' title='bbox 838 1775 935 1799; x_wconf 88' lang='lat' dir='ltr'>unus</span> <span class='ocrx_word' id='word_1_248' title='bbox 951 1761 1105 1812; x_wconf 89' lang='lat' dir='ltr'>quidem</span> <span class='ocrx_word' id='word_1_249' title='bbox 1121 1762 1294 1800; x_wconf 86' lang='lat' dir='ltr'>scelerati</span> <span class='ocrx_word' id='word_1_250' title='bbox 1308 1761 1412 1800; x_wconf 90' lang='lat' dir='ltr'>illius</span> <span class='ocrx_word' id='word_1_251' title='bbox 1430 1762 1583 1814; x_wconf 89' lang='lat' dir='ltr'>collegii</span> <span class='ocrx_word' id='word_1_252' title='bbox 1600 1775 1696 1801; x_wconf 86' lang='lat' dir='ltr'>ame</span> 
     </span>
     <span class='ocr_line' id='line_1_28' title="bbox 229 1820 1696 1877; baseline 0 -14"><span class='ocrx_word' id='word_1_253' title='bbox 229 1825 417 1877; x_wconf 87' lang='lat' dir='ltr'>postulari</span> <span class='ocrx_word' id='word_1_254' title='bbox 435 1830 568 1875; x_wconf 89' lang='lat' dir='ltr'>posset</span> <span class='ocrx_word' id='word_1_255' title='bbox 587 1831 627 1861; x_wconf 88' lang='lat' dir='ltr'>et</span> <span class='ocrx_word' id='word_1_256' title='bbox 656 1837 703 1861; x_wconf 87' lang='lat' dir='ltr'>ex</span> <span class='ocrx_word' id='word_1_257' title='bbox 730 1823 937 1862; x_wconf 89' lang='lat' dir='ltr'>involucris</span> <span class='ocrx_word' id='word_1_258' title='bbox 968 1823 1224 1873; x_wconf 86' lang='lat' dir='ltr'>improbitatis</span> <span class='ocrx_word' id='word_1_259' title='bbox 1246 1823 1392 1861; x_wconf 89' lang='lat' dir='ltr'>evolvi:</span> <span class='ocrx_word' id='word_1_260' title='bbox 1421 1837 1554 1862; x_wconf 87' lang='lat' dir='ltr'>verum</span> <span class='ocrx_word' id='word_1_261' title='bbox 1573 1820 1696 1863; x_wconf 82' lang='lat' dir='ltr'>multo</span> 
     </span>
     <span class='ocr_line' id='line_1_29' title="bbox 231 1884 1696 1936; baseline 0 -12"><span class='ocrx_word' id='word_1_262' title='bbox 231 1887 359 1925; x_wconf 86' lang='lat' dir='ltr'>secius</span> <span class='ocrx_word' id='word_1_263' title='bbox 399 1886 540 1930; x_wconf 89' lang='lat' dir='ltr'>evenit,</span> <span class='ocrx_word' id='word_1_264' title='bbox 574 1892 691 1935; x_wconf 85' lang='lat' dir='ltr'>atque</span> <span class='ocrx_word' id='word_1_265' title='bbox 721 1885 785 1922; x_wconf 86' lang='lat' dir='ltr'>isti</span> <span class='ocrx_word' id='word_1_266' title='bbox 818 1891 1089 1936; x_wconf 82' lang='lat' dir='ltr'>speraverant:</span> <span class='ocrx_word' id='word_1_267' title='bbox 1133 1884 1299 1922; x_wconf 86' lang='lat' dir='ltr'>rationes</span> <span class='ocrx_word' id='word_1_268' title='bbox 1329 1884 1421 1936; x_wconf 88' lang='lat' dir='ltr'>ipsis</span> <span class='ocrx_word' id='word_1_269' title='bbox 1454 1898 1535 1923; x_wconf 83' lang='lat' dir='ltr'>suae</span> <span class='ocrx_word' id='word_1_270' title='bbox 1563 1899 1696 1925; x_wconf 90' lang='lat' dir='ltr'>omnes</span> 
     </span>
     <span class='ocr_line' id='line_1_30' title="bbox 230 1945 1697 1998; baseline 0.001 -13"><span class='ocrx_word' id='word_1_271' title='bbox 230 1948 386 1998; x_wconf 85' lang='lat' dir='ltr'>egregie</span> <span class='ocrx_word' id='word_1_272' title='bbox 403 1947 560 1985; x_wconf 73' lang='lat' dir='ltr'>suern-nt</span> <span class='ocrx_word' id='word_1_273' title='bbox 578 1947 838 1985; x_wconf 76' lang='lat' dir='ltr'>conturbatae:</span> <span class='ocrx_word' id='word_1_274' title='bbox 869 1959 936 1983; x_wconf 84' lang='lat' dir='ltr'>rex</span> <span class='ocrx_word' id='word_1_275' title='bbox 967 1945 1069 1983; x_wconf 89' lang='lat' dir='ltr'>enim</span> <span class='ocrx_word' id='word_1_276' title='bbox 1097 1958 1294 1983; x_wconf 87' lang='lat' dir='ltr'>sacrorum</span> <span class='ocrx_word' id='word_1_277' title='bbox 1328 1959 1350 1984; x_wconf 92' lang='lat' dir='ltr'>e</span> <span class='ocrx_word' id='word_1_278' title='bbox 1379 1946 1465 1996; x_wconf 83' lang='lat' dir='ltr'>jure</span> <span class='ocrx_word' id='word_1_279' title='bbox 1498 1959 1697 1986; x_wconf 89' lang='lat' dir='ltr'>sacrorum</span> 
     </span>
     <span class='ocr_line' id='line_1_31' title="bbox 228 2007 1696 2060; baseline 0 -13"><span class='ocrx_word' id='word_1_280' title='bbox 228 2009 334 2060; x_wconf 82' lang='lat' dir='ltr'>ipsos</span> <span class='ocrx_word' id='word_1_281' title='bbox 354 2008 533 2054; x_wconf 88' lang='lat' dir='ltr'>docebat,</span> <span class='ocrx_word' id='word_1_282' title='bbox 553 2008 751 2046; x_wconf 88' lang='lat' dir='ltr'>recitanda</span> <span class='ocrx_word' id='word_1_283' title='bbox 775 2007 872 2058; x_wconf 86' lang='lat' dir='ltr'>legis</span> <span class='ocrx_word' id='word_1_284' title='bbox 901 2007 1080 2051; x_wconf 85' lang='lat' dir='ltr'>formula,</span> <span class='ocrx_word' id='word_1_285' title='bbox 1100 2007 1299 2057; x_wconf 89' lang='lat' dir='ltr'>quodnam</span> <span class='ocrx_word' id='word_1_286' title='bbox 1318 2007 1502 2059; x_wconf 86' lang='lat' dir='ltr'>temporis</span> <span class='ocrx_word' id='word_1_287' title='bbox 1529 2009 1696 2059; x_wconf 78' lang='lat' dir='ltr'>spatium</span> 
     </span>
     <span class='ocr_line' id='line_1_32' title="bbox 229 2068 1700 2119; baseline 0.001 -11"><span class='ocrx_word' id='word_1_288' title='bbox 229 2070 418 2108; x_wconf 87' lang='lat' dir='ltr'>sustinere</span> <span class='ocrx_word' id='word_1_289' title='bbox 439 2082 480 2108; x_wconf 91' lang='lat' dir='ltr'>se</span> <span class='ocrx_word' id='word_1_290' title='bbox 506 2068 633 2107; x_wconf 84' lang='lat' dir='ltr'>adhue</span> <span class='ocrx_word' id='word_1_291' title='bbox 653 2068 855 2110; x_wconf 87' lang='lat' dir='ltr'>deberent,</span> <span class='ocrx_word' id='word_1_292' title='bbox 870 2076 1081 2119; x_wconf 85' lang='lat' dir='ltr'>antequam</span> <span class='ocrx_word' id='word_1_293' title='bbox 1110 2081 1252 2106; x_wconf 84' lang='lat' dir='ltr'>nomen</span> <span class='ocrx_word' id='word_1_294' title='bbox 1274 2081 1404 2106; x_wconf 90' lang='lat' dir='ltr'>meum</span> <span class='ocrx_word' id='word_1_295' title='bbox 1425 2069 1631 2116; x_wconf 88' lang='lat' dir='ltr'>deferrent,</span> <span class='ocrx_word' id='word_1_296' title='bbox 1659 2079 1700 2110; x_wconf 86' lang='lat' dir='ltr'>et</span> 
     </span>
     <span class='ocr_line' id='line_1_33' title="bbox 233 2128 1700 2183; baseline 0.001 -14"><span class='ocrx_word' id='word_1_297' title='bbox 233 2138 418 2183; x_wconf 86' lang='lat' dir='ltr'>quotnam</span> <span class='ocrx_word' id='word_1_298' title='bbox 437 2131 654 2175; x_wconf 80' lang='lat' dir='ltr'>citationes,</span> <span class='ocrx_word' id='word_1_299' title='bbox 687 2130 842 2168; x_wconf 89' lang='lat' dir='ltr'>nomine</span> <span class='ocrx_word' id='word_1_300' title='bbox 872 2143 959 2168; x_wconf 90' lang='lat' dir='ltr'>meo</span> <span class='ocrx_word' id='word_1_301' title='bbox 985 2130 1066 2180; x_wconf 85' lang='lat' dir='ltr'>jam</span> <span class='ocrx_word' id='word_1_302' title='bbox 1103 2128 1247 2175; x_wconf 85' lang='lat' dir='ltr'>delato,</span> <span class='ocrx_word' id='word_1_303' title='bbox 1273 2130 1494 2180; x_wconf 86' lang='lat' dir='ltr'>praecedere</span> <span class='ocrx_word' id='word_1_304' title='bbox 1513 2131 1700 2171; x_wconf 85' lang='lat' dir='ltr'>deberent</span> 
     </span>
     <span class='ocr_line' id='line_1_34' title="bbox 229 2190 1702 2243; baseline 0.001 -13"><span class='ocrx_word' id='word_1_305' title='bbox 229 2194 354 2243; x_wconf 88' lang='lat' dir='ltr'>ipsam</span> <span class='ocrx_word' id='word_1_306' title='bbox 369 2192 576 2235; x_wconf 84' lang='lat' dir='ltr'>actionem,</span> <span class='ocrx_word' id='word_1_307' title='bbox 597 2197 636 2229; x_wconf 92' lang='lat' dir='ltr'>et</span> <span class='ocrx_word' id='word_1_308' title='bbox 650 2197 795 2240; x_wconf 87' lang='lat' dir='ltr'>quanta</span> <span class='ocrx_word' id='word_1_309' title='bbox 814 2198 1030 2240; x_wconf 87' lang='lat' dir='ltr'>temporum</span> <span class='ocrx_word' id='word_1_310' title='bbox 1050 2190 1258 2227; x_wconf 84' lang='lat' dir='ltr'>intervalla</span> <span class='ocrx_word' id='word_1_311' title='bbox 1276 2190 1377 2228; x_wconf 90' lang='lat' dir='ltr'>inter</span> <span class='ocrx_word' id='word_1_312' title='bbox 1394 2203 1590 2242; x_wconf 87' lang='lat' dir='ltr'>quamque</span> <span class='ocrx_word' id='word_1_313' title='bbox 1611 2193 1702 2232; x_wconf 87' lang='lat' dir='ltr'>cita-</span> 
     </span>
     <span class='ocr_line' id='line_1_35' title="bbox 230 2251 1698 2302; baseline 0.001 -11"><span class='ocrx_word' id='word_1_314' title='bbox 230 2254 374 2292; x_wconf 86' lang='lat' dir='ltr'>tionem</span> <span class='ocrx_word' id='word_1_315' title='bbox 394 2253 452 2290; x_wconf 85' lang='lat' dir='ltr'>fas</span> <span class='ocrx_word' id='word_1_316' title='bbox 470 2259 575 2290; x_wconf 88' lang='lat' dir='ltr'>esset</span> <span class='ocrx_word' id='word_1_317' title='bbox 592 2251 854 2290; x_wconf 85' lang='lat' dir='ltr'>intercedere:</span> <span class='ocrx_word' id='word_1_318' title='bbox 885 2252 941 2289; x_wconf 85' lang='lat' dir='ltr'>sic</span> <span class='ocrx_word' id='word_1_319' title='bbox 960 2251 1107 2288; x_wconf 83' lang='lat' dir='ltr'>factum</span> <span class='ocrx_word' id='word_1_320' title='bbox 1126 2257 1187 2288; x_wconf 84' lang='lat' dir='ltr'>est</span> <span class='ocrx_word' id='word_1_321' title='bbox 1215 2258 1258 2288; x_wconf 88' lang='lat' dir='ltr'>ut</span> <span class='ocrx_word' id='word_1_322' title='bbox 1287 2264 1378 2302; x_wconf 89' lang='lat' dir='ltr'>ego,</span> <span class='ocrx_word' id='word_1_323' title='bbox 1407 2265 1485 2290; x_wconf 88' lang='lat' dir='ltr'>non</span> <span class='ocrx_word' id='word_1_324' title='bbox 1513 2253 1698 2292; x_wconf 84' lang='lat' dir='ltr'>exclusus</span> 
     </span>
     <span class='ocr_line' id='line_1_36' title="bbox 231 2311 1697 2366; baseline 0 -13"><span class='ocrx_word' id='word_1_325' title='bbox 231 2315 344 2366; x_wconf 91' lang='lat' dir='ltr'>copia</span> <span class='ocrx_word' id='word_1_326' title='bbox 361 2315 464 2352; x_wconf 85' lang='lat' dir='ltr'>fures</span> <span class='ocrx_word' id='word_1_327' title='bbox 490 2313 574 2351; x_wconf 91' lang='lat' dir='ltr'>illos</span> <span class='ocrx_word' id='word_1_328' title='bbox 602 2312 649 2350; x_wconf 89' lang='lat' dir='ltr'>ad</span> <span class='ocrx_word' id='word_1_329' title='bbox 678 2312 868 2363; x_wconf 90' lang='lat' dir='ltr'>judicium</span> <span class='ocrx_word' id='word_1_330' title='bbox 900 2311 1166 2362; x_wconf 86' lang='lat' dir='ltr'>pertrahendi,</span> <span class='ocrx_word' id='word_1_331' title='bbox 1200 2325 1336 2350; x_wconf 87' lang='lat' dir='ltr'>omnes</span> <span class='ocrx_word' id='word_1_332' title='bbox 1367 2313 1697 2360; x_wconf 83' lang='lat' dir='ltr'>condemnarem;</span> 
     </span>
     <span class='ocr_line' id='line_1_37' title="bbox 231 2373 1698 2429; baseline -0.001 -14"><span class='ocrx_word' id='word_1_333' title='bbox 231 2378 370 2429; x_wconf 89' lang='lat' dir='ltr'>quibus</span> <span class='ocrx_word' id='word_1_334' title='bbox 390 2376 534 2413; x_wconf 87' lang='lat' dir='ltr'>mulcta</span> <span class='ocrx_word' id='word_1_335' title='bbox 553 2375 627 2412; x_wconf 90' lang='lat' dir='ltr'>fuit</span> <span class='ocrx_word' id='word_1_336' title='bbox 652 2375 796 2425; x_wconf 87' lang='lat' dir='ltr'>scripta</span> <span class='ocrx_word' id='word_1_337' title='bbox 813 2381 936 2419; x_wconf 83' lang='lat' dir='ltr'>tanta,</span> <span class='ocrx_word' id='word_1_338' title='bbox 965 2381 1149 2424; x_wconf 85' lang='lat' dir='ltr'>quantam</span> <span class='ocrx_word' id='word_1_339' title='bbox 1167 2373 1240 2425; x_wconf 90' lang='lat' dir='ltr'>ipsi</span> <span class='ocrx_word' id='word_1_340' title='bbox 1264 2387 1333 2412; x_wconf 88' lang='lat' dir='ltr'>vos</span> <span class='ocrx_word' id='word_1_341' title='bbox 1362 2375 1483 2426; x_wconf 90' lang='lat' dir='ltr'>probe</span> <span class='ocrx_word' id='word_1_342' title='bbox 1503 2376 1625 2414; x_wconf 88' lang='lat' dir='ltr'>nostis</span> <span class='ocrx_word' id='word_1_343' title='bbox 1653 2377 1698 2415; x_wconf 87' lang='lat' dir='ltr'>iis</span> 
     </span>
     <span class='ocr_line' id='line_1_38' title="bbox 233 2435 1698 2489; baseline 0 -13"><span class='ocrx_word' id='word_1_344' title='bbox 233 2438 417 2489; x_wconf 87' lang='lat' dir='ltr'>scriptam</span> <span class='ocrx_word' id='word_1_345' title='bbox 445 2449 552 2479; x_wconf 77' lang='lat' dir='ltr'>esse3</span> <span class='ocrx_word' id='word_1_346' title='bbox 594 2436 653 2473; x_wconf 89' lang='lat' dir='ltr'>his</span> <span class='ocrx_word' id='word_1_347' title='bbox 688 2443 816 2474; x_wconf 86' lang='lat' dir='ltr'>autem</span> <span class='ocrx_word' id='word_1_348' title='bbox 838 2435 1068 2486; x_wconf 87' lang='lat' dir='ltr'>[Philocrati</span> <span class='ocrx_word' id='word_1_349' title='bbox 1097 2448 1187 2473; x_wconf 90' lang='lat' dir='ltr'>cum</span> <span class='ocrx_word' id='word_1_350' title='bbox 1218 2436 1480 2485; x_wconf 87' lang='lat' dir='ltr'>consortibus]</span> <span class='ocrx_word' id='word_1_351' title='bbox 1512 2444 1698 2488; x_wconf 87' lang='lat' dir='ltr'>negatum</span> 
     </span>
     <span class='ocr_line' id='line_1_39' title="bbox 232 2497 1698 2548; baseline -0.001 -10"><span class='ocrx_word' id='word_1_352' title='bbox 232 2500 308 2538; x_wconf 81' lang='lat' dir='ltr'>fuit</span> <span class='ocrx_word' id='word_1_353' title='bbox 326 2499 412 2536; x_wconf 87' lang='lat' dir='ltr'>illos</span> <span class='ocrx_word' id='word_1_354' title='bbox 433 2497 601 2548; x_wconf 81' lang='lat' dir='ltr'>periculo</span> <span class='ocrx_word' id='word_1_355' title='bbox 633 2497 795 2547; x_wconf 86' lang='lat' dir='ltr'>eripere,</span> <span class='ocrx_word' id='word_1_356' title='bbox 829 2510 905 2547; x_wconf 93' lang='lat' dir='ltr'>quo</span> <span class='ocrx_word' id='word_1_357' title='bbox 936 2505 980 2534; x_wconf 92' lang='lat' dir='ltr'>ut</span> <span class='ocrx_word' id='word_1_358' title='bbox 1009 2509 1076 2534; x_wconf 93' lang='lat' dir='ltr'>eos</span> <span class='ocrx_word' id='word_1_359' title='bbox 1103 2497 1305 2548; x_wconf 88' lang='lat' dir='ltr'>eriperent,</span> <span class='ocrx_word' id='word_1_360' title='bbox 1334 2497 1514 2535; x_wconf 85' lang='lat' dir='ltr'>mercede</span> <span class='ocrx_word' id='word_1_361' title='bbox 1544 2498 1698 2537; x_wconf 86' lang='lat' dir='ltr'>illorum</span> 
     </span>
     <span class='ocr_line' id='line_1_40' title="bbox 231 2558 1696 2609; baseline -0.001 -9"><span class='ocrx_word' id='word_1_362' title='bbox 231 2559 417 2600; x_wconf 88' lang='lat' dir='ltr'>conducti</span> <span class='ocrx_word' id='word_1_363' title='bbox 435 2559 598 2597; x_wconf 89' lang='lat' dir='ltr'>fuerant.</span> <span class='ocrx_word' id='word_1_364' title='bbox 656 2558 759 2601; x_wconf 88' lang='lat' dir='ltr'>Quid</span> <span class='ocrx_word' id='word_1_365' title='bbox 789 2571 882 2608; x_wconf 85' lang='lat' dir='ltr'>ergo</span> <span class='ocrx_word' id='word_1_366' title='bbox 913 2566 993 2596; x_wconf 89' lang='lat' dir='ltr'>turn</span> <span class='ocrx_word' id='word_1_367' title='bbox 1023 2558 1255 2596; x_wconf 76' lang='lat' dir='ltr'>instituunt?</span> <span class='ocrx_word' id='word_1_368' title='bbox 1312 2559 1525 2609; x_wconf 88' lang='lat' dir='ltr'>Congressi</span> <span class='ocrx_word' id='word_1_369' title='bbox 1543 2572 1696 2599; x_wconf 83' lang='lat' dir='ltr'>mecum</span> 
     </span>
     <span class='ocr_line' id='line_1_41' title="bbox 234 2619 1699 2671; baseline 0 -11"><span class='ocrx_word' id='word_1_370' title='bbox 234 2629 273 2660; x_wconf 89' lang='lat' dir='ltr'>et</span> <span class='ocrx_word' id='word_1_371' title='bbox 291 2634 378 2659; x_wconf 91' lang='lat' dir='ltr'>cum</span> <span class='ocrx_word' id='word_1_372' title='bbox 407 2619 541 2658; x_wconf 85' lang='lat' dir='ltr'>amicis</span> <span class='ocrx_word' id='word_1_373' title='bbox 574 2619 680 2664; x_wconf 81' lang='lat' dir='ltr'>meis,</span> <span class='ocrx_word' id='word_1_374' title='bbox 712 2619 912 2668; x_wconf 88' lang='lat' dir='ltr'>rogabant,</span> <span class='ocrx_word' id='word_1_375' title='bbox 943 2627 986 2656; x_wconf 92' lang='lat' dir='ltr'>ut</span> <span class='ocrx_word' id='word_1_376' title='bbox 1013 2619 1199 2657; x_wconf 88' lang='lat' dir='ltr'>vellemus</span> <span class='ocrx_word' id='word_1_377' title='bbox 1232 2632 1319 2656; x_wconf 88' lang='lat' dir='ltr'>cum</span> <span class='ocrx_word' id='word_1_378' title='bbox 1343 2619 1434 2670; x_wconf 89' lang='lat' dir='ltr'>ipsis</span> <span class='ocrx_word' id='word_1_379' title='bbox 1467 2619 1507 2656; x_wconf 86' lang='lat' dir='ltr'>in</span> <span class='ocrx_word' id='word_1_380' title='bbox 1535 2621 1699 2671; x_wconf 86' lang='lat' dir='ltr'>gratiam</span> 
     </span>
     <span class='ocr_line' id='line_1_42' title="bbox 233 2679 1699 2734; baseline 0.001 -14"><span class='ocrx_word' id='word_1_381' title='bbox 233 2682 370 2726; x_wconf 85' lang='lat' dir='ltr'>redire,</span> <span class='ocrx_word' id='word_1_382' title='bbox 389 2681 674 2731; x_wconf 86' lang='lat' dir='ltr'>offerebantque</span> <span class='ocrx_word' id='word_1_383' title='bbox 705 2692 838 2730; x_wconf 84' lang='lat' dir='ltr'>poenas</span> <span class='ocrx_word' id='word_1_384' title='bbox 859 2679 1116 2718; x_wconf 82' lang='lat' dir='ltr'>offensionum</span> <span class='ocrx_word' id='word_1_385' title='bbox 1144 2694 1168 2718; x_wconf 90' lang='lat' dir='ltr'>a</span> <span class='ocrx_word' id='word_1_386' title='bbox 1194 2694 1235 2718; x_wconf 89' lang='lat' dir='ltr'>se</span> <span class='ocrx_word' id='word_1_387' title='bbox 1266 2679 1360 2718; x_wconf 86' lang='lat' dir='ltr'>mihi</span> <span class='ocrx_word' id='word_1_388' title='bbox 1385 2680 1548 2720; x_wconf 88' lang='lat' dir='ltr'>dandas.</span> <span class='ocrx_word' id='word_1_389' title='bbox 1599 2682 1699 2734; x_wconf 84' lang='lat' dir='ltr'>Ego,</span> 
     </span>
     <span class='ocr_line' id='line_1_43' title="bbox 237 2742 1699 2795; baseline 0 -13"><span class='ocrx_word' id='word_1_390' title='bbox 237 2757 443 2795; x_wconf 89' lang='lat' dir='ltr'>persuasus</span> <span class='ocrx_word' id='word_1_391' title='bbox 484 2745 534 2782; x_wconf 88' lang='lat' dir='ltr'>ab</span> <span class='ocrx_word' id='word_1_392' title='bbox 579 2742 725 2787; x_wconf 89' lang='lat' dir='ltr'>amicis,</span> <span class='ocrx_word' id='word_1_393' title='bbox 770 2742 1045 2780; x_wconf 75' lang='lat' dir='ltr'>reconciliabat·</span> <span class='ocrx_word' id='word_1_394' title='bbox 1073 2743 1166 2792; x_wconf 85' lang='lat' dir='ltr'>ipsis</span> <span class='ocrx_word' id='word_1_395' title='bbox 1214 2742 1252 2779; x_wconf 90' lang='lat' dir='ltr'>in</span> <span class='ocrx_word' id='word_1_396' title='bbox 1294 2754 1385 2780; x_wconf 89' lang='lat' dir='ltr'>arce</span> <span class='ocrx_word' id='word_1_397' title='bbox 1429 2742 1530 2793; x_wconf 87' lang='lat' dir='ltr'>apud</span> <span class='ocrx_word' id='word_1_398' title='bbox 1573 2744 1699 2782; x_wconf 86' lang='lat' dir='ltr'>aedem</span> 
     </span>
     <span class='ocr_line' id='line_1_44' title="bbox 239 2804 1699 2856; baseline 0.001 -14"><span class='ocrx_word' id='word_1_399' title='bbox 239 2805 438 2849; x_wconf 87' lang='lat' dir='ltr'>Minervae,</span> <span class='ocrx_word' id='word_1_400' title='bbox 462 2818 591 2843; x_wconf 87' lang='lat' dir='ltr'>coram</span> <span class='ocrx_word' id='word_1_401' title='bbox 620 2804 783 2843; x_wconf 85' lang='lat' dir='ltr'>testibus</span> <span class='ocrx_word' id='word_1_402' title='bbox 814 2804 859 2841; x_wconf 89' lang='lat' dir='ltr'>iis</span> <span class='ocrx_word' id='word_1_403' title='bbox 879 2805 942 2854; x_wconf 87' lang='lat' dir='ltr'>qui</span> <span class='ocrx_word' id='word_1_404' title='bbox 962 2804 1232 2842; x_wconf 87' lang='lat' dir='ltr'>conciliatores</span> <span class='ocrx_word' id='word_1_405' title='bbox 1254 2804 1389 2854; x_wconf 87' lang='lat' dir='ltr'>gratiae</span> <span class='ocrx_word' id='word_1_406' title='bbox 1419 2812 1553 2842; x_wconf 88' lang='lat' dir='ltr'>erant:</span> <span class='ocrx_word' id='word_1_407' title='bbox 1591 2813 1699 2856; x_wconf 82' lang='lat' dir='ltr'>post-</span> 
     </span>
     <span class='ocr_line' id='line_1_45' title="bbox 239 2862 1695 2916; baseline -0.001 -12"><span class='ocrx_word' id='word_1_408' title='bbox 239 2865 395 2904; x_wconf 85' lang='lat' dir='ltr'>modum</span> <span class='ocrx_word' id='word_1_409' title='bbox 423 2866 776 2916; x_wconf 85' lang='lat' dir='ltr'>congrediebantur</span> <span class='ocrx_word' id='word_1_410' title='bbox 810 2877 959 2903; x_wconf 85' lang='lat' dir='ltr'>mecum</span> <span class='ocrx_word' id='word_1_411' title='bbox 988 2873 1026 2902; x_wconf 86' lang='lat' dir='ltr'>et</span> <span class='ocrx_word' id='word_1_412' title='bbox 1059 2865 1251 2915; x_wconf 88' lang='lat' dir='ltr'>colloquia</span> <span class='ocrx_word' id='word_1_413' title='bbox 1281 2865 1496 2904; x_wconf 84' lang='lat' dir='ltr'>miscebant</span> <span class='ocrx_word' id='word_1_414' title='bbox 1523 2866 1562 2903; x_wconf 86' lang='lat' dir='ltr'>in</span> <span class='ocrx_word' id='word_1_415' title='bbox 1597 2862 1695 2904; x_wconf 80' lang='lat' dir='ltr'>teni—</span> 
     </span>
    </p>
   </div>
  </div>
 </body>
</html>
