1822 3219
565 121 851 160 ADVERSUS
891 120 1166 158 SIMONEM.
1524 119 1595 156 169

132 229 214 262 rata
233 237 399 276 quaeque
418 232 578 264 coactus
605 231 889 276 exsequeretur.
948 223 1122 273 Longum
1141 222 1197 266 fit,
1220 234 1308 272 quae
1328 221 1549 259 Theodotus
1572 233 1596 258 a

134 285 290 324 Simone
324 287 425 325 mala
454 285 622 338 pertulit,
645 298 846 330 enarrare3
876 285 914 322 in
936 297 995 322 me
1022 285 1149 335 ipsum
1181 290 1310 321 autem
1338 296 1425 333 quae
1459 282 1592 320 Simon

133 359 250 385 ausus
271 356 340 394 est,
361 361 407 386 ea
426 361 493 385 vos
514 348 676 384 arbitror
696 359 743 384 ex
764 360 824 383 me
845 345 974 384 audire
993 352 1185 396 oportere.
1246 344 1379 380 Simon
1400 344 1592 388 nimirum,

134 416 333 459 comperto
362 421 520 459 puerum
554 421 671 458 penes
694 421 753 445 me
783 420 879 452 esse,
900 415 1017 444 noctu
1053 419 1176 444 meam
1210 404 1249 441 in
1283 404 1438 441 domum
1470 412 1593 441 temu-

135 470 264 508 lentus
300 470 444 520 irrupit,
481 469 646 507 effractis
684 469 842 514 foribus,
880 470 920 506 in
957 469 1275 517 foeminarumque
1313 473 1503 503 secretum
1551 479 1593 503 se

137 531 310 581 ingessit,
324 530 472 568 tametsi
489 543 592 568 soror
609 543 693 567 mea
713 531 814 568 intus
835 537 939 567 esset
956 543 1043 567 cum
1061 529 1210 566 filiabus
1229 530 1327 578 ejuS,
1342 540 1429 577 quae
1443 540 1595 564 ornnem

137 593 186 630 ad
219 592 292 629 hoc
330 591 404 628 diei
431 598 586 628 aetatem
616 591 669 628 ita
704 599 867 641 egerunt
899 591 1094 641 pudicam,
1123 597 1167 626 ut
1196 589 1254 626 vel
1289 588 1591 626 necessariorum

136 665 286 704 quoque
307 660 557 702 conspectum
571 653 935 701 verecundarentur.
986 651 1123 702 Neque
1143 652 1298 698 (videte,
1319 651 1495 695 obsecro,
1517 663 1594 701 quo

136 713 358 765 petulantiae
390 714 637 764 processerit)
668 714 878 751 abscedere
906 713 1010 764 prius
1045 713 1177 758 voluit,
1203 725 1319 762 quam
1347 712 1536 757 homines,
1557 718 1597 749 et

133 775 198 825 qui
217 774 374 812 fortuito
394 775 691 812 intervenissent
721 781 760 812 et
790 775 842 812 illi
875 774 947 825 ipsi
976 773 1074 811 adeo
1105 774 1170 824 qui
1191 786 1277 810 eum
1298 772 1391 810 illuc
1423 772 1595 810 comitati

132 838 298 883 fuerant,
317 851 385 888 per
404 838 479 874 vim
496 838 693 888 ejicerent,
715 838 820 888 quod
841 837 913 874 illis
929 837 1119 874 videretur
1139 835 1210 873 vim
1232 842 1272 873 et
1292 843 1467 885 stuprum
1487 835 1595 873 obla-

132 906 240 937 turus
261 913 346 937 esse
365 899 501 950 puellis
535 900 759 950 virginibus,
780 907 887 949 patre
919 899 1035 942 orbis,
1057 911 1218 948 quarum
1247 897 1284 934 in
1306 896 1594 948 receptaculum

131 961 347 1012 irrupisset.
403 961 545 999 Verum
575 963 710 999 aberat
735 969 883 998 tantum
904 968 947 997 ut
968 960 1161 997 Simonem
1192 959 1309 1010 hujus
1341 966 1459 997 tantae
1491 959 1596 995 inso-

133 1023 262 1060 lentiae
280 1023 569 1073 facinorumque
596 1031 674 1061 tam
705 1023 1070 1061 contumeliosorurn
1091 1022 1305 1073 poeniteret,
1333 1030 1389 1069 ut,
1415 1022 1502 1060 loco
1529 1022 1596 1059 ubi

135 1098 372 1123 coenarernus
404 1085 616 1135 explorato,
637 1086 788 1123 facinus
810 1085 970 1123 auderet
989 1085 1161 1135 inprimis
1183 1085 1391 1123 abhorrens
1411 1085 1595 1136 dictuque

133 1146 370 1192 incredibile,
392 1146 462 1183 nisi
482 1147 512 1183 si
534 1147 619 1196 quis
652 1147 819 1184 furorem
853 1149 933 1193 ejus
960 1146 1041 1197 jam
1075 1146 1222 1183 dudum
1251 1147 1448 1196 cognitum
1478 1153 1595 1196 atque

136 1214 379 1256 perspectum
399 1207 550 1244 habeat.
613 1207 792 1244 Immisso
813 1208 912 1244 enim
932 1207 1063 1244 nescio
1083 1220 1170 1257 quo,
1192 1208 1294 1245 foras
1314 1220 1374 1244 me
1394 1207 1594 1248 evocavit;

132 1268 278 1318 prodii;
310 1269 374 1305 vix
394 1269 621 1318 prodieram,
643 1281 731 1305 curn
752 1268 813 1305 ille
833 1268 870 1304 in
891 1281 950 1304 me
970 1267 1115 1305 involat
1134 1274 1172 1304 et
1191 1268 1332 1318 pugnis
1354 1281 1414 1305 me
1433 1268 1598 1306 verberi-

133 1328 282 1379 busque
312 1329 507 1368 concidit:
537 1343 611 1380 ego
640 1343 731 1368 vero
760 1329 955 1367 inimicum
982 1329 1198 1366 ulciscebar
1218 1342 1286 1379 par
1306 1330 1475 1367 referens
1497 1337 1536 1367 et
1555 1330 1595 1366 in

133 1390 266 1440 fugam
283 1393 480 1431 vertebam
500 1392 786 1441 fugientemque
807 1392 1017 1440 urgebam;
1047 1391 1098 1428 ibi
1113 1391 1304 1441 lapidibus
1325 1390 1386 1428 ille
1407 1403 1467 1428 me
1488 1391 1597 1441 petit,

133 1464 296 1501 quorum
330 1465 430 1490 unus
465 1452 601 1502 aliquis
623 1465 645 1489 a
665 1465 723 1489 nie
751 1453 930 1489 aberrans
952 1451 1164 1489 Aristocriti
1196 1452 1362 1489 frontem
1397 1452 1597 1498 sauciavit,

133 1512 196 1564 qui
217 1514 412 1551 Simonem
431 1514 479 1551 ad
500 1514 655 1551 domum
676 1527 799 1551 meam
820 1521 974 1551 euntem
996 1521 1225 1564 prosecutus
1251 1514 1388 1551 fuerat.

189 1577 226 1613 3.
256 1575 354 1613 Haec
374 1587 447 1625 ego
467 1576 641 1625 quamvis
662 1575 793 1625 gravia
812 1582 926 1625 atque
956 1574 1116 1624 indigna
1148 1574 1237 1611 mihi
1262 1575 1409 1612 viderer
1440 1588 1594 1626 passus,

132 1636 334 1674 toleranda
352 1644 481 1674 tamen
504 1637 595 1674 duxi
615 1637 762 1687 pudore
794 1644 976 1686 metuque
1011 1636 1213 1673 dedecoris
1234 1636 1264 1673 si
1285 1636 1430 1673 factum
1463 1638 1594 1687 palam

133 1698 243 1736 fieret
258 1698 365 1736 —id
384 1699 489 1748 quod
508 1699 663 1735 memini
684 1712 744 1736 me
765 1697 882 1748 paulo
903 1705 990 1734 ante
1009 1697 1137 1735 dicere
1153 1720 1219 1740 ——‚
1241 1697 1437 1748 maluique
1456 1698 1594 1736 horum

133 1760 362 1797 delictorum
382 1773 514 1810 poenas
534 1760 686 1810 exigere
706 1759 829 1796 nullas
849 1772 962 1810 quain
985 1759 1086 1810 apud
1100 1759 1204 1797 cives
1221 1759 1425 1797 dementiae
1446 1761 1594 1811 opinio-

132 1834 221 1859 nem
240 1821 388 1866 mereri‚
409 1822 508 1859 bene
542 1835 684 1872 gnarus
718 1821 909 1859 neminem
940 1822 1020 1859 fore
1052 1825 1116 1872 qui
1145 1822 1181 1859 in
1215 1821 1369 1860 Simone
1389 1823 1499 1861 istaec
1525 1824 1594 1861 mi-

131 1890 236 1921 retur
254 1883 409 1933 reliquis
439 1884 522 1935 ejus
554 1885 655 1922 notis
686 1891 725 1922 et
753 1883 872 1921 solitis
898 1884 1050 1934 flagitiis
1083 1892 1359 1929 consentanea,
1382 1898 1443 1922 me
1465 1893 1594 1923 autem

131 1945 197 1995 qui
217 1944 386 1982 riderent
415 1945 468 1983 ita
497 1945 724 1991 mulcatum,
744 1947 826 1983 fore
862 1946 1073 1996 permultos
1094 1959 1141 1983 ex
1168 1958 1299 1983 eorum
1330 1960 1491 1984 numero
1517 1947 1595 1998 qui,

131 2006 270 2044 civium
298 2007 330 2044 si
354 2007 419 2057 qui
451 2008 528 2044 sint
561 2007 741 2058 probitati
775 2008 992 2054 studentes,
1024 2008 1066 2045 iis
1096 2008 1268 2045 invidere
1299 2017 1596 2047 consueverunt.

132 2068 408 2106 Verumtamen
429 2069 483 2106 ita
503 2082 564 2106 me
585 2068 789 2106 sollicitum
805 2068 942 2105 habuit
956 2068 1063 2105 isti‘us
1084 2068 1341 2113 scelerositas,
1357 2069 1596 2120 dubiumque

132 2130 273 2181 quibus
307 2130 341 2167 ei
375 2130 499 2168 modis
531 2143 772 2168 occurrerem
803 2138 869 2167 aut
898 2142 981 2167 eam
1013 2129 1220 2167 devitarem
1254 2136 1519 2177 tractaremve,
1552 2138 1597 2169 ut

88 2222 90 2226 ,
130 2191 363 2228 tutissimum
389 2191 484 2228 'mihi
517 2191 709 2228 videretur
743 2203 828 2228 esse
863 2203 908 2227 ex
939 2190 1032 2227 urbe
1065 2190 1262 2228 discedere
1294 2192 1594 2241 peregrinatum.

131 2252 343 2302 Assumpto
375 2252 505 2303 itaque
537 2265 655 2303 puero
675 2276 726 2280 —
746 2252 925 2290 convenit
960 2252 1061 2289 enim
1095 2265 1153 2289 me
1188 2252 1279 2290 nihil
1316 2266 1489 2290 verorum
1524 2267 1593 2292 vos

133 2314 462 2351 celare—solum
482 2314 591 2351 verti.
649 2314 851 2364 Temporis
885 2314 1089 2352 intervallo
1123 2322 1226 2364 post,
1246 2315 1348 2363 quod
1386 2316 1479 2353 satis
1509 2315 1595 2353 diu-

133 2381 289 2412 turnum
308 2375 512 2412 videbatur
544 2375 593 2412 ad
624 2375 867 2425 injiciendam
903 2375 1049 2412 Simoni
1081 2382 1120 2412 et
1155 2376 1384 2413 oblivionem
1419 2378 1525 2426 pueri
1556 2386 1596 2414 et

132 2436 392 2485 poenitentiam
414 2437 650 2486 superiorum
670 2449 864 2481 ausorum,
879 2437 994 2479 redii:
1019 2436 1086 2473 sed
1106 2437 1143 2473 in
1163 2436 1349 2474 Piraeeum
1367 2451 1425 2474 me
1441 2438 1594 2475 abdidi:

136 2504 175 2534 at
192 2497 257 2534 ille
277 2505 407 2535 tamen
428 2498 555 2535 statim
578 2498 824 2534 Theodotum
855 2498 1124 2535 animadvertit
1157 2505 1270 2548 atque
1300 2499 1451 2536 rescivit
1476 2512 1595 2549 penes

137 2557 404 2607 Lysimachum
436 2559 584 2604 diverti,
603 2560 669 2609 qui
702 2559 953 2609 Lysimachus
983 2573 1100 2610 prope
1131 2559 1217 2596 illas
1247 2559 1351 2596 aedes
1385 2560 1597 2605 habitabat,

138 2629 231 2664 quas
251 2619 381 2657 Simon
400 2621 577 2658 mercede
602 2620 815 2658 conductas
844 2621 1058 2663 incolebat;
1090 2620 1328 2658 familiarium
1349 2620 1477 2670 itaque
1497 2634 1594 2659 non-

138 2678 264 2716 nullos
301 2681 349 2718 ad
384 2682 587 2732 prandium
621 2689 736 2731 atque
775 2682 1101 2733 compotationem
1141 2682 1288 2718 invitat.
1347 2681 1594 2732 Coepulones

138 2747 266 2776 autem
285 2740 325 2777 hi
344 2743 522 2781 custodes
543 2745 581 2781 in
601 2750 705 2782 tecto
735 2745 991 2789 constituunt,
1011 2756 1171 2794 puerum
1194 2742 1310 2781 domo
1331 2744 1594 2794 egredientem

134 2802 416 2848 observaturos,
433 2817 510 2854 quo
526 2804 597 2855 ipsi
616 2807 663 2843 ab
683 2805 743 2843 his
771 2806 997 2844 custodibus
1020 2803 1207 2842 admoniti
1227 2817 1387 2855 puerum
1407 2805 1508 2844 intro
1533 2820 1593 2844 ra-

133 2870 281 2913 perent.
339 2863 491 2903 Interim
518 2878 590 2916 ego
621 2880 641 2905 e
671 2866 819 2905 Piraeeo
849 2867 888 2904 in
917 2867 1048 2905 urbem
1078 2865 1208 2913 redeo,
1227 2872 1266 2904 et
1294 2866 1331 2904 in
1354 2868 1516 2907 transitu
1543 2869 1593 2907 ad

849 2941 872 2964 z
