1822 3219
628 104 1044 145 AREOPAGITICA.
1485 100 1558 136 195

112 209 246 256 Pedio,
267 219 305 250 et
331 211 381 249 de
405 210 478 256 his,
498 223 586 261 quae
618 216 707 248 sunt
737 220 856 260 prope
887 205 1039 254 urbem]
1071 204 1148 243 sive
1180 203 1451 243 conservandis
1484 203 1562 242 sive

108 272 329 311 amittendis
350 273 499 322 aequale
514 278 705 310 certamen
727 282 810 308 esse
830 267 1080 320 propositum.

164 336 201 371 5.
233 333 405 371 Produxi
425 333 472 371 ad
493 345 561 370 vos
581 331 699 383 paulo
712 338 799 369 ante
813 330 908 369 alios
922 327 1156 367 innoeentiae
1173 339 1271 365 meae
1284 334 1426 364 testes:
1456 337 1560 363 nunc

110 402 261 432 vosmet
279 395 382 445 ipsos
401 393 593 444 praestabo
622 392 715 430 mihi
732 400 866 437 testes,
886 391 953 442 qui
970 403 1047 428 non
1073 388 1197 426 solum
1217 388 1423 439 quotannis
1443 385 1563 425 semel

113 456 167 493 rei
187 455 380 493 saltuariae
410 453 629 504 cognitores
659 453 772 491 nobis
800 453 980 503 delegare
1011 449 1181 496 soleatis,
1201 463 1221 487 e
1243 448 1406 499 collegio
1435 454 1561 486 vestro

112 515 330 567 deputatos,
349 527 480 552 verum
507 514 628 555 etiam,
642 527 774 552 mense
799 526 954 565 quoque
979 512 1133 551 evoluto
1158 512 1196 548 in
1224 510 1368 548 reditus
1395 509 1561 548 saltuum

111 576 307 627 inquiratis
339 588 550 626 eorumque
581 575 749 614 rationes
774 589 797 613 a
829 574 1132 625 redemptoribus
1163 572 1408 623 vectigalium
1437 572 1563 621 publi-

112 651 241 677 corum
261 637 446 688 exigatis:
477 650 639 688 quorum
669 637 840 676 omnium
866 649 1064 687 nunquam
1090 635 1292 686 quisquam
1312 633 1397 678 fuit,
1417 634 1483 684 qui
1502 646 1563 671 me

112 712 159 738 eo
189 698 355 745 nomine,
382 698 486 749 quod
518 699 642 736 solum
670 699 812 737 oliveto
842 703 1107 735 consecratum
1136 707 1297 740 ararem,
1324 693 1564 732 mulctasset.

111 759 231 808 Atqui
257 758 288 796 is
317 772 389 809 ego
409 759 541 809 utique
562 772 638 796 non
660 772 758 804 sum,
779 758 857 809 qui,
886 758 1033 795 minuta
1061 769 1150 794 cum
1169 755 1311 793 damna
1330 761 1407 792 tam
1429 754 1565 792 sedulo

107 834 279 868 caveam,
312 828 392 859 tum
427 821 646 859 discrimina
683 821 868 859 libertatis
900 832 985 858 cum
1022 819 1201 858 servitute
1234 817 1430 855 mutandae
1461 817 1569 868 pensi

108 882 212 922 haud
237 882 404 920 faciam:
436 883 557 920 densa
587 883 652 920 illa
680 883 832 927 oliveta,
850 882 889 919 in
919 882 1058 932 quibus
1087 879 1222 931 majori
1242 879 1354 917 etiam
1379 891 1466 916 cum
1495 878 1567 915 im-

110 943 298 996 punitate,
319 943 351 981 si
370 944 544 982 libuisset
563 943 800 995 delinquere,
820 943 1004 989 licuisset,
1025 950 1103 980 tarn
1123 941 1294 980 studiose
1314 940 1401 978 colo
1421 947 1459 978 et
1471 952 1567 978 orno

109 1017 328 1055 noxamque
348 1006 395 1042 ab
414 1005 459 1042 iis
480 1018 633 1043 omnem
661 1017 785 1050 arceo,
811 1012 926 1054 atque
946 1003 1075 1055 palam
1096 1009 1135 1040 et
1159 1003 1196 1039 in
1223 1003 1401 1040 confesso
1429 1008 1487 1039 est
1506 1014 1568 1040 me

112 1066 236 1104 facere
253 1079 263 1109 ;
294 1079 407 1116 super
425 1066 492 1104 illa
509 1079 601 1104 vero
622 1079 699 1104 una
719 1065 805 1103 olea
824 1065 992 1117 publica,
1012 1077 1126 1116 quam
1149 1064 1182 1102 si
1199 1063 1488 1114 exstirpassem,
1508 1063 1565 1100 fa-

113 1139 200 1164 cere
219 1126 324 1164 nullo
346 1126 462 1164 modo
477 1127 687 1178 potuissem
707 1133 751 1163 ut
771 1127 917 1165 facinus
946 1126 1143 1164 occultum
1163 1132 1348 1170 maneret,
1370 1137 1484 1175 super
1501 1124 1569 1162 illa

113 1201 186 1239 ego
205 1188 377 1225 commisi
403 1188 563 1234 scilicet,
583 1195 626 1225 ut
643 1200 803 1225 necesse
832 1187 1013 1224 haberem
1030 1187 1163 1237 judicii
1189 1186 1395 1225 discrimen
1416 1186 1568 1223 subire!

165 1251 204 1286 6.
235 1249 368 1294 Porro,
400 1249 431 1286 si
456 1248 634 1286 libuisset
658 1260 829 1298 unquam
861 1248 1002 1293 facere,
1036 1260 1112 1284 non
1141 1259 1244 1284 nunc
1274 1247 1466 1292 fecissem,
1501 1246 1571 1285 sed

112 1309 261 1347 dudum
289 1316 378 1347 ante
395 1322 405 1347 ε
435 1322 530 1360 rogo
563 1309 664 1346 enim
690 1322 773 1355 VOS,
809 1316 1021 1355 senatores,
1053 1315 1182 1346 utrum
1215 1307 1309 1346 mihi
1341 1308 1574 1360 expediebat

110 1371 248 1420 magis,
275 1370 313 1407 in
339 1383 421 1420 rep.
451 1370 571 1408 libera
596 1383 772 1421 peccare,
798 1383 847 1408 an
879 1370 918 1407 in
946 1383 1130 1422 oppressa
1150 1383 1173 1408 a
1191 1370 1347 1421 triginta
1373 1369 1571 1422 tyrannis?

115 1431 234 1473 Quod
261 1444 335 1481 ego
354 1431 502 1469 dictum
527 1431 580 1469 ita
599 1431 718 1468 nolim
734 1431 871 1482 accipi,
893 1445 938 1470 ac
961 1432 992 1469 si
1010 1432 1084 1469 illis
1104 1432 1390 1470 dominantibus
1407 1432 1573 1470 multum

111 1494 338 1545 potuissem,
354 1507 457 1531 nunc
471 1494 622 1545 jaceam
643 1493 783 1531 invidia
797 1500 910 1544 atque
926 1500 1151 1544 contemptu
1170 1493 1371 1544 perculsus
1387 1506 1397 1537 ;
1428 1493 1496 1531 sed
1512 1507 1572 1540 eo,

116 1566 195 1604 quo
222 1554 449 1604 significem,
469 1554 657 1604 peccandi
677 1560 756 1591 tum
773 1554 894 1591 fuisse
914 1567 1030 1604 quam
1050 1567 1153 1591 nunc
1173 1561 1234 1591 est
1252 1556 1432 1602 majorem
1452 1554 1573 1592 licen·

113 1615 218 1660 tiam,
239 1616 269 1653 si
289 1615 375 1665 quis
391 1622 495 1653 esset
513 1628 627 1666 quem
641 1618 795 1663 juvaret
807 1627 980 1666 peccare.
1035 1615 1139 1662 Jam,
1154 1615 1191 1653 id
1208 1615 1311 1666 quod
1327 1616 1426 1653 inter
1437 1628 1572 1654 omnes

116 1684 281 1722 constat,
312 1677 378 1715 illa
404 1677 488 1715 dira
517 1685 556 1715 et
589 1677 815 1715 calamitosa
846 1683 1077 1728 tempestate
1106 1690 1234 1728 neque
1263 1677 1340 1716 tale
1366 1679 1574 1729 quicquam

116 1738 315 1787 designavi
343 1751 468 1788 neque
496 1739 617 1776 ullum
647 1739 752 1776 aliud
780 1738 923 1776 malum
954 1739 1046 1790 reip.
1068 1738 1171 1777 dedi.
1229 1739 1353 1790 Ecqui
1379 1753 1484 1791 ergo,
1504 1740 1577 1778 nisi

116 1799 286 1836 omnium
301 1800 518 1837 mortalium
532 1800 616 1851 ipse
637 1800 810 1838 mihimet
824 1800 881 1838 sui
895 1801 1193 1845 inimicissimus,
1208 1801 1392 1839 inducere
1405 1802 1576 1840 animum

117 1859 168 1896 ad
187 1859 310 1898 oleam
329 1861 613 1912 exstirpandam
634 1861 756 1913 potui,
779 1861 884 1899 vobis
904 1870 983 1900 tam
1003 1875 1110 1900 acres
1130 1862 1333 1913 agentibus
1361 1863 1574 1910 custodias,

120 1933 167 1958 eo
187 1934 208 1959 e
228 1922 364 1968 fundo,
382 1922 420 1960 in
445 1935 520 1974 quo
548 1931 721 1974 prostare
748 1931 866 1973 negat
886 1932 1089 1962 accusator
1109 1924 1229 1961 ullam
1256 1923 1368 1961 aliam
1389 1925 1577 1973 arborem,

116 1989 257 2033 praeter
285 1997 400 2034 quam
429 1992 606 2023 truncum
635 1984 821 2031 effoetum,
840 1985 936 2023 oleae
956 1999 1102 2028 sacrae;
1132 1998 1248 2035 quem
1267 1985 1330 2022 via
1356 1986 1510 2036 publica
1538 1987 1578 2024 in

114 2044 246 2082 orbem
268 2045 423 2091 ambiat,
442 2052 481 2083 et
500 2046 695 2084 domicilia
709 2046 921 2084 vicinorum
935 2047 1115 2097 utrinque
1133 2046 1309 2097 opposita
1324 2046 1577 2098 praecingant,

117 2112 171 2152 et,
192 2113 300 2157 septo
320 2107 426 2156 quod
453 2114 594 2153 careat,
623 2107 793 2158 undique
821 2107 1101 2160 conspicuum?
1157 2108 1256 2152 Quae
1287 2121 1374 2146 curn
1401 2108 1456 2146 ita
1485 2109 1576 2154 sint,

116 2167 249 2217 ecquis
269 2181 371 2205 unus
387 2168 556 2206 omnium
573 2182 689 2207 ausus
709 2170 759 2207 sit
771 2170 926 2219 negotio
942 2177 1020 2208 tam
1039 2169 1159 2207 arduo
1175 2183 1332 2208 manum
1348 2169 1577 2209 admovere?

118 2228 197 2266 Per
232 2229 325 2266 mihi
357 2229 515 2280 quidem
551 2230 693 2269 accidit
724 2230 927 2282 indignum
960 2239 998 2268 et
1030 2231 1134 2268 haud
1164 2230 1381 2276 ferendum,
1417 2245 1440 2270 a
1471 2233 1580 2270 vobis

123 2289 294 2340 quidem,
323 2290 476 2340 publice
505 2292 571 2342 qui
600 2292 681 2330 sitis
711 2292 881 2331 olearum
910 2293 1153 2344 publicarum
1177 2293 1375 2331 constituti
1394 2295 1579 2332 custodes

118 2356 235 2401 atque
253 2351 426 2389 vindices
444 2353 634 2403 perpetui,
653 2367 714 2392 me
744 2367 940 2405 nunquam
962 2368 1087 2405 neque
1108 2354 1335 2393 mulctatum
1355 2368 1440 2393 esse
1470 2357 1579 2406 quasi

123 2411 250 2450 solum
271 2421 541 2452 consecratum
557 2427 742 2462 arassem,
757 2429 884 2466 neque
904 2417 952 2454 de
973 2417 1066 2454 oleis
1079 2417 1346 2467 exstirpatisin
1366 2417 1581 2468 periculum

119 2485 247 2511 causae
265 2474 440 2525 capitalis
460 2476 676 2526 conjectum
695 2489 704 2514 :
734 2476 840 2515 hunc
861 2485 988 2516 autem
1008 2478 1302 2523 Nicomachum,
1319 2479 1384 2528 qui
1403 2492 1528 2529 neque
1541 2479 1579 2516 in

119 2534 335 2585 propinquo
355 2543 436 2573 aret
455 2549 581 2587 neque
599 2550 622 2575 a
636 2550 716 2588 rep.
730 2538 779 2576 ad
791 2538 893 2577 hanc
907 2539 1141 2591 provinciam
1155 2539 1362 2577 curandam
1379 2540 1582 2590 delegatus

128 2593 176 2630 sit
195 2607 319 2644 neque
345 2596 384 2634 id
408 2598 536 2636 aetatis
563 2605 654 2649 agat
679 2606 724 2637 ut
753 2599 889 2638 harum
921 2613 1048 2638 rerum
1078 2601 1284 2651 quicquam
1318 2601 1414 2638 scire
1442 2601 1580 2652 possit,

124 2657 252 2691 tamen
266 2668 404 2695 nomen
417 2672 545 2696 meum
559 2658 742 2698 detulisse
755 2666 795 2698 et
807 2660 846 2698 in
859 2661 997 2699 tabulis
1008 2660 1172 2712 publicis
1186 2660 1405 2712 consignari
1415 2674 1583 2709 curasse,

128 2714 240 2764 quasi
256 2716 380 2755 oleam
398 2733 548 2758 sacram
567 2721 616 2759 de
635 2721 763 2760 medio
781 2722 1036 2761 sustulissem.

176 2775 216 2814 7.
246 2775 326 2815 Oro
343 2777 473 2830 itaque
491 2795 574 2828 vos,
593 2789 804 2830 senatores,
828 2792 945 2834 atque
974 2785 1161 2828 obtestor,
1178 2790 1222 2821 ut
1251 2783 1432 2835 majorem
1451 2783 1585 2835 hujus-

124 2835 229 2874 modi
247 2841 475 2879 commentis
493 2843 674 2882 adhibere
701 2845 821 2884 fidem
845 2859 961 2896 quarn
982 2845 1169 2883 factorum
1200 2845 1418 2884 testimonio
1438 2845 1582 2889 nolitis,

123 2911 254 2949 neque
274 2911 385 2939 aures
397 2910 542 2943 vestras
554 2904 791 2946 inimicorum
808 2920 978 2947 meorum
1001 2906 1211 2946 mendaciis.
1227 2908 1426 2959 praebeatis
1443 2909 1582 2946 obtun-

570 3043 585 3055 l
