1822 3219
722 104 1006 147 FUNEBRIS.
1520 109 1593 148 165

129 209 286 263 jurandi
312 209 388 249 fide
409 211 658 257 confirmatis,
678 210 795 248 veluti
823 209 944 261 copiis
964 208 1195 260 quibusdam
1220 209 1480 257 auxiliaribus,
1498 211 1594 249 flde-

138 280 238 319 rent,
266 273 417 311 tametsi
447 273 496 311 ad
516 273 696 324 pristinos
718 272 850 310 hostes
868 271 969 316 novi,
991 272 1094 310 cives
1115 272 1300 323 ipsorum,
1321 273 1595 311 accessissent.

138 333 410 372 Verumtamen
443 333 745 371 adversariorum
765 346 841 370 non
865 333 1013 371 reveriti
1033 332 1331 377 multitudinem,
1363 334 1492 384 capita
1509 347 1597 372 cum

138 394 318 445 periculis
333 394 578 445 objecissent,
594 393 641 431 de
656 393 830 431 hostibus
846 407 869 431 a
881 407 922 432 se
939 393 1099 431 devictis
1112 400 1302 444 tropaeum
1317 394 1593 433 condiderunt:

139 456 250 507 cujus
269 469 349 494 suae
369 455 514 493 virtutis
537 461 654 492 testes
675 454 800 492 adhuc
822 455 1045 506 superstites
1060 455 1202 493 habent
1222 455 1391 492 tumulos
1413 455 1593 493 Lacedae-

141 517 351 554 moniorum
379 515 468 552 huic
497 514 648 564 tumulo
679 515 834 553 assitos.
892 515 941 553 Et
970 516 1154 565 profecto,
1184 529 1270 567 quae
1302 516 1517 566 respublica
1546 517 1595 554 ad

139 578 240 615 istud
262 577 443 627 temporis
464 576 616 627 dejecta
635 582 673 613 et
691 583 912 627 contempta
929 576 1078 621 fuisset,
1101 589 1186 614 eam
1206 577 1244 613 hi
1264 590 1393 614 rursus
1415 576 1464 614 ad
1480 590 1595 628 supe-

139 639 278 676 riorem
298 638 535 688 majestatem
562 637 796 683 extulerunt,
819 637 1055 688 expulsaque
1083 638 1273 676 discordia
1292 651 1427 689 pacem
1448 644 1485 676 et
1504 652 1596 676 con-

139 699 307 738 cordiam
335 699 368 736 ei
399 699 664 744 reddiderunt,
697 705 814 750 atque
843 698 1054 737 effecerunt
1080 706 1122 737 ut
1152 712 1221 750 pro
1241 699 1429 738 moenibus
1460 699 1596 738 dirutis

139 760 280 798 moenia
307 773 440 798 rursus
472 760 614 798 stantia
640 760 968 811 conspicerentur.
1026 761 1207 798 Reduces
1236 761 1336 798 enim
1358 760 1516 798 domum
1548 761 1596 798 ab

137 821 271 859 exsilio
291 822 398 868 facti,
419 822 578 860 consilia
604 834 674 859 sua
694 821 864 859 consiliis
892 822 1080 873 majorum
1097 822 1160 859 hic
1179 821 1423 859 conditorum
1443 835 1597 860 accom-

138 882 358 928 modarunt,
380 896 456 920 non
475 883 523 921 ad
544 882 729 921 ultionem
749 883 1001 929 inimicorum,
1021 883 1088 921 sed
1109 883 1158 921 ad
1179 883 1342 921 salutern
1358 883 1492 934 patriae
1512 897 1600 922 con-

138 944 264 981 versi:
294 945 496 995 impetrare
527 958 550 982 a
578 957 620 982 se
642 957 729 982 cum
760 957 836 982 non
856 952 1029 995 possent,
1051 952 1094 982 ut
1121 944 1243 995 aequis
1273 944 1406 981 animis
1427 945 1599 996 suajura

138 1005 258 1042 minui
277 1005 402 1056 iisque
422 1019 462 1043 se
483 1006 648 1042 fraudari
668 1012 903 1055 paterentur,
922 1018 1046 1055 neque
1065 1018 1195 1042 rursus
1216 1005 1294 1042 ulla
1308 1018 1423 1043 causa
1443 1006 1492 1043 ad
1512 1006 1598 1057 plus

140 1066 211 1104 sibi
230 1079 344 1117 quam
373 1067 594 1104 conveniret
624 1066 882 1116 arrogandum
913 1073 1169 1110 moverentur,
1196 1066 1354 1116 perinde
1383 1067 1599 1110 libertatem

141 1140 251 1164 suam
279 1127 337 1164 his
364 1128 456 1178 ipsis
484 1127 596 1172 adeo,
626 1127 658 1164 si
687 1127 752 1176 qui
778 1126 958 1164 servitute
989 1126 1287 1172 delectarentur,
1318 1127 1599 1177 impertiebant,

139 1194 255 1238 atque
275 1189 496 1226 servitutem
517 1189 650 1226 horum
670 1188 894 1238 participare
911 1187 1242 1237 dedignabantur3
1272 1188 1462 1238 rebusque
1479 1191 1599 1240 gestis

140 1255 179 1286 et
205 1249 382 1286 maximis
402 1257 440 1287 et
460 1250 507 1287 ad
528 1249 680 1287 laudem
700 1249 944 1300 amplissimis
970 1249 1114 1299 priores
1136 1248 1358 1299 reipublicae
1379 1250 1512 1289 clades
1532 1265 1599 1290 ex—

139 1311 343 1354 cusabant,
363 1317 405 1348 ut
429 1311 508 1362 jam
529 1317 723 1349 constaret
746 1310 844 1348 inter
871 1323 1017 1355 omneS,
1038 1310 1313 1362 rempublicam
1335 1311 1501 1350 antehac
1520 1326 1597 1351 non

137 1369 291 1420 ignavia
307 1384 376 1408 sua
387 1385 511 1422 neque
526 1371 691 1409 hostium
706 1371 843 1409 virtute
859 1371 1096 1410 concidisse:
1125 1372 1189 1422 qui
1202 1372 1317 1418 enim,
1332 1374 1486 1411 tametsi
1501 1375 1599 1412 inter

140 1446 181 1471 se
201 1433 443 1480 dissidentes,
461 1442 589 1473 tamen
605 1434 730 1472 invitis
753 1442 791 1472 et
805 1435 1044 1486 ringentibus
1060 1435 1353 1487 Peloponnesiis
1370 1438 1598 1488 caeterisque

137 1494 315 1533 hostibus
346 1509 368 1534 a
387 1497 526 1547 quibus
558 1497 655 1546 septi
677 1504 911 1541 tenerentur,
940 1497 978 1533 in
1000 1497 1158 1547 patriam
1178 1497 1342 1535 reditum
1370 1504 1596 1549 extorquere

137 1556 368 1607 potuissent,
383 1557 506 1608 liquet
520 1570 585 1596 eos
603 1557 727 1603 facile,
745 1557 777 1595 si
792 1557 923 1596 animis
940 1559 1243 1609 conspirassent,
1257 1559 1387 1598 hostes
1404 1559 1598 1599 debellare

137 1619 324 1669 potuisse.

196 1681 256 1718 13.
286 1680 500 1719 Laboribus
530 1681 643 1732 igitur
672 1681 726 1719 illi
745 1681 900 1732 quidem
930 1682 968 1719 in
996 1681 1144 1720 Piraeeo
1174 1682 1378 1720 exantlatis
1405 1683 1479 1722 hoc
1505 1698 1597 1723 con-

138 1743 261 1780 secuti
290 1750 394 1789 sunt,
426 1751 469 1781 ut
497 1743 536 1780 in
565 1757 701 1781 eorum
731 1744 981 1782 admiratione
1014 1751 1128 1795 atque
1161 1744 1434 1795 praedicatione
1464 1759 1598 1786 omnes

139 1802 314 1840 homines
334 1811 545 1842 versentur.
603 1805 680 1842 Sed
702 1812 741 1842 et
769 1805 1022 1843 mercenarios
1052 1806 1190 1843 milites
1213 1805 1272 1843 hic
1294 1806 1388 1843 sitos
1410 1820 1479 1857 par
1498 1816 1558 1846 est
1577 1822 1599 1847 a

138 1865 250 1902 nobis
281 1865 506 1911 collaudari,
528 1865 605 1916 qui,
638 1875 794 1904 strenua
822 1879 938 1918 opera
964 1865 1066 1917 plebi
1096 1866 1268 1917 praestita
1296 1867 1456 1918 patriam
1487 1881 1598 1907 recu-

137 1938 273 1976 perare
306 1928 569 1973 contendenti,
603 1941 672 1978 pro
704 1935 836 1966 nostra
871 1928 994 1966 salute
1028 1941 1114 1966 cum
1148 1928 1412 1973 dimicassent,
1442 1929 1493 1967 ibi
1526 1931 1597 1968 rati

139 1987 298 2037 patriam
334 1989 403 2026 sibi
435 2002 519 2027 esse
552 1989 617 2027 ubi
650 1990 779 2027 virtuti
811 1990 1050 2040 proferendae
1085 1988 1192 2027 locus
1224 1997 1338 2033 esset,
1375 1990 1597 2041 hujusmodi

138 2048 281 2086 exitum
300 2049 387 2087 vitae
409 2051 530 2088 sortiti
550 2057 662 2088 sunt:
693 2051 803 2101 cujus
835 2051 888 2088 rei
918 2063 1036 2088 causa
1058 2051 1277 2101 respublica
1298 2064 1365 2088 eos
1386 2065 1538 2102 quoque
1559 2060 1598 2091 et

137 2109 235 2148 luxit
253 2111 410 2162 publice
430 2119 469 2150 et
484 2112 633 2157 extulit,
654 2118 768 2162 atque
787 2112 859 2149 hoc
880 2112 1024 2157 tribuit,
1048 2118 1088 2148 ut
1106 2124 1218 2149 omne
1238 2112 1276 2149 in
1296 2125 1419 2149 aevum
1440 2114 1595 2164 paribus

137 2171 346 2211 honoribus
367 2182 484 2224 atque
504 2175 606 2212 cives
628 2174 700 2225 ipsi
721 2174 978 2212 afficerentur.

194 2235 257 2270 14.
289 2234 364 2277 Qui
385 2243 514 2273 autem
534 2248 635 2273 nunc
651 2249 674 2273 a
692 2235 802 2273 nobis
823 2236 1044 2281 humantur,
1059 2235 1098 2272 hi
1119 2248 1190 2287 ope
1208 2236 1417 2274 Corinthiis
1437 2237 1595 2276 ferenda

135 2294 283 2333 illustre
302 2296 448 2347 totique
466 2298 635 2335 humano
657 2298 787 2348 generi
817 2298 1029 2349 spectabile
1051 2311 1130 2336 suae
1149 2298 1298 2336 virtutis
1319 2299 1594 2338 documentum

136 2357 355 2396 ediderunt.
413 2359 635 2397 Corinthios
667 2359 766 2396 enim
799 2372 888 2397 cum
919 2359 1068 2410 pristini
1100 2360 1209 2397 amici
1229 2361 1408 2411 Spartani
1437 2374 1593 2412 oppres-

137 2431 222 2456 sum
240 2419 352 2465 irent,
371 2419 409 2457 hi
430 2421 517 2458 novi
537 2420 630 2458 socii
649 2421 740 2458 facti
761 2427 948 2458 assertum
975 2421 1096 2467 ibant,
1116 2421 1268 2459 diversa
1288 2421 1593 2460 Lacedaemoniis

138 2481 684 2521 sentientes—Lacedaemonii
718 2495 883 2532 namque
913 2482 1118 2520 Corinthiis
1149 2484 1252 2521 bona
1284 2496 1415 2521 eorum
1444 2483 1592 2521 invide-

137 2540 244 2588 bant,
273 2544 393 2582 nostri
412 2557 499 2582 vero
518 2545 592 2582 vim
624 2552 662 2582 et
682 2544 838 2595 injurias
859 2544 1066 2582 Corinthiis
1088 2558 1110 2583 a
1128 2545 1434 2583 Lacedaemoniis
1464 2545 1591 2584 illatas

137 2601 425 2651 miserabantur,
436 2619 560 2656 neque
569 2606 751 2656 pristinas
765 2618 893 2643 eorum
908 2619 1037 2644 secum
1049 2605 1262 2644 simultates
1277 2605 1589 2652 recordabantur,

139 2662 208 2700 sed
238 2677 375 2704 novam
406 2668 604 2706 caritatem
637 2667 767 2718 magni
796 2667 1074 2706 faciebant—t
1116 2668 1294 2705 virtutem
1325 2666 1456 2717 eequis
1486 2667 1590 2707 hanc

137 2731 255 2774 neget
279 2738 363 2765 esse
391 2729 439 2766 ab
466 2728 525 2767 his
557 2730 873 2775 demonstratam,
906 2730 985 2780 qui,
1018 2728 1211 2765 Graeciam
1241 2740 1376 2765 ornare
1404 2737 1590 2768 conantes

137 2786 294 2836 ejusque
314 2788 469 2828 caritate
485 2791 604 2837 ducti,
623 2804 699 2829 non
713 2803 782 2842 pro
799 2804 869 2829 sua
884 2789 1124 2828 solummodo
1142 2789 1265 2827 salute
1282 2789 1453 2840 pericula
1469 2790 1588 2838 adire,

133 2846 202 2885 sed
233 2860 301 2900 pro
329 2848 504 2891 libertate
531 2852 691 2893 inimicis
710 2852 809 2892 adeo
832 2852 1050 2892 hominibus
1080 2851 1318 2891 restituenda
1336 2858 1498 2890 mortem
1518 2865 1587 2904 op-
