1822 3219
440 105 661 144 CONTRA
694 100 1154 140 ERATOSTHENEM.
1467 96 1544 131 2:223

88 210 198 248 iamsi
226 208 332 254 velit,
353 208 542 260 ejusmodi
569 207 617 244 de
647 219 687 243 se
711 204 845 242 laudes
869 200 1169 239 Erathosthenes
1191 198 1427 249 praedicare3
1459 208 1549 233 nam

83 272 220 324 jubete
241 270 354 309 modo
382 284 483 315 eum,
506 269 675 320 judiceS‚
704 267 970 304 demonstrare
992 261 1143 298 ubinam
1172 261 1343 297 locorum
1371 259 1451 308 ipse
1478 271 1552 296 cae-

91 334 239 383 terique
270 332 422 383 tyranni
457 339 513 368 tot
539 331 672 367 hostes
701 327 913 365 occiderint
943 332 1037 375 quot
1066 323 1127 359 hic
1159 323 1264 359 cives
1299 321 1549 364 sustulerunt,

93 395 247 432 ubinam
270 401 328 431 tot
348 406 464 430 naves
486 391 652 428 hostium
675 388 847 438 ceperint
867 394 960 437 quot
981 384 1048 436 ipsi
1074 384 1248 421 hostibus
1270 383 1410 419 nostris
1436 382 1553 419 tradi-

95 456 248 498 derunt,
269 462 336 491 aut
361 465 566 502 quamnam
589 451 721 487 urbem
751 448 909 497 imperio
938 447 1071 484 Attico
1092 443 1351 495 adjunxerint,
1374 450 1450 479 tam
1472 456 1552 479 arn-

99 517 201 568 plam
222 525 298 552 tam
320 515 395 551 late
422 521 633 563 potentem,
654 521 768 561 atque
794 511 877 547 haec
906 517 964 546 est
991 510 1038 546 ab
1060 509 1152 558 ipsis
1174 508 1244 544 sub
1267 506 1401 556 jugum
1426 506 1554 542 missa.

100 580 152 615 At
171 576 331 613 forsitan
353 588 458 612 arma
486 582 614 611 tamen
642 580 700 610 tot
725 573 979 609 detraxerunt
1007 569 1192 614 hostibus,
1213 578 1308 618 quot
1326 566 1461 604 vobis?
1506 569 1557 603 At

98 638 239 675 moenia
254 644 382 674 tamen
399 643 475 673 tam
498 636 669 685 ingentia
688 642 726 672 et
744 642 819 670 tam
841 634 948 669 firma
968 638 1164 682 ceperunt,
1181 644 1297 681 quam
1319 638 1408 666 sunt
1425 629 1557 679 patriae

99 711 194 742 suae,
222 711 310 748 quae
344 698 482 735 moenia
512 698 584 748 ipsi
614 697 790 733 manibus
820 696 898 732 suis
926 695 1098 732 demoliti
1126 694 1241 732 sunt?
1290 694 1390 737 Quid
1421 694 1561 730 moenia

98 759 258 808 loquor?
309 759 365 795 Illi
384 771 473 796 vero
495 758 789 809 propugnacula
808 757 910 794 circa
935 757 1103 793 Atticam
1125 755 1254 793 omnia
1275 755 1560 798 destruxerunt,

100 819 338 870 planumque
358 819 466 857 vobis
490 819 663 857 fecerunt
695 826 846 869 portum
871 825 1039 855 vestrum
1068 831 1090 854 a
1110 830 1151 855 se
1173 817 1340 854 dirutum
1364 829 1462 860 esse,
1485 828 1560 852 non

71 881 206 932 >jussu
234 881 629 925 Lacedaemoniorum,
659 880 727 917 sed
751 879 947 917 voluntate
980 891 1063 925 sua,
1092 878 1198 929 quod
1220 877 1497 923 existimarent,
1516 890 1563 915 eo

101 943 204 980 facto
225 943 437 993 potentiam
458 956 567 980 suam
589 942 662 979 hoc
679 942 757 979 fore
779 941 1026 978 stabiliorem.

159 1005 196 1042 9.
226 1006 334 1056 Saepe
356 1018 510 1042 numero
541 1018 629 1041 curn
649 1017 774 1041 essem
795 1002 995 1040 audaciam
1022 1015 1156 1039 eorum
1183 1001 1343 1039 miratus
1364 1001 1428 1052 qui
1448 1001 1566 1038 hosce

104 1072 290 1116 tyrannos
331 1068 503 1104 oratione
541 1074 754 1111 tuerentur,
787 1065 944 1102 tandem
984 1064 1109 1102 mirari
1143 1063 1254 1108 desii,
1292 1071 1496 1113 postquam
1529 1063 1567 1099 in

107 1136 270 1164 mentem
295 1128 409 1172 venit,
437 1128 644 1165 eorundem
666 1141 751 1165 esse
778 1135 817 1164 et
836 1127 1046 1163 facinorum
1077 1125 1224 1163 nullum
1254 1139 1377 1175 genus
1397 1125 1467 1162 sibi
1487 1124 1572 1162 reli-

106 1201 225 1238 quum
256 1189 383 1226 facere
403 1196 442 1226 et
471 1189 566 1226 alios
599 1189 782 1239 projectae
812 1187 985 1225 audaciae
1014 1187 1188 1225 homines
1215 1187 1286 1224 sibi
1316 1187 1457 1225 similes
1488 1186 1569 1224 col-

108 1250 280 1288 laudare.
339 1250 439 1287 Nam
468 1263 545 1287 non
575 1263 695 1301 nuper
722 1250 876 1287 demum
902 1257 1102 1299 coeperunt
1129 1249 1293 1301 civitatis
1316 1256 1454 1286 vestrae
1482 1249 1570 1286 huic

108 1312 254 1358 formae,
282 1325 369 1362 quae
391 1325 495 1350 nunc
517 1312 665 1349 obtinet
695 1312 743 1349 ad
770 1311 959 1349 libertatis
980 1310 1225 1348 dulcedinem
1247 1318 1286 1348 et
1305 1311 1402 1362 juris
1422 1310 1576 1361 aequali-

106 1383 227 1413 tatem
249 1374 503 1418 conformata,
530 1374 751 1411 adversari:
785 1373 851 1410 sed
872 1374 953 1423 jam
975 1373 1124 1410 dudum
1153 1380 1241 1410 ante
1261 1373 1365 1410 visus
1386 1381 1448 1410 est
1477 1372 1573 1410 Era-

108 1438 304 1476 tosthenes
324 1444 440 1474 aetate
468 1436 847 1486 Quadringentorum
882 1434 953 1471 hoc
975 1435 1146 1479 molitus,
1176 1440 1218 1471 ut
1244 1434 1457 1484 potentiam
1487 1446 1573 1471 cum

111 1498 242 1550 paucis
281 1498 489 1536 amicorum
523 1497 882 1535 communicandam
916 1496 984 1533 sibi
1011 1501 1191 1546 pareret:
1234 1496 1384 1546 agitans
1416 1495 1502 1532 haec
1536 1495 1574 1532 in

115 1561 374 1610 Hellesponto
404 1572 491 1596 cum
514 1571 536 1595 a
558 1559 678 1609 copiis
705 1572 791 1608 quae
822 1558 873 1595 ibi
894 1565 974 1595 tum
1007 1564 1117 1595 erant
1144 1557 1511 1607 deprehenderetur,
1538 1558 1575 1595 in

112 1629 262 1661 tantum
287 1620 390 1658 venit
414 1620 549 1671 capitis
571 1619 797 1670 periculum,
818 1627 860 1656 ut
885 1633 1043 1656 necesse
1072 1619 1242 1663 haberet,
1264 1626 1422 1669 repente
1444 1619 1578 1656 relicta

113 1698 210 1722 nave
222 1683 286 1721 cui
299 1683 569 1720 trierarchatus
583 1695 671 1719 cum
688 1682 829 1718 honore
844 1687 1021 1731 praeerat,
1034 1694 1078 1717 ex
1097 1679 1350 1730 Hellesponto
1366 1679 1577 1730 auffugere,

116 1756 194 1779 una
213 1756 299 1780 curn
319 1743 480 1780 Iatrocle
498 1743 657 1793 aliisque
679 1756 838 1793 qnorum
863 1743 1017 1780 nomina
1032 1741 1122 1792 quid
1145 1742 1282 1779 attinet
1302 1755 1324 1779 a
1340 1755 1399 1779 me
1416 1754 1580 1779 comme-

119 1803 282 1840 morari?
331 1803 394 1841 Sic
426 1804 530 1841 illinc
557 1804 633 1841 huc
665 1817 854 1847 reversus,
888 1804 919 1840 si
949 1803 1012 1852 qni
1048 1804 1204 1839 formam
1235 1803 1327 1854 reip.
1354 1803 1578 1853 popularem

117 1872 335 1915 poscerent,
358 1866 402 1904 iis
428 1866 654 1904 adversatus
683 1874 756 1903 est.
815 1865 988 1909 Quorum
1020 1877 1093 1915 ego
1119 1865 1224 1902 vobis
1255 1865 1425 1902 omnium
1460 1872 1578 1902 testes

119 1926 324 1965 exhibebo.

742 2023 955 2060 TESTES.

121 2105 186 2143 Ab
211 2105 285 2144 hoc
317 2106 406 2144 inde
440 2116 612 2159 tempore
645 2121 767 2159 usque
802 2109 849 2146 ad
877 2107 1036 2146 fatalem
1062 2107 1166 2145 illam
1199 2119 1371 2157 pugnam
1406 2105 1580 2143 navalem

119 2170 224 2220 apud
257 2170 559 2222 AEgospotamos
593 2172 640 2209 ab
671 2171 924 2209 Eratosthene
959 2179 1047 2209 acta
1076 2171 1204 2208 omnia
1236 2169 1387 2208 silentio
1426 2174 1582 2219 praeter-

120 2231 291 2274 mittam;
335 2239 378 2270 ut
407 2239 536 2270 autem
565 2233 701 2271 navale
731 2233 823 2271 illud
857 2233 962 2284 quod
998 2233 1085 2270 dico
1112 2232 1287 2283 praelium
1319 2230 1412 2282 reip.
1444 2229 1582 2267 vulnus

119 2292 312 2343 impressit
347 2293 572 2340 insanabile,
609 2295 736 2332 videte
774 2295 969 2346 quomodo
1008 2294 1286 2332 Eratosthenes
1320 2305 1362 2330 se
1397 2290 1582 2342 gesserit;

120 2360 275 2391 tenente
296 2353 422 2392 adhuc
439 2355 689 2402 democratia,
703 2369 725 2393 a
741 2356 795 2393 sic
809 2355 920 2393 dictis
942 2355 1142 2393 sodalibus
1159 2355 1328 2405 quinque
1343 2353 1426 2397 viri,
1443 2350 1584 2402 Ephori

122 2429 189 2453 seu
220 2415 457 2467 inspectores
486 2417 681 2468 appellati,
707 2419 1053 2462 constituebantur,
1076 2417 1114 2454 id
1139 2417 1245 2468 quod
1273 2415 1501 2468 principium
1527 2420 1584 2450 tu·

121 2477 264 2516 multus
302 2479 386 2524 suit,
420 2480 575 2516 nomine
607 2480 662 2516 illi
692 2480 846 2530 quidem
878 2479 1065 2530 probabili
1093 2487 1205 2516 tenus
1236 2481 1485 2525 συναγωγεῖς,
1516 2487 1584 2511 seu

122 2539 388 2577 conciliatores
410 2541 622 2578 animorum
642 2549 812 2578 mutuam
836 2541 871 2578 in
890 2541 1067 2592 gratiam,
1087 2553 1221 2591 reapse
1245 2547 1372 2576 autem
1393 2535 1585 2587 principes

123 2598 226 2648 globi
241 2600 527 2651 conjuratorum
543 2602 729 2639 adversus
747 2602 873 2653 plebis
887 2609 1021 2639 vestrae
1038 2602 1272 2643 libertatem
1294 2600 1331 2636 in
1345 2598 1403 2634 bis
1417 2596 1586 2647 quinque

124 2659 213 2697 viris
233 2661 347 2698 etiam
371 2663 650 2702 Eratosthenes
670 2664 731 2702 hic
747 2673 783 2702 et
799 2665 936 2702 Critias
950 2672 1072 2702 erant.
1130 2663 1180 2699 Hi
1196 2662 1400 2711 magistros
1416 2659 1586 2708 equitum

125 2733 192 2771 per
213 2721 397 2759 stationes
414 2725 689 2775 disponebant,
708 2725 746 2762 hi
774 2726 951 2764 concioni
973 2739 1060 2776 quae
1082 2723 1270 2772 suffragiis
1298 2721 1377 2758 suis
1407 2720 1590 2758 scisceret

124 2783 438 2833 praescribebant,
460 2786 497 2822 hi
526 2801 621 2835 quos
648 2787 793 2825 vellent
818 2787 1024 2825 honoribus
1047 2783 1242 2834 designari
1261 2783 1442 2828 edebant,
1462 2781 1588 2819 brevis

128 2851 170 2881 ut
189 2844 275 2889 sim,
296 2858 383 2895 quae
411 2847 556 2885 vellent
576 2849 705 2887 omnia
733 2861 801 2899 pro
827 2848 982 2886 arbitrio
1009 2859 1080 2884 suo
1101 2845 1283 2896 agebant,
1306 2843 1503 2894 jubentes,
1523 2855 1588 2880 ve-
