1822 3219
239 167 313 204 114
527 168 530 171 ’
782 170 1079 208 ANDOCIDIS

291 271 357 309 27.
388 270 510 308 Etiam
544 271 617 310 hoc
651 284 717 310 vos
748 272 992 311 considerare
1020 271 1148 315 velim,
1182 269 1264 316 viri,
1283 269 1435 320 qualem
1466 281 1526 308 me
1554 269 1682 307 civem·

237 330 318 368 sitis
350 330 595 383 imposterum
628 332 807 377 habituri,
839 345 943 370 nunc
976 332 1243 371 absolventes:
1286 331 1446 382 primum
1478 343 1498 368 e
1530 330 1677 382 magnis

238 392 385 443 opibus,
405 405 566 443 quarum
598 407 664 432 vos
693 394 762 444 ipsi
797 393 917 431 nostis
940 393 1254 444 magnitudinem,
1271 405 1346 430 non
1369 404 1453 429 mea
1471 391 1586 443 culpa
1609 390 1679 430 sed

233 465 302 504 per
320 452 451 492 clades
471 455 577 505 reip.‚
599 454 646 492 ad
680 462 890 505 egestatem
925 455 1049 492 decidi
1082 467 1193 506 paene
1230 453 1513 497 incredibilem;
1540 453 1678 492 deinde

236 513 379 552 victum
415 516 574 565 quaesivi
614 515 735 554 modis
773 515 941 554 honestis
978 524 1093 567 atque
1130 516 1325 567 legitimis,
1357 514 1573 566 ingeniique
1605 515 1680 554 mei

237 587 498 626 manuumque
520 589 686 614 mearum
708 577 913 622 industria;
943 584 1023 615 tum
1046 591 1130 616 meo
1148 578 1287 615 doctus
1305 590 1376 615 usu
1396 576 1496 621 novi,
1525 589 1612 626 quae
1631 575 1682 614 sit

234 636 394 675 felicitas
411 637 498 675 talis
515 637 678 676 civitatis
693 639 814 676 civem
829 652 928 682 esse,
945 647 980 677 et
999 652 1145 684 rursus,
1159 652 1245 689 quae
1263 639 1313 676 sit
1331 638 1481 676 miseria
1495 644 1682 675 extorrem

237 711 362 736 errare
379 707 418 737 et
433 699 662 749 inquilinum
683 700 720 737 in
740 701 959 750 regionibus
976 700 1141 738 finitimis
1154 699 1378 738 commorari
1396 712 1405 742 ;
1435 699 1535 744 novi,
1548 698 1681 750 quanti

235 759 377 798 referat
407 760 541 811 pudori
575 768 689 811 atque
723 762 983 812 temperantiae
1015 762 1170 800 studere
1202 761 1390 812 rectisque
1410 761 1464 798 uti
1483 759 1681 803 consiliis:

236 821 325 859 novi
358 822 446 859 item
477 830 627 867 contra,
647 836 762 873 quam
795 824 972 861 acerbum
997 824 1047 861 sit
1078 823 1217 861 delicto
1247 823 1426 873 quopiam
1458 821 1527 859 sibi
1557 834 1681 859 rerum

239 896 395 921 suarum
435 885 757 934 perturbationem
795 892 910 936 atque
948 886 1181 923 fortunarum
1214 887 1402 932 jacturam
1434 882 1684 926 contraxisse,

235 944 339 983 unde
359 945 396 982 in
417 945 570 983 miseria
590 945 793 983 vivendum
815 946 888 990 sit;
917 946 1082 996 denique
1106 958 1192 983 cum
1213 944 1341 982 multis
1362 950 1535 981 versatus
1566 942 1682 980 habui

235 1005 441 1044 multorum
464 1020 590 1051 usum,
612 1007 713 1045 unde
734 1014 934 1046 contracta
949 1008 1037 1045 mihi
1051 1014 1142 1045 sunt
1155 1006 1320 1056 hospitia
1330 1005 1681 1056 familiaritatesque

235 1066 364 1104 multis
382 1080 469 1105 curn
493 1067 724 1118 regibusque
754 1076 793 1106 et
827 1068 1042 1106 civitatibus
1071 1068 1230 1118 aliisque
1264 1068 1419 1118 privatis
1449 1066 1680 1111 hominibus,

236 1141 401 1178 quorum
435 1129 603 1167 omnium
634 1130 800 1167 fructum
828 1143 910 1174 vos,
936 1129 1084 1167 reddita
1114 1129 1204 1166 mihi
1235 1128 1374 1173 salute,
1396 1127 1682 1179 participabitis,

235 1198 349 1240 prout
386 1191 494 1228 vobis
527 1203 597 1241 pro
630 1204 669 1229 re
700 1198 791 1229 nata
819 1191 1020 1229 videbitur.
1075 1190 1249 1229 Tandem
1281 1189 1493 1228 cavendum
1527 1202 1686 1240 quoque

235 1251 343 1289 vobis
363 1252 522 1289 arbitror
541 1265 638 1296 esse,
659 1259 703 1290 ut
721 1252 872 1303 generis
891 1252 963 1290 mei
984 1251 1163 1290 nobilitas
1190 1251 1225 1288 in
1255 1251 1409 1289 infamia
1433 1263 1519 1288 mea
1544 1262 1591 1287 ne
1616 1262 1683 1288 ex-

237 1312 482 1363 stinguatur:
526 1313 630 1351 solus
668 1326 741 1364 ego
779 1313 826 1351 de
861 1327 999 1364 genere
1035 1326 1120 1351 meo
1155 1313 1264 1350 vobis
1299 1312 1425 1350 adhuc
1459 1324 1679 1362 supersum:

241 1373 375 1425 quodsi
396 1387 487 1426 ergo
506 1388 566 1413 me
584 1375 838 1426 perdideritis,
858 1388 971 1413 nemo
991 1376 1097 1412 vobis
1116 1375 1213 1412 alius
1231 1373 1304 1411 boc
1323 1373 1372 1411 de
1393 1385 1532 1423 genere
1551 1386 1683 1424 super·

239 1437 325 1482 erit,
347 1435 414 1474 sed
442 1443 564 1474 totum
600 1436 771 1488 stirpitus
797 1437 868 1474 erit
892 1436 1139 1474 eradicatum.
1192 1435 1307 1485 Atqui
1328 1434 1539 1472 Andocidis
1568 1441 1684 1485 atque

238 1498 424 1548 Leogorae
443 1497 592 1543 domus,
607 1498 730 1535 donec
762 1497 965 1547 superfuit,
995 1497 1173 1534 dedecori
1203 1496 1310 1533 vobis
1342 1496 1474 1546 utique
1493 1508 1568 1533 non
1587 1495 1682 1538 fuit;

235 1558 305 1597 sed
334 1558 408 1596 hoc
439 1558 560 1596 multo
588 1558 710 1608 magis
741 1558 813 1596 fuit
843 1558 1025 1602 dedecus,
1055 1557 1159 1608 quod
1188 1556 1403 1608 Cleophon‚
1422 1556 1485 1594 ille
1516 1556 1684 1608 lyrarum

236 1619 356 1666 faber,
379 1626 529 1657 extorre
558 1632 618 1657 me
647 1627 798 1670 agente,
818 1619 921 1657 illam
940 1619 1097 1657 domum
1131 1626 1295 1657 nostram
1329 1618 1500 1656 incoluit.
1557 1619 1684 1657 Nemo

237 1681 337 1718 enim
358 1680 431 1718 fuit
446 1694 629 1731 unquam,
650 1681 729 1731 qui,
749 1681 904 1719 domum
922 1688 1087 1719 nostram
1107 1680 1342 1731 praeteriens,
1357 1681 1405 1719 ab
1425 1694 1471 1718 ea
1485 1680 1520 1717 in
1540 1693 1683 1718 memo-

238 1742 332 1780 riam
364 1742 479 1780 ullius
507 1742 595 1780 mali
623 1743 701 1781 sive
726 1743 879 1793 publice
904 1744 981 1780 sive
1012 1742 1183 1794 privatim
1204 1743 1251 1780 ab
1279 1756 1326 1780 ea
1354 1742 1502 1793 accepti
1527 1742 1685 1781 induce-

238 1811 368 1842 retur:
398 1804 517 1842 nostri
551 1805 678 1855 potius
699 1808 859 1853 majores
880 1805 917 1842 in
935 1804 1061 1850 bellis,
1080 1818 1167 1855 quae
1186 1805 1264 1842 suis
1284 1804 1461 1855 auspiciis
1483 1812 1688 1855 gesserunt

238 1878 355 1916 quam
388 1866 564 1917 plurima,
593 1866 642 1904 de
675 1866 849 1904 hostibus
882 1866 1039 1904 devictis
1073 1874 1218 1918 tropaea
1246 1878 1360 1917 quam
1393 1866 1555 1916 plurima
1585 1872 1686 1904 terra

240 1928 411 1978 marique
430 1928 616 1970 fixerunt;
647 1927 809 1965 honores
829 1935 1035 1978 gesserunt
1058 1928 1151 1966 alios
1177 1940 1293 1978 quam
1317 1927 1501 1979 plurimos
1533 1928 1688 1980 pecuni-

239 2003 358 2040 asque
377 1997 523 2028 vestras
551 1990 723 2040 publicas
756 1990 1084 2036 administrarunt,
1111 1998 1149 2029 et
1181 1990 1323 2028 nullam
1356 1998 1484 2029 tamen
1515 2004 1685 2043 unquam

239 2050 424 2088 mulctam
446 2050 674 2097 debuerunt,
695 2064 820 2102 neque
843 2064 912 2090 nos
932 2052 1137 2103 quicquam
1157 2053 1193 2090 in
1216 2066 1284 2090 vos
1312 2052 1542 2103 deliquimus
1561 2067 1687 2105 neque

238 2124 369 2150 rursus
388 2124 412 2149 a
430 2112 538 2150 vobis
556 2112 728 2163 injuriam
749 2113 990 2164 accepimus;
1020 2114 1156 2152 domus
1175 2121 1307 2152 nostra
1321 2115 1490 2152 omnium
1504 2115 1576 2152 fuit
1589 2117 1688 2153 anti-

241 2172 425 2222 quissima
444 2180 482 2211 et
501 2173 539 2210 in
562 2174 693 2223 paucis
712 2175 924 2212 communis
944 2175 1120 2213 omnibus
1138 2175 1203 2225 qui
1221 2188 1294 2226 ope
1314 2182 1443 2213 nostra
1462 2175 1689 2226 indigerent,

242 2245 368 2284 neque
395 2233 466 2271 fuit
493 2233 528 2270 in
557 2234 631 2272 illis
658 2235 930 2273 excellentibus
961 2236 1061 2280 viris,
1083 2236 1160 2286 qui,
1191 2236 1390 2287 conjectus
1423 2237 1458 2274 in
1493 2245 1687 2276 certamen

241 2292 408 2340 forense,
427 2307 496 2332 vos
515 2294 651 2332 horum
678 2296 899 2334 meritorum
920 2298 1078 2348 gratiam
1106 2297 1355 2349 poposcisset.
1412 2298 1537 2337 Nolite
1558 2299 1688 2350 itaque

244 2356 494 2401 committere,
515 2364 572 2402 ut,
600 2356 692 2407 ipsis
721 2370 742 2394 e
775 2358 887 2395 rebus
918 2358 1093 2396 humanis
1121 2359 1322 2411 exemptis,
1345 2360 1529 2410 praeclara
1558 2373 1689 2398 eorum

243 2415 412 2454 facinora
433 2416 538 2454 obliti
563 2416 682 2455 fuisse
708 2418 935 2457 videamini:
965 2419 1153 2458 recordati
1183 2420 1309 2471 potius
1333 2433 1490 2471 operum
1519 2421 1567 2459 ab
1595 2421 1689 2472 ipsis

244 2477 517 2529 profectorum,
539 2478 745 2529 opinamini
767 2492 927 2531 corpora
945 2494 1099 2532 quoque
1119 2495 1251 2519 eorum
1266 2495 1332 2520 vos
1352 2494 1479 2520 coram
1500 2481 1691 2520 adstantia

210 2551 211 2554 ¹
245 2551 414 2584 cernere,
436 2540 667 2590 rogantium,
689 2548 732 2577 ut
763 2554 824 2578 me
855 2554 1006 2580 servare
1025 2543 1160 2580 velitis.
1219 2543 1477 2594 Ecquemnam
1498 2543 1596 2580 enim
1617 2555 1690 2593 ego

246 2600 362 2638 alium
395 2600 469 2638 huc
498 2600 733 2638 adscendere
760 2601 914 2652 jussero
942 2617 1010 2654 pro
1042 2617 1100 2642 me
1131 2603 1450 2655 deprecaturum?
1498 2603 1600 2641 Num
1621 2617 1691 2655 pa-

245 2661 370 2700 trem?
415 2661 534 2713 Atqui
562 2662 686 2700 vivere
715 2662 836 2701 desiit.
895 2665 997 2702 Num
1019 2665 1184 2704 fratres?
1227 2665 1344 2716 Atqui
1365 2664 1458 2702 nulli
1479 2664 1568 2703 mihi
1589 2673 1692 2704 sunt.

248 2723 327 2761 Sed
345 2723 514 2762 liberos?
561 2723 680 2774 Atqui
699 2724 778 2761 nati
797 2725 967 2762 nondum
991 2734 1093 2765 sunt.
1150 2727 1229 2764 Vos
1250 2727 1376 2777 itaque
1406 2726 1495 2763 mihi
1516 2734 1554 2765 et
1573 2727 1691 2779 patris

248 2783 333 2822 loco
354 2791 393 2822 et
411 2785 568 2823 fratrum
595 2792 634 2823 et
659 2784 860 2824 liberorum
882 2794 1031 2831 estote;
1062 2788 1111 2826 ad
1142 2801 1209 2826 vos
1237 2796 1430 2839 receptum
1463 2787 1598 2834 habeo,
1623 2801 1692 2827 vos

249 2856 316 2881 oro
343 2844 518 2895 supplex,
537 2857 606 2884 vos
626 2847 801 2893 obsecro,
821 2854 968 2885 servate
989 2861 1060 2894 me,
1080 2848 1232 2899 ipsimet
1253 2862 1275 2886 a
1293 2849 1401 2886 vobis
1428 2862 1488 2887 me
1512 2855 1691 2887 exorate:

249 2905 381 2951 nolite,
398 2905 435 2944 in
459 2907 655 2946 Thessalis
676 2908 828 2959 quidem
850 2916 887 2947 et
906 2908 1060 2951 Andriis
1093 2909 1234 2961 civitati
1266 2918 1400 2949 vestrae
1435 2909 1694 2949 adscribendis
