1822 3219
854 502 1144 559 LYSIAE

283 681 634 731 ADVERSUS
671 680 1082 729 FAMILIARES
1119 675 1711 728 OBTRECTATIONIS

811 832 1174 875 ACCUSATIO.

937 951 1065 958 *—

328 1026 363 1062 1.
394 1023 668 1076 Opportunum
689 1024 780 1063 mihi
793 1024 925 1063 videor
943 1032 1095 1077 tempus
1114 1038 1216 1063 nunc
1237 1037 1323 1062 esse
1336 1029 1474 1062 nactus
1489 1023 1534 1061 iis
1548 1023 1596 1060 de
1611 1023 1726 1061 rebus

270 1085 498 1132 disserendi,
518 1085 566 1123 de
586 1085 727 1136 quibus
758 1086 874 1125 animi
895 1088 969 1125 mei
999 1100 1136 1125 sensus
1160 1086 1242 1138 jam
1266 1086 1413 1124 dudum
1444 1085 1570 1137 gestio
1591 1097 1728 1136 expro-

268 1161 395 1187 mere:
426 1148 653 1186 absentibus
673 1148 774 1186 enim
796 1149 840 1187 iis
861 1162 957 1200 quos
978 1149 1127 1195 incuso,
1151 1148 1293 1186 adsunt
1313 1160 1442 1186 coram
1462 1148 1600 1198 quibus
1619 1146 1730 1198 queri

262 1209 376 1262 juvat
395 1209 443 1247 de
465 1209 686 1247 auctoribus
708 1210 870 1260 injuriae.
929 1211 1162 1261 Quanquam
1189 1210 1309 1248 multo
1337 1209 1429 1247 mihi
1454 1209 1573 1259 major
1594 1215 1654 1246 est
1681 1207 1732 1245 ad

267 1278 481 1323 praesentes
503 1272 701 1309 contentio
721 1272 777 1323 [h.
796 1285 830 1310 e.
851 1273 975 1323 magis
995 1285 1083 1310 mea
1103 1272 1231 1316 refert,
1253 1278 1292 1310 et
1318 1271 1356 1308 in
1384 1271 1458 1309 hoc
1491 1270 1615 1308 acrius
1641 1282 1733 1308 con-

268 1333 403 1378 tendo,
421 1340 464 1370 ut
483 1345 637 1371 coronae
658 1346 814 1371 causam
834 1346 959 1371 meam
981 1334 1204 1385 approbem,
1219 1346 1334 1383 quam
1355 1331 1618 1380 absentibus]:
1639 1343 1730 1368 nam

254 1394 366 1433 ‘istos
393 1394 552 1444 quidem
574 1395 754 1433 absentes
785 1395 893 1446 pensi
920 1407 997 1432 non
1028 1396 1199 1432 facturos
1230 1401 1404 1439 autumo,
1424 1394 1456 1431 si
1483 1392 1732 1431 familiaribus

268 1470 403 1507 parum
424 1456 631 1494 familiares
651 1456 1000 1494 videantur-nam
1014 1457 1045 1494 si
1065 1470 1236 1507 unquam
1255 1457 1496 1494 studuissent
1510 1456 1640 1494 amicis
1654 1455 1732 1507 pla-

270 1531 359 1556 cere
377 1517 574 1568 fidemque
603 1518 648 1555 iis
681 1524 794 1568 atque
814 1518 1055 1556 voluntatem
1085 1532 1195 1556 suam
1228 1525 1269 1556 ut
1297 1531 1365 1569 par
1393 1525 1476 1556 erat
1505 1519 1732 1570 approbare,

269 1593 470 1630 nunquam
492 1580 789 1625 commisissent,
812 1588 854 1618 ut
880 1593 939 1618 me
958 1580 1215 1625 laederent—‚
1236 1580 1295 1618 his
1323 1587 1451 1618 autem
1484 1593 1567 1618 eam
1597 1580 1645 1618 de
1672 1592 1733 1618 me

269 1641 424 1693 injicere
442 1641 556 1679 velim
575 1641 912 1689 existimationem,
933 1649 990 1687 ut,
1012 1655 1100 1680 cum
1120 1642 1225 1679 nulla
1242 1643 1336 1680 istos
1352 1641 1488 1690 injuria
1501 1655 1586 1680 mea
1600 1655 1735 1693 provee

270 1717 434 1749 cassem,
457 1704 504 1741 ab
535 1703 618 1741 istis
647 1703 747 1741 ultro
779 1703 981 1742 lacessitus
1005 1703 1151 1756 injuriis
1173 1704 1293 1742 fuisse
1313 1704 1458 1742 videar.
1515 1703 1589 1742 Est
1610 1704 1732 1741 enim-

271 1779 363 1805 vero
383 1767 563 1804 acerbum
585 1765 899 1815 quidem,facere
920 1773 957 1804 te
978 1779 1056 1804 non
1084 1779 1200 1817 posse
1226 1766 1433 1817 quominus
1458 1765 1517 1804 his
1544 1765 1592 1803 de
1618 1767 1732 1803 rebus

271 1828 390 1866 verba
409 1827 547 1870 faeias;
570 1840 704 1864 rursus
718 1834 847 1864 tamen
865 1827 1019 1879 reprimi
1032 1828 1164 1879 lingua
1178 1835 1332 1865 recusat
1349 1840 1473 1877 neque
1487 1827 1579 1865 licet
1593 1834 1736 1873 tacere,

271 1889 338 1940 qui
357 1896 492 1927 contra
513 1902 628 1939 quam
649 1902 864 1939 sperassem
884 1889 1053 1941 indignis
1068 1890 1194 1928 modis
1215 1896 1398 1940 acceptus
1419 1890 1503 1935 sim,
1524 1896 1563 1927 et
1581 1888 1733 1939 iniquos

272 1950 459 2002 reperiam
482 1964 548 1989 eos
570 1951 635 2001 qui
655 1950 767 1988 amici
788 1951 859 1988 visi
877 1950 1058 1989 fuissent.

327 2014 365 2049 2.
397 2012 567 2050 Primum
598 2012 741 2063 itaque,
762 2025 811 2049 ne
843 2013 930 2063 quis
949 2020 1132 2060 vestrum,
1162 2020 1324 2064 peccata
1356 2026 1427 2051 sua
1456 2012 1590 2051 tuendi
1616 2018 1734 2062 atque

272 2073 540 2112 dissimulandi
556 2073 699 2119 studio,
718 2081 932 2125 praetextus
946 2076 990 2113 iis
1006 2075 1206 2122 obtendat,
1222 2075 1374 2126 prodire
1391 2088 1478 2113 eum
1493 2074 1607 2112 velim
1621 2082 1735 2125 atque

272 2134 500 2172 nominatim
522 2135 649 2180 edere,
663 2136 748 2186 quis
768 2142 941 2174 vestrum
963 2149 985 2174 a
1004 2149 1065 2174 me
1086 2150 1257 2188 unquam
1277 2143 1343 2174 aut
1362 2137 1511 2187 probris
1527 2135 1734 2172 infamatus

273 2203 341 2234 aut
361 2196 461 2234 malo
481 2196 664 2247 quopiam
686 2196 848 2235 affectus
869 2198 998 2243 fuerit,
1020 2205 1088 2236 aut
1102 2199 1203 2249 quis,
1217 2210 1328 2249 opem
1351 2209 1472 2234 meam
1494 2209 1582 2234 cum
1601 2195 1737 2246 implo-

272 2266 410 2304 rasset,
423 2272 446 2297 a
460 2272 521 2296 me
541 2258 735 2309 repulsam
756 2259 900 2309 tulerit,
921 2260 1097 2310 quamvis
1117 2272 1238 2311 penes
1258 2272 1319 2296 me
1340 2266 1443 2297 esset
1462 2259 1495 2296 ei
1517 2256 1736 2309 gratificari.

272 2317 426 2369 Ecquid
446 2332 538 2370 ergo
557 2332 626 2356 vos
648 2327 757 2357 tanta
770 2333 830 2358 me
843 2321 1122 2372 verborumque
1141 2321 1407 2372 factorumque
1427 2320 1627 2358 atrocitate
1642 2331 1736 2357 con-

274 2381 432 2419 tenditis
453 2381 648 2428 insectari,
670 2381 719 2419 ad
741 2395 887 2433 eosque
914 2383 1011 2421 adeo
1039 2396 1101 2421 me
1131 2383 1343 2430 diffamare,
1362 2395 1459 2433 quos
1488 2382 1640 2433 ipsimet
1667 2393 1736 2418 vos

274 2442 324 2481 ad
349 2455 408 2480 me
428 2443 618 2481 criminari
638 2443 869 2482 studuistis?
895 2458 1128 2496 quamquam
1159 2445 1253 2496 [ista
1272 2452 1401 2483 vestra
1420 2445 1457 2482 in
1479 2456 1538 2481 me
1559 2443 1738 2494 conjecta

275 2504 416 2555 probra
436 2503 503 2555 qui
523 2504 613 2542 mihi
634 2505 780 2554 retulit]
803 2506 856 2544 ita
871 2507 1069 2545 modestus
1083 2514 1178 2552 erat,
1193 2515 1236 2546 ut
1250 2507 1371 2559 magis
1391 2507 1431 2544 in
1445 2507 1518 2544 hoc
1531 2506 1739 2551 laboraret,

276 2572 320 2603 ut
339 2565 538 2617 dignitatis
560 2578 654 2603 meae
675 2567 874 2606 studiosus
897 2581 981 2606 esse
1001 2568 1207 2615 videretur,
1227 2582 1342 2620 quam
1363 2575 1406 2606 ut
1425 2567 1616 2618 malignos
1646 2566 1740 2604 alio-

277 2639 359 2664 rum
381 2627 431 2665 de
451 2639 511 2665 me
531 2640 727 2666 sermones
746 2629 916 2667 referret.
974 2630 1073 2674 Quae
1092 2638 1220 2669 autem
1249 2631 1314 2668 ille
1342 2630 1392 2668 ad
1411 2643 1486 2676 me,
1505 2629 1611 2668 haud
1631 2642 1738 2667 com-

277 2689 441 2736 mittam,
462 2695 506 2726 ut
524 2702 598 2741 ego
618 2689 754 2728 eadem
769 2690 898 2728 omnia
912 2691 961 2729 ad
974 2705 1042 2730 vos
1061 2692 1223 2730 referam
1238 2705 1247 2730 :
1279 2704 1367 2729 nam
1383 2698 1422 2730 et
1440 2691 1606 2742 graviter
1625 2703 1739 2729 aures

278 2764 383 2790 meas
403 2752 568 2804 primum
589 2751 722 2790 audita
748 2751 989 2790 sauciabant.
1048 2753 1098 2792 Et
1127 2753 1314 2791 ridiculus
1332 2753 1478 2798 videar,
1498 2765 1663 2804 querens
1692 2751 1742 2790 de

279 2813 388 2852 vobis
408 2814 516 2851 istaec
537 2813 698 2852 dicteria
717 2814 756 2851 in
777 2827 837 2852 me
857 2815 1151 2866 spargentibus:
1182 2815 1318 2853 eadem
1335 2815 1437 2853 enim
1457 2815 1506 2853 de
1523 2827 1584 2852 me
1603 2813 1741 2866 praedi-

281 2875 420 2922 cando,
439 2888 528 2925 quae
554 2889 622 2915 vos
654 2875 911 2928 praedicastis,
931 2877 1049 2929 culpa
1079 2890 1148 2917 vos
1177 2877 1432 2918 absolverem.
1490 2879 1590 2922 Quae
1614 2884 1742 2918 autem
