1822 3219
258 152 330 189 196
902 149 1070 189 LYSIAE

251 255 402 294 dendas
423 254 468 292 iis
489 254 537 293 de
555 255 684 300 rebus,
702 268 801 306 quas
824 256 950 294 secius
976 268 1059 294 esse
1079 260 1196 306 atque
1223 255 1277 292 illi
1304 256 1412 294 aiunt
1440 257 1512 308 ipsi
1533 272 1601 298 vos
1620 260 1714 299 mihi

253 316 400 356 conscii
431 317 547 361 estis;
577 316 726 356 facietis
755 323 883 355 autem
908 317 997 363 hoc,
1017 317 1124 368 quod
1143 329 1214 355 vos
1243 330 1350 369 rogo,
1371 331 1460 356 eum
1492 328 1531 358 et
1560 334 1609 360 ex
1639 322 1712 361 hac

252 380 424 418 oratione
454 392 541 418 mea
570 386 609 418 et
630 393 651 418 e
672 380 821 430 reliqua
850 392 935 417 mea
954 379 1033 416 vita
1062 378 1162 416 civili
1193 391 1318 416 mores
1349 393 1452 418 meos
1474 383 1710 432 spectabitis.

248 443 446 493 Imperata
465 442 567 480 enim
588 441 678 479 mihi
700 448 815 492 atque
835 441 1072 479 demandata
1090 441 1218 479 omnia
1238 441 1417 480 libentius
1442 450 1560 494 atque
1585 457 1711 496 prorn-

249 503 352 554 ptius
383 511 691 551 exsecutussum‚
714 509 753 540 et
767 515 972 553 exsequor,
992 515 1108 554 quam
1124 503 1190 541 sia
1204 516 1282 555 rep.
1298 510 1456 542 coactus
1468 517 1611 543 essem:
1634 506 1712 546 sive

251 565 352 604 enirn
373 567 599 618 praefectum
622 565 729 603 navis
750 565 788 602 in
814 565 937 603 classe
956 572 1086 604 vestra
1111 579 1185 617 ago
1215 566 1293 603 sive
1320 567 1623 606 contributiones
1644 569 1712 608 de-

249 628 379 678 pendo
398 630 476 666 sive
497 626 623 665 choris
644 627 680 664 in
701 626 802 664 ludis
824 627 1124 678 tripudiantibus
1155 640 1322 678 praesum
1355 628 1433 666 sive
1461 628 1565 667 aliud
1585 631 1710 680 quod-

246 703 402 741 cunque
431 704 569 729 munus
591 690 679 735 edo,
699 696 810 728 tanta
828 697 957 740 partes
987 703 1090 728 meas
1120 703 1213 741 gero
1239 703 1325 728 cum
1345 691 1572 730 liberalitate
1594 700 1711 744 atque

246 752 548 802 magnificentia,
567 758 610 790 ut
628 751 766 790 civium
787 764 901 789 nemo
919 765 1017 790 unus
1039 752 1089 789 sit
1109 752 1278 789 omnium
1297 753 1361 803 qui
1382 760 1604 803 sumptuum
1622 767 1710 805 pro-

244 812 444 863 digalitate
457 824 519 849 me
536 819 704 862 superet.
735 814 969 863 Quanquam
985 812 1015 851 si
1033 826 1123 858 non,
1140 820 1183 850 ut
1198 813 1284 859 feci,
1302 813 1500 864 splendide
1514 814 1709 865 lauteque,

245 874 315 912 sed
336 887 451 925 parce
472 874 716 913 solummodo
736 875 977 924 tenuiterque
997 873 1081 911 haec
1102 874 1294 919 fecissem,
1309 888 1385 912 non
1402 875 1584 913 haberem
1605 876 1711 927 quod

245 935 295 973 de
314 935 449 974 exsilio
471 942 538 973 aut
557 936 605 973 de
627 936 788 974 fortunis
805 936 1060 989 periclitarer,
1081 943 1120 973 et
1140 936 1177 973 in
1194 949 1234 973 re
1250 948 1420 974 versarer
1439 937 1622 988 ampliore
1637 939 1708 975 ho-

244 997 366 1035 nestis
399 997 521 1035 modis
554 1005 677 1048 parta,
708 999 902 1049 vitamque
931 1010 1086 1048 agerem
1119 996 1384 1035 discriminum
1414 1007 1631 1037 exsortem:
1662 1012 1710 1038 ea

244 1065 373 1097 autem
391 1059 768 1110 patrando‚quorum
788 1061 862 1098 iste
883 1071 944 1097 me
965 1058 1176 1101 insimulat,
1192 1070 1270 1095 non
1292 1057 1407 1095 modo
1426 1057 1519 1095 nihil
1535 1059 1709 1098 lucratus

242 1135 384 1168 essem,
401 1122 470 1159 sed
491 1123 606 1160 etiarn
626 1129 744 1174 caput
764 1123 846 1173 ipse
866 1133 995 1159 meum
1022 1120 1061 1157 in
1085 1119 1302 1171 periculum
1324 1119 1545 1158 dedissem(
1591 1121 1710 1171 Atqui

243 1196 313 1221 vos
333 1196 467 1221 omnes
489 1185 571 1222 sine
592 1184 710 1221 dnbio
731 1182 925 1222 fateamini
947 1194 1099 1219 mecum
1115 1181 1419 1227 consentientes,
1439 1182 1587 1232 aequius
1608 1195 1709 1229 esse,

241 1246 392 1296 magnis
413 1246 461 1284 de
479 1249 593 1284 rebus
615 1254 655 1284 ut
676 1246 914 1297 gravioribus
935 1243 1174 1282 concedatur
1194 1243 1431 1293 argumentis
1451 1256 1567 1294 quam
1588 1244 1707 1282 levio-

242 1307 362 1352 ribus,
384 1320 505 1357 eaque
526 1314 570 1344 ut
591 1307 808 1344 habeantur
834 1305 1104 1356 probabiliora,
1121 1315 1208 1354 quae
1234 1303 1495 1342 testimonium
1515 1305 1708 1343 universae

242 1369 524 1407 consentientis
547 1369 714 1407 civitatis
735 1368 948 1414 confirmat,
967 1378 1085 1417 quam
1108 1378 1166 1411 ea,
1189 1378 1277 1416 quae
1298 1378 1374 1403 una
1399 1366 1514 1416 hujus
1544 1379 1707 1405 accusa·

240 1430 332 1468 toris
353 1431 576 1481 improbitas
592 1430 734 1482 jactat.

295 1493 331 1529 8.
362 1491 440 1529 Sed
470 1497 682 1542 supersunt
711 1490 843 1528 adhuc
875 1488 952 1527 alia
981 1494 1190 1534 momenta,
1211 1494 1425 1533 senatores,
1445 1501 1533 1538 quae
1555 1502 1577 1526 a
1598 1490 1706 1528 vobis

239 1554 443 1605 ponderari
477 1554 607 1591 velim.
667 1552 838 1590 Adscitis
869 1551 971 1589 enim
1005 1550 1171 1588 testibus
1202 1549 1251 1587 ad
1282 1562 1370 1587 eum
1399 1562 1487 1587 cum
1522 1551 1705 1598 adissem,

238 1616 445 1661 declaravi,
464 1628 596 1653 omnes
613 1614 744 1652 adhuc
765 1613 855 1651 mihi
869 1625 1069 1664 superesse
1084 1624 1228 1655 SerVOS,
1246 1624 1343 1662 quos
1361 1619 1442 1649 tum
1455 1612 1492 1649 in
1510 1619 1704 1663 potestate

235 1678 459 1716 habuissem
479 1691 567 1716 curn
586 1677 775 1728 praedium
795 1676 869 1714 hoc
884 1688 906 1713 a
919 1675 1044 1727 priore
1057 1674 1214 1712 domino
1230 1687 1366 1712 recens
1379 1682 1551 1725 emptum
1568 1688 1704 1714 susce-

234 1740 392 1792 pissem,
416 1746 667 1791 paratumque
687 1752 747 1776 me
766 1750 852 1776 esse
876 1736 1089 1782 tormentis,
1111 1736 1142 1773 si
1172 1748 1288 1785 quem
1321 1748 1453 1773 eorum
1473 1736 1602 1781 vellet,
1626 1744 1703 1774 tra·

235 1801 326 1840 dere
341 1816 351 1846 3
373 1802 478 1853 quod
495 1814 690 1853 sperarem
702 1799 757 1838 sic
773 1800 957 1846 futurum,
972 1805 1015 1836 ut
1033 1798 1089 1836 vis
1103 1797 1272 1836 veritatis
1289 1811 1310 1834 e
1329 1796 1514 1835 scrutinio
1530 1810 1702 1835 meorum

235 1870 450 1914 coeptorum
472 1863 643 1902 emicans
672 1861 784 1900 istius
813 1865 1034 1898 commenta
1058 1860 1240 1897 obrueret
1271 1864 1384 1908 atque
1405 1857 1567 1896 deleret.
1625 1859 1703 1896 Iste

237 1933 367 1964 autem
389 1926 595 1972 recusavit,
616 1931 852 1977 praetexens,
874 1922 1071 1960 fidendum
1092 1920 1187 1958 nihil
1206 1933 1292 1958 esse
1313 1920 1528 1970 mancipiis.
1587 1919 1703 1958 Foret

235 1989 370 2040 utique
389 2003 477 2027 mea
495 1989 651 2040 quidem
672 1985 864 2025 sententia
889 1998 949 2023 res
976 1984 1203 2029 abhorrens,
1225 1982 1383 2021 eosdem
1404 1994 1533 2020 servos
1553 1982 1632 2019 suis
1661 1981 1701 2019 in

232 2053 361 2090 causis
391 2059 669 2091 tormentorum
700 2064 786 2089 esse
817 2057 895 2088 tam
929 2049 1188 2101 impatientes,
1221 2053 1262 2085 ut
1294 2046 1366 2097 ipsi
1399 2059 1484 2084 sese
1515 2046 1700 2093 indicent,

234 2115 389 2153 tametsi
403 2116 521 2167 probe
537 2116 659 2154 sciant
674 2121 846 2152 extrema
857 2124 1022 2163 quaeque
1039 2110 1110 2148 sibi
1122 2116 1204 2147 tum
1221 2107 1425 2147 toleranda
1436 2121 1520 2146 esse
1535 2120 1544 2145 t
1567 2120 1700 2145 rursus

234 2183 363 2214 autem
383 2178 421 2214 in
441 2178 568 2216 causis
584 2177 843 2221 dominorum,
858 2175 998 2224 quibus
1015 2179 1152 2210 natura
1171 2178 1260 2208 sunt
1279 2168 1526 2212 infestissimi,
1539 2168 1697 2206 eosdem

235 2244 514 2276 tormentorum
533 2252 622 2276 esse
642 2245 720 2275 tam
739 2236 927 2288 patientes
947 2240 990 2271 ut
1008 2240 1181 2271 extrema
1201 2242 1366 2281 quaeque
1386 2229 1533 2281 perpeti
1547 2229 1698 2274 malint,

233 2312 348 2350 quam
368 2313 433 2338 eos
455 2300 616 2351 prodere
637 2299 778 2350 quibus
799 2296 1008 2349 prodendis
1036 2293 1304 2332 liberationem
1325 2304 1348 2329 a
1366 2291 1477 2328 malis
1498 2291 1698 2341 praesenti-

233 2361 305 2399 bus
324 2361 512 2412 consequi
532 2361 694 2412 possint.
752 2360 932 2403 Constat,
953 2357 992 2394 ni
1022 2355 1148 2401 fallor,
1168 2360 1383 2398 senatores,
1405 2351 1436 2390 si
1459 2352 1697 2390 Nicomacho

232 2424 424 2475 mancipia
440 2437 525 2461 mea
537 2423 761 2475 deposcenti
780 2422 1053 2471 denegassem,
1074 2418 1246 2456 futurum
1262 2416 1398 2462 fuisse,
1416 2423 1456 2452 ut
1474 2415 1581 2453 vobis
1597 2414 1699 2452 vide-

232 2497 294 2523 rer
318 2485 475 2524 sceleris
498 2485 569 2522 mei
589 2485 678 2522 mihi
703 2484 884 2522 conscius
901 2495 1011 2520 esse:
1043 2493 1172 2518 rursus
1201 2479 1332 2530 itaque
1352 2478 1400 2516 de
1420 2478 1508 2523 isto,
1528 2477 1606 2528 qui,
1626 2476 1696 2513 de-

234 2549 351 2587 dente
373 2562 446 2596 rne,
467 2562 598 2587 servos
619 2548 792 2598 accipere
819 2546 1016 2591 recusarit,
1036 2545 1076 2582 id
1102 2544 1203 2583 idem
1233 2542 1421 2595 suspicari
1441 2554 1509 2579 vos
1538 2554 1695 2591 aequum

234 2624 392 2657 censeo,
411 2610 616 2662 praesertim
646 2609 683 2646 in
709 2609 935 2660 disparitate
965 2606 1126 2658 periculi
1157 2604 1290 2643 nostri.
1350 2605 1410 2641 De
1441 2615 1501 2640 me
1531 2603 1633 2640 enim
1663 2603 1695 2641 si

231 2673 326 2723 quid
346 2673 399 2711 illi
419 2673 505 2711 torti
525 2672 650 2710 secius
671 2670 861 2716 efferrent,
882 2681 931 2706 ne
954 2668 1104 2706 hiscere
1132 2666 1289 2718 quidem
1317 2664 1407 2701 mihi
1436 2663 1591 2701 liceret:
1623 2663 1695 2702 iste

232 2742 375 2780 autem,
397 2735 514 2773 servis
534 2746 665 2773 eorum
690 2745 777 2783 quae
797 2731 878 2769 vult
897 2729 990 2767 nihil
1016 2728 1302 2770 affirmantibus,
1327 2725 1421 2762 nulli
1451 2731 1510 2762 est
1540 2724 1695 2763 mulctae

232 2797 435 2834 obnoxius.
475 2795 665 2839 Quocirca
677 2793 799 2831 multo
814 2792 928 2831 istum
949 2791 1073 2841 magis
1089 2790 1251 2828 decebat
1270 2787 1421 2825 oblatos
1444 2800 1465 2824 a
1486 2798 1547 2824 me
1563 2797 1694 2825 servos

231 2859 421 2910 accipere,
441 2872 555 2909 quam
577 2871 635 2896 me
655 2856 804 2895 offerre.
863 2855 947 2905 Ego
967 2854 1096 2903 itaque
1118 2865 1164 2889 eo
1181 2850 1298 2888 studii
1319 2857 1358 2887 et
1379 2848 1692 2899 promptitudinis

230 2934 251 2960 e
279 2920 518 2960 conscientia
537 2926 640 2958 recte
661 2920 850 2957 factorum
864 2922 991 2955 enatae
1010 2913 1195 2966 processi,
1209 2911 1315 2963 quod
1330 2910 1586 2949 existimarem
1601 2908 1692 2947 mihi

232 2981 425 3034 expedire,
446 2989 489 3019 ut
507 2994 576 3020 vos
598 2989 636 3019 et
657 2994 677 3019 e
696 2979 897 3019 tormentis
919 2985 958 3017 et
976 2990 997 3015 e
1013 2975 1179 3015 testibus
1199 2980 1238 3012 et
1253 2986 1300 3011 ex
1322 2971 1558 3023 argumentis
1575 2976 1690 3021 atque
