1822 3219
262 139 340 174 2⁴20
921 138 1094 176 LYSIAE

260 241 352 278 riam
376 242 488 278 nobis
508 241 602 287 fieri,
623 255 672 279 an
697 242 763 293 jus
784 243 968 293 aequum?
1027 243 1210 293 Injuriam
1231 243 1441 282 enimvero.
1501 245 1609 283 Itane
1631 258 1734 292 vero,

260 303 377 340 homo
404 303 673 354 impurissime,
690 305 973 354 patrocinatum
997 312 1032 341 te
1054 304 1165 342 nobis
1186 306 1241 342 ais
1262 318 1339 355 quo
1360 305 1456 343 salvi
1486 318 1674 357 essemus,
1694 315 1735 346 at

260 364 363 403 idem
393 372 473 403 tute
508 374 636 404 tamen
674 365 971 404 Polemarchum
1007 365 1256 404 nihilominus
1293 367 1624 418 comprehendisti
1656 382 1733 419 quo

260 428 381 466 exitio
401 427 535 466 dares?
564 438 603 466 et
618 442 695 479 quo
711 436 884 478 tempore
902 435 1033 466 nostra
1052 429 1156 467 salus
1176 429 1303 467 adhuc
1320 430 1355 466 in
1373 431 1526 468 arbitrio
1542 444 1734 482 manuque

261 490 570 528 sodalitii-vestri
597 498 714 536 esset,
742 503 787 528 eo
815 499 854 527 tu
884 498 920 528 te
949 491 1005 528 ais
1032 491 1258 530 oblocutum
1289 505 1375 530 esse
1403 493 1637 543 sanguinum
1665 506 1734 530 no-

261 559 425 589 strorum
447 552 689 595 sitientibns;
719 566 797 603 quo
811 560 938 590 autem
962 559 1135 603 tempore
1157 566 1276 604 penes
1299 561 1335 592 te
1351 554 1475 593 solum
1493 563 1598 593 esset
1618 555 1733 594 Pole-

261 613 420 651 marcho
441 621 506 651 ant
524 614 669 665 eripere
691 615 863 665 spiritum
887 622 954 652 aut
967 615 1202 659 condonare,
1220 626 1300 652 tum
1319 624 1358 653 tu
1375 630 1463 654 eum
1484 617 1520 654 in
1538 630 1732 656 carcerem

259 674 482 712 abduxisti?
540 675 607 713 Vir
628 676 736 714 fortis·
757 683 796 714 et
822 676 1008 715 honestus
1030 676 1117 714 ideo
1139 677 1193 714 vis
1224 678 1370 723 haberi,
1393 678 1498 728 quod
1527 679 1733 718 oblocutus

259 735 420 774 inimicis
441 736 581 774 nostris
601 737 652 774 sis
671 738 718 785 (si
743 751 870 775 verum
892 739 977 785 ais),
997 752 1217 789 quanquam
1239 740 1503 791 obloquendo,
1534 741 1625 778 nihil
1646 755 1734 792 pro-

258 798 444 842 fecisses3
477 799 775 837 Polemarcbum
802 809 929 838 autem
952 814 975 838 a
996 808 1034 838 te
1061 801 1382 851 comprehensum
1407 802 1508 853 quod
1530 803 1735 850 occideris,

259 860 344 910 ejus
364 861 415 898 rei
437 874 570 912 poenas
590 868 627 899 te
646 860 814 912 mihique
834 870 874 899 et
891 862 998 900 hisce
1013 862 1210 913 judicibus
1225 864 1366 902 debere
1389 864 1514 901 nullas
1532 865 1735 903 autumas?

313 924 352 959 7.
384 922 460 960 Sed
484 935 555 973 age
584 923 793 973 largiamur
811 924 883 962 hoc
904 925 989 975 ipsi,
1021 933 1064 962 ut
1084 938 1217 963 verum
1247 926 1373 963 dicere
1403 925 1610 963 credamus
1631 927 1734 965 affir-

260 992 446 1029 mantem,
474 999 519 1022 se.
534 985 760 1023 oblocutum
782 999 881 1028 esse,
901 999 1134 1036 quamquam
1165 987 1315 1023 mentiri
1336 987 1469 1036 utique
1490 988 1663 1032 videtur;
1695 996 1735 1026 at

258 1046 332 1083 hoc
350 1047 522 1096 profecto
537 1060 607 1084 vos
620 1047 653 1084 ei
669 1047 785 1084 aienti
802 1047 959 1084 credere
975 1046 1079 1085 haud
1097 1047 1295 1091 convenit,
1313 1047 1497 1097 imperata
1511 1047 1636 1100 ipsum
1649 1062 1736 1085 esse

257 1117 509 1147 exsecutum:
541 1116 599 1147 est
614 1108 715 1146 enim
732 1108 768 1145 id
783 1108 938 1159 quidem
960 1109 1143 1159 imprimis
1167 1108 1400 1147 incredibile.
1460 1107 1552 1154 Fac,
1573 1109 1735 1146 (leman-

259 1170 391 1209 datam
406 1171 472 1209 tibi
486 1171 607 1209 fuisse
624 1171 772 1209 caedem
790 1178 975 1209 nostram.
1007 1171 1105 1213 Quis
1122 1179 1188 1209 aut
1203 1171 1296 1222 quid
1314 1179 1352 1208 te
1365 1172 1533 1221 cogebat
1548 1171 1737 1222 obsequi?

251 1231 554 1283 jusjurandum?
613 1233 731 1283 Atqui
753 1233 789 1270 in
810 1233 1006 1283 inquilinis
1028 1235 1214 1284 profecto,
1235 1233 1454 1284 cujusmodi
1474 1247 1545 1271 nos
1566 1247 1734 1279 eramus,

258 1295 410 1345 tyranni
432 1308 508 1332 non
531 1294 973 1345 videnttirjurisjurandi
996 1296 1180 1345 religione
1208 1303 1292 1332 teve
1323 1295 1490 1332 aliumve
1510 1296 1734 1346 quempiam

258 1357 477 1395 obstricturi
499 1357 633 1395 fuisse.
691 1357 857 1401 Deinde,
878 1356 915 1393 id
937 1356 969 1393 si
997 1365 1175 1395 tenemus
1204 1357 1309 1405 quod
1332 1366 1639 1395 consentaneum
1662 1366 1736 1404 est,

260 1418 369 1455 eccui
391 1419 558 1455 omnium
582 1418 647 1455 uni
668 1419 795 1455 minus
824 1418 877 1454 illi
905 1426 1016 1455 erant
1036 1419 1110 1456 hoc
1139 1420 1337 1467 negotium
1367 1419 1599 1469 delegaturi,
1617 1433 1734 1470 quam

258 1479 363 1526 huic,
383 1480 460 1531 qui,
481 1481 587 1531 quod
614 1481 666 1518 ait
693 1480 723 1517 si
744 1493 877 1518 verum
909 1479 947 1516 id
967 1480 1031 1522 ait,
1052 1480 1145 1531 ipsis
1173 1481 1309 1518 fuisset
1335 1481 1551 1530 refragatus
1578 1488 1737 1518 senten-

258 1542 427 1593 tiamque
449 1543 601 1580 tulisset
621 1542 657 1579 in
687 1545 834 1593 partem
854 1542 947 1592 ipsis
975 1542 1235 1580 contrariam?
1294 1542 1464 1592 Ecquem
1496 1541 1597 1581 enim
1620 1543 1735 1580 alium

255 1604 457 1654 probabile
476 1612 558 1642 erat
578 1603 762 1642 mandata
791 1604 1055 1655 indiligentius
1085 1611 1202 1654 atque
1234 1604 1485 1642 cunctantius
1505 1617 1592 1642 esse
1622 1618 1734 1643 exse-

262 1673 456 1710 cuturum,
477 1679 592 1716 quam
615 1680 717 1710 eum,
748 1666 811 1715 qui
835 1667 962 1710 rebus,
992 1679 1090 1715 quas
1122 1666 1180 1704 isti
1212 1665 1366 1703 effectui
1397 1666 1479 1703 dari
1511 1666 1737 1711 voluissent,

258 1726 515 1765 dissuasionis
543 1741 625 1765 suae
643 1727 890 1778 pertinaciam
920 1727 1199 1778 opposuisset?
1246 1727 1454 1772 Praeterea,
1473 1727 1630 1779 reliquis
1651 1729 1735 1779 qui-

259 1788 348 1826 dem
374 1789 678 1828 Atheniensibus
709 1789 866 1833 idonea,
884 1789 921 1826 ni
949 1789 1074 1833 fallor,
1097 1802 1184 1827 esse
1210 1789 1560 1833 debetexcnsatio,
1582 1790 1613 1827 si
1635 1789 1737 1828 facta

258 1864 330 1889 sua
348 1851 398 1888 ad
422 1851 768 1902 Trigintavirorum
791 1852 1064 1888 auctoritatem
1100 1852 1290 1888 referant:
1321 1851 1425 1902 ipsos
1456 1858 1585 1889 autem
1619 1851 1736 1889 hosce

259 1921 444 1965 tyrannos
467 1915 516 1952 ad
536 1916 725 1965 ipsosmet
740 1927 826 1951 sese
841 1921 1018 1951 auctores
1031 1914 1172 1951 referre
1191 1927 1347 1951 suorum
1365 1921 1537 1951 actorum
1553 1913 1735 1954 rationes.

259 1976 325 2026 qui
345 1976 545 2014 ferendum
563 1976 660 2014 erit?
690 1977 754 2027 qui
776 1976 978 2027 approbari
999 1976 1072 2012 hoc
1093 1976 1200 2012 vobis
1222 1974 1445 2025 patiemini?
1501 1975 1610 2013 Alius
1631 1975 1734 2012 enim

259 2037 292 2075 si
312 2038 397 2088 quis
419 2046 499 2076 tum
520 2040 558 2076 in
579 2040 674 2076 urbe
693 2039 832 2076 fuisset
851 2037 1102 2088 magistratus
1119 2037 1304 2088 ampliore
1322 2050 1437 2088 quam
1460 2037 1734 2087 trigintavirale

261 2100 469 2151 collegium
498 2108 692 2152 potestate
721 2107 905 2145 armatus,
937 2100 1048 2149 isque
1069 2099 1314 2149 magistratus
1346 2098 1597 2136 Eratostheni
1626 2112 1735 2136 man·

260 2162 388 2200 dasset
406 2163 536 2200 caedes
556 2162 756 2199 hominum
787 2162 996 2199 insontium
1028 2160 1324 2211 perpetrandas,
1356 2160 1484 2197 nescio
1513 2172 1562 2195 an
1585 2159 1733 2196 veniam

259 2225 293 2261 ei
314 2225 450 2261 merito
470 2224 614 2262 daretis
634 2236 642 2260 :
666 2224 747 2275 jam
769 2237 859 2261 vero
880 2223 1073 2260 undenam
1090 2235 1224 2272 poenas
1244 2233 1414 2270 unquam
1432 2220 1612 2271 repetetis
1627 2220 1734 2258 vobis

259 2284 408 2322 debitas
427 2286 544 2337 etjus
563 2293 732 2322 vestrum
756 2284 1034 2335 adipiscemini,
1056 2283 1086 2320 si
1107 2282 1456 2333 Trigintatyrannis
1478 2281 1636 2332 imperia
1650 2281 1734 2318 Tri-

259 2348 617 2400 gintatyrannorum
647 2360 831 2385 excusare
864 2345 1023 2385 licebit?
1053 2345 1126 2383 hoc
1147 2352 1206 2382 est
1234 2353 1448 2395 praetexere
1474 2357 1516 2382 se
1541 2344 1580 2380 in
1601 2351 1736 2382 aucto-

257 2411 369 2448 ritate
389 2410 494 2460 ipsos
514 2422 585 2446 sua
606 2409 736 2452 fuisse,
759 2409 1033 2458 libidini.ipsos
1053 2421 1134 2444 suae
1155 2408 1461 2457 obtemperasse.
1518 2407 1733 2444 Tantamne

260 2485 328 2510 vos
354 2472 616 2512 excusationis
642 2472 823 2522 ineptiam
848 2469 1095 2521 probabitis?
1152 2470 1203 2506 At
1223 2468 1520 2506 Polemarchum
1553 2468 1607 2505 ait
1635 2480 1657 2505 a
1678 2480 1732 2512 se,

260 2547 337 2572 non
357 2535 472 2571 domo
491 2541 720 2575 extractum,
742 2533 810 2569 sed
831 2533 868 2569 in
891 2533 950 2569 via
972 2532 1127 2582 publica
1141 2540 1379 2581 correptum,
1396 2530 1482 2567 ideo
1499 2529 1603 2579 quod
1619 2529 1735 2567 saluti

259 2596 340 2646 ipse
369 2609 450 2632 suae
477 2602 632 2633 caveret
651 2601 691 2630 et
712 2601 864 2644 pareret
883 2593 1073 2630 mandatis
1103 2593 1458 2642 Trigintavirorum,
1479 2591 1516 2627 in
1537 2603 1733 2629 carcerem

259 2658 470 2696 abductum
494 2669 594 2694 esse.
653 2655 782 2692 Tanto
805 2655 925 2704 pejus,
943 2661 1051 2692 tanto
1066 2654 1381 2697 inexcusabilius.
1440 2653 1633 2691 Solebatis
1648 2660 1734 2698 vos,

260 2719 379 2762 cives,
410 2725 490 2755 tum
526 2717 706 2768 temporis
738 2716 937 2766 aegerrime
969 2715 1081 2759 serre,
1115 2716 1147 2752 si
1177 2715 1242 2765 qui
1264 2728 1285 2752 a
1314 2714 1486 2765 tyrannis
1515 2714 1636 2759 missi,
1666 2722 1735 2753 aut

259 2787 411 2819 vosmet
431 2780 547 2831 ipsos,
569 2787 636 2816 aut
661 2790 788 2816 rernm
810 2784 1020 2814 vestrarum
1042 2777 1246 2826 quicquam
1269 2776 1509 2826 requisitum,
1531 2784 1676 2814 vestras
1694 2777 1733 2813 in

261 2843 368 2881 aedes
388 2842 656 2892 irrumperent.
716 2839 949 2889 Quanquam
964 2837 1001 2875 hi
1020 2838 1118 2874 intra
1139 2838 1288 2875 veniam
1318 2839 1532 2888 peccabant
1550 2838 1737 2876 mandata

260 2911 532 2956 exsequentes,
548 2916 713 2954 quorum
728 2901 975 2939 omissionem
999 2899 1141 2939 scirent
1163 2913 1202 2937 se
1224 2900 1434 2951 suocapite
1447 2899 1732 2941 esse-luituros;
1763 2921 1766 2923 >
