1822 3219
232 172 305 209 130
796 169 1099 208 ANDOCIDIS

226 277 291 329 qui
310 289 411 315 nunc
432 277 560 329 Argivi
579 278 656 316 huc
677 290 812 315 venere
836 278 942 315 vobis
963 289 1189 328 persuasum
1215 282 1257 313 ut
1281 275 1423 315 bellum
1449 277 1577 316 denuo
1605 289 1668 315 ca·

226 339 404 390 pessatis,
420 341 468 377 ab
488 339 620 377 iisdem
641 339 767 377 induci
789 352 858 376 nos
880 351 1001 389 nuper
1019 339 1268 389 patiebamur,
1285 346 1339 381 ut,
1352 350 1445 389 pace
1461 351 1548 388 quae
1563 338 1671 376 nobis

226 407 307 438 tum
333 413 420 438 cum
452 400 753 439 Lacedaemoniis
783 406 865 437 erat
893 399 1070 444 rescissa,
1089 399 1125 435 in
1156 399 1386 437 Laconicam
1416 399 1555 437 infesta
1582 412 1670 438 cum

227 462 353 501 classe
381 463 680 501 incurreremus:
713 474 789 512 quo
816 460 986 498 facinore
1014 461 1180 512 ipsorum
1209 461 1355 498 irritata
1383 462 1437 498 ira
1464 459 1676 498 multorum·

226 523 338 562 nobis
364 524 436 562 fuit
462 535 763 574 magnorumque
790 522 976 560 malorum
1006 523 1256 574 principium;
1287 522 1431 560 bellum
1458 522 1559 560 enim
1584 521 1673 560 inde

225 587 368 624 exarsit
385 594 460 625 tam
483 587 607 623 dirum
627 593 666 623 et
684 593 762 623 tam
783 585 899 623 fatale
917 585 1038 629 nobis,
1058 592 1102 623 ut
1120 585 1276 623 tandem
1295 597 1517 636 cogeremur
1536 584 1675 622 moenia

228 655 360 686 nostra
379 649 519 686 nostris
539 647 716 686 manibus
741 647 929 692 demoliri,
949 647 1110 684 classem
1139 647 1313 685 hostibus
1339 646 1502 690 tradere,
1521 645 1674 684 exsules

229 710 335 747 inviti
364 711 544 761 recipere.
603 709 748 747 Harum
769 717 960 747 tantarum
981 708 1148 746 cladium
1170 709 1206 746 in
1228 709 1591 759 compensationem,
1611 720 1674 746 ec-

229 772 333 823 quod
360 772 468 810 nobis
489 771 617 822 Argivi
644 771 942 810 emolumentum
966 771 1198 809 attulerunt?
1217 771 1367 821 ecquod
1388 771 1590 808 discrimen
1606 781 1677 821 pro

226 833 523 871 Atheniensibus
547 833 744 871 adierunt?
776 832 922 883 Ecquid
944 836 1024 881 jam
1045 839 1233 884 superest,
1253 834 1354 883 quod
1375 833 1508 870 volunt
1525 845 1548 870 a
1568 830 1675 869 vobis

226 894 333 932 fieri?
373 895 458 933 Hoc
480 908 629 947 nempe,
645 902 689 933 ut
709 908 808 933 nunc
829 907 980 945 quoque
1001 907 1068 945 pro
1087 907 1183 945 pace
1203 895 1344 932 bellum
1366 894 1520 945 optetis,
1541 901 1582 931 ut
1602 894 1676 930 Ar·

228 957 337 1007 givos
351 957 534 995 bellorum
547 964 756 995 vestrorum
771 957 893 995 socios
907 955 1078 994 habeatis
1090 968 1158 1006 pro
1173 955 1332 1001 Boeotis,
1342 963 1383 993 ut
1393 955 1675 993 Corinthiorum

226 1018 434 1057 factionem
453 1019 556 1057 illam
585 1032 672 1069 quae
698 1031 800 1055 nunc
820 1031 942 1056 rerum
964 1018 1106 1068 potitur
1126 1017 1426 1055 Lacedaemoniis
1450 1017 1678 1068 praeferatiS.

228 1081 327 1124 Quae
353 1088 444 1118 sunt
472 1088 551 1118 tam
579 1080 682 1117 foeda
711 1080 829 1123 dictu,
852 1087 928 1117 tam
957 1079 1128 1129 cogitatu
1157 1079 1360 1125 horrenda,
1379 1087 1423 1116 ut
1448 1091 1542 1116 esse,
1561 1078 1678 1115 nolim

171 1168 173 1170 -
226 1156 460 1195 quenquam,
480 1145 543 1195 qui
565 1156 611 1182 ea
635 1143 758 1188 vobis,
781 1142 1050 1187 Athenienses,
1070 1141 1322 1192 persuadeat:
1354 1141 1552 1180 hominum
1580 1139 1679 1179 enim

228 1207 326 1258 parti
347 1206 568 1258 sapientiori
593 1206 686 1243 satis
711 1212 749 1243 et
777 1218 890 1255 super
908 1211 968 1242 est
987 1203 1304 1242 documentorum
1325 1203 1361 1241 in
1380 1203 1562 1254 exemplis
1580 1215 1680 1254 prae·

228 1269 363 1314 teritis,
384 1275 427 1306 ut
446 1268 572 1305 denuo
592 1267 628 1304 in
649 1267 748 1305 idem
768 1279 902 1305 saxum
922 1267 1132 1317 impingere
1153 1272 1327 1303 caveant.

282 1333 320 1368 7.
350 1331 425 1369 Sed
449 1338 535 1369 sunt
555 1343 685 1367 rursus
708 1329 784 1374 alii,
800 1335 905 1367 tanto
927 1328 1062 1366 ardore
1082 1328 1187 1379 pacis
1203 1340 1315 1378 quam
1337 1327 1518 1364 citissime
1536 1332 1686 1364 contra-

229 1393 367 1431 hendae
387 1391 625 1437 inflammati,
645 1398 689 1429 ut
708 1390 773 1428 illo
792 1391 876 1441 ipso
897 1389 1151 1441 quadraginta
1173 1389 1318 1426 dierum
1341 1388 1476 1440 spatio,
1497 1386 1598 1438 quod
1622 1386 1682 1424 in-

231 1457 382 1494 dultum
403 1456 512 1494 nobis
537 1456 584 1492 ad
614 1453 902 1492 deliberandum
933 1453 1016 1497 fuit,
1038 1459 1182 1503 negent
1210 1453 1414 1502 quicquam
1444 1464 1541 1502 opus
1570 1463 1681 1493 esse:

230 1520 351 1572 quid?
379 1520 481 1571 quod
504 1532 549 1557 eo
569 1519 653 1570 ipso
684 1518 754 1555 sibi
782 1518 923 1555 factam
953 1530 976 1554 a
1004 1516 1114 1554 nobis
1145 1523 1352 1567 querantur
1382 1529 1465 1554 esse
1493 1515 1682 1566 injuriam,

230 1581 335 1633 quod
362 1581 511 1632 copiam
538 1578 774 1617 deliberandi
803 1578 910 1615 vobis
940 1577 1288 1628 impetraverimus:
1320 1577 1455 1615 missos
1484 1577 1583 1614 enim
1613 1589 1684 1615 nos

230 1643 318 1682 ideo
339 1643 514 1694 Spartam
536 1642 643 1679 aiunt
662 1653 747 1678 esse
766 1640 882 1691 plena
900 1652 986 1677 cum
1008 1645 1199 1689 potestate
1221 1639 1449 1677 decernendi
1477 1646 1592 1689 atque
1619 1638 1685 1676 sti-

231 1704 392 1757 pulandi
413 1704 574 1755 legatos,
593 1716 669 1754 quo
689 1703 761 1740 hac
784 1702 831 1739 de
852 1714 894 1739 re
914 1701 962 1738 ad
982 1714 1050 1738 vos
1076 1715 1204 1739 rursus
1232 1716 1279 1739 ne
1308 1702 1548 1740 referremus.
1606 1701 1684 1739 Re-

234 1765 396 1805 ferendo
417 1765 466 1802 ad
487 1778 555 1802 vos
575 1764 648 1802 hac
669 1770 775 1801 tanta
795 1763 842 1801 de
866 1776 918 1807 re,
934 1763 1036 1813 quod
1060 1763 1173 1800 saluti
1194 1771 1336 1801 nostrae
1357 1764 1584 1808 eaverimus,
1600 1776 1685 1801 eam

235 1841 307 1880 pro
334 1827 512 1866 cautione
540 1825 877 1863 meticulositatem
904 1824 1114 1875 appellant,
1138 1832 1328 1876 negantes
1357 1837 1527 1876 unquam
1553 1824 1687 1871 fuisse,

237 1889 317 1941 qui,
331 1888 573 1939 simplicitate
589 1894 703 1937 atque
720 1886 936 1926 sinceritate
956 1885 1138 1924 orationis
1156 1886 1479 1937 consiliorumque
1494 1899 1603 1931 usus,
1618 1898 1688 1924 vos

239 1965 261 1989 e
282 1951 393 1989 malis
410 1949 544 1987 vestris
563 1948 776 1998 eripuisset,
793 1947 860 1985 sed
881 1960 946 1985 eos
967 1959 1054 1984 esse
1074 1961 1140 1986 vos
1162 1948 1321 1993 aientes,
1336 1947 1402 1999 qui
1422 1947 1562 1985 servari
1581 1953 1620 1986 et
1639 1947 1688 1986 ad

240 2013 402 2052 salutem
422 2010 552 2049 reduci
573 2009 700 2047 nolitis
719 2008 840 2054 aliter,
856 2021 969 2059 quam
991 2016 1056 2046 aut
1074 2009 1325 2047 clandestinis
1345 2009 1690 2047 machinationibus

240 2087 327 2126 quae
347 2072 484 2111 sedulo
504 2071 678 2109 celentur
697 2077 813 2120 atque
833 2070 881 2107 ab
901 2068 1022 2107 oculis
1043 2076 1082 2107 et
1101 2083 1123 2107 a
1141 2070 1358 2122 cognitione
1384 2076 1511 2107 vestra
1537 2082 1692 2108 amove-

241 2143 367 2181 antur,
379 2141 448 2172 aut
458 2133 639 2184 captiosis
653 2131 818 2182 strophis
835 2130 974 2181 quibus
991 2130 1239 2169 deludamini.
1280 2132 1406 2175 Quam
1424 2143 1496 2181 ego
1509 2131 1692 2169 orationis

242 2195 513 2248 turpitudinem
529 2207 631 2244 nego
646 2193 733 2230 mihi
749 2192 912 2244 probari.
961 2192 1127 2237 Etenim,
1141 2193 1410 2237 Athenienses,
1423 2192 1522 2230 bello
1537 2192 1691 2243 quidem

243 2264 412 2302 tenente,
441 2256 500 2294 aio
528 2256 659 2305 utique
688 2255 955 2304 imperatorem
984 2254 1096 2304 frugi,
1125 2257 1216 2304 reip.
1246 2253 1419 2291 deditum
1449 2253 1692 2305 eundemque

241 2319 486 2372 prudentem,
499 2317 659 2368 ejusque
675 2316 727 2353 rei
742 2328 855 2365 quam
873 2315 955 2365 agit
969 2323 1128 2361 certum,
1142 2323 1318 2367 oportere
1333 2315 1492 2354 consilia
1508 2329 1578 2354 sua
1590 2317 1691 2354 clam

242 2382 448 2434 plerosque
467 2380 610 2430 agitare
630 2378 847 2428 militesque
868 2378 1104 2428 ignoratione
1124 2379 1381 2417 discriminum
1409 2379 1692 2431 propositaeque

246 2443 328 2496 spei
346 2442 616 2480 blandimentis
636 2440 792 2478 delusos
813 2440 861 2478 ad
890 2439 1110 2478 discrimina
1138 2440 1356 2483 adducere;
1380 2440 1427 2478 de
1455 2453 1549 2491 pace
1565 2450 1694 2479 autem

246 2504 436 2556 agitantes
456 2503 604 2554 legatos
625 2515 683 2548 ea,
699 2515 786 2552 quae
805 2509 943 2539 etcum
961 2503 1137 2540 universa
1153 2503 1306 2541 Graecia
1318 2503 1634 2541 communicanda
1646 2505 1697 2542 sit

248 2564 546 2617 etjurisjurandi
567 2563 749 2614 religione
770 2563 977 2601 sancienda
1003 2572 1041 2601 et
1060 2564 1251 2602 literarum
1276 2563 1531 2603 monumentis
1559 2577 1695 2604 conse-

247 2628 392 2668 cranda
422 2627 527 2665 stelae
550 2625 702 2677 publice
727 2625 813 2661 fixae
843 2625 1194 2675 insculpendarum‚
1215 2638 1316 2676 nego
1345 2625 1493 2670 decere,
1521 2632 1565 2662 ut
1591 2638 1696 2663 com-

250 2691 417 2736 mittant,
433 2696 474 2727 ut
492 2697 578 2727 acta
597 2700 667 2725 sua
686 2685 838 2723 occulta
858 2686 934 2723 sint
952 2694 1018 2723 aut
1038 2694 1079 2724 ut
1097 2686 1245 2724 callidis
1266 2685 1430 2737 strophis
1448 2697 1515 2722 vos
1535 2685 1698 2724 circum-

250 2752 503 2798 veniant,imo
519 2763 608 2788 vero
624 2749 774 2787 laudem
790 2759 854 2784 eos
872 2748 1006 2785 mereri
1022 2749 1144 2799 magis
1161 2761 1274 2799 quam
1292 2754 1436 2791 notam,
1451 2747 1495 2791 si,
1508 2755 1699 2798 potestate

255 2828 278 2852 a
298 2814 403 2852 vobis
425 2813 516 2851 data
536 2825 602 2864 pro
622 2810 805 2849 arbitratu
827 2821 895 2846 suo
917 2808 1144 2847 decernendi
1165 2817 1280 2860 atque
1309 2808 1541 2859 paciscendi,
1562 2809 1614 2846 nil
1640 2809 1700 2847 usi

254 2888 441 2915 summam
466 2874 711 2912 consiliorum
741 2871 790 2908 ad
821 2883 889 2909 vos
923 2870 1135 2908 retulerint.
1194 2871 1357 2921 Oportet
1383 2871 1513 2922 itaque
1541 2869 1700 2908 consilia

255 2937 407 2989 quidem
428 2949 562 2987 capere
582 2948 696 2986 quam
716 2932 794 2971 fieri
809 2939 934 2984 potest
949 2932 1152 2979 tutissima,
1165 2945 1252 2982 quae
1268 2939 1395 2970 autem
1413 2931 1530 2970 semel
1546 2931 1698 2983 depecti
