1822 3219
265 147 313 183 62
808 147 1181 188 ANT1PHONT1S

261 246 331 285 sed
344 246 412 285 illa
427 248 542 294 irrita,
559 249 893 289 excruciaremini.
951 251 1158 302 Nunquam
1172 256 1300 290 autem
1316 261 1383 289 vos
1398 249 1576 300 poenituit
1588 256 1720 289 sontes

260 308 485 355 absolvisse,
506 310 536 347 si
559 311 625 361 qui
651 312 842 350 facundiae
867 325 948 350 suae
973 313 1177 362 praestigiis
1205 311 1312 350 vobis
1335 310 1507 361 deceptis
1533 311 1721 349 innocen-

259 369 352 406 tium
370 382 479 407 suam
495 372 787 422 approbassent,
802 373 954 411 tametsi
970 385 1036 412 eos
1052 373 1285 424 oportuisset
1299 371 1356 409 vel
1373 372 1534 410 maxime
1547 383 1723 422 pessum-

260 430 355 477 dari,
375 432 501 472 sinon
523 433 598 471 alia
624 433 673 471 de
695 447 825 479 causa,
847 434 974 472 saltim
1002 447 1060 481 ea,
1086 435 1189 485 quod
1221 433 1431 472 mendaciis
1459 445 1529 471 vos
1555 433 1719 472 circum-

257 493 470 532 venissent.
528 495 723 534 Praeterea
753 509 841 533 cum
878 509 1024 534 errores
1054 497 1296 535 involuntarii
1327 495 1477 534 veniam
1506 494 1718 539 inveniunt,

259 562 340 591 tum
358 555 560 592 voluntarii
579 556 690 593 venia
700 565 834 593 curent
850 569 859 594 z
880 569 984 594 error
999 557 1096 595 cuim
1111 556 1407 599 involuntarius,
1420 555 1619 602 ojudices,
1631 553 1719 591 forti

258 614 424 653 fortunae
442 616 479 652 in
500 617 673 666 acceptis
693 617 865 660 refertur,
884 616 1125 655 voluntarius
1146 624 1274 655 autem
1297 615 1544 653 destinationi
1567 613 1718 653 consilii

255 682 296 712 et
326 676 509 726 propositi
549 676 774 725 imputatur.
839 677 960 725 Ecqui
989 683 1116 714 autem
1146 677 1248 714 aliud
1279 676 1483 725 quicquam
1514 673 1716 713 voluntarii

256 748 397 773 nomen
418 743 619 781 mereatur,
638 750 753 787 quam
772 737 802 774 si
826 737 928 787 quis,
949 737 1000 775 ob
1022 749 1110 787 quae
1139 736 1394 774 deliberatum
1420 735 1652 780 consederit,
1670 747 1718 773 ea

257 803 347 834 ante
367 796 682 836 deliberationem
703 798 875 848 protinus
896 797 1149 847 exsequatur?
1205 797 1330 834 Velim
1350 797 1509 847 insuper
1526 796 1601 834 hoc
1619 808 1716 846 quo·

254 870 332 907 que
350 870 420 895 vos
439 858 635 895 vobiscum
659 864 850 908 reputare,
874 858 952 896 sive
972 871 1084 897 manu
1106 867 1146 897 tu
1169 870 1402 909 quemquam
1426 870 1494 908 per
1513 858 1621 895 nefas
1648 869 1716 895 oc-

253 917 405 962 cideris,
427 919 507 955 sive
526 919 716 956 sententia
735 926 802 956 tua
823 920 873 957 ad
892 921 1037 958 exitum
1058 920 1149 958 facti
1168 926 1208 957 et
1225 920 1276 958 ad
1295 919 1588 958 aestimationem
1604 918 1717 969 juris,

252 982 408 1030 perinde
428 982 467 1018 id
486 995 586 1020 esse.
642 982 759 1024 Quod
781 983 812 1019 si
832 982 1052 1034 hujusmodi
1072 983 1250 1021 facinoris
1269 983 1500 1033 cujusquam
1521 993 1596 1031 ego
1622 979 1714 1017 mihi

252 1042 432 1079 conscius
448 1042 625 1087 fuissem,
646 1044 816 1093 profecto
835 1056 1033 1093 nunquam
1060 1044 1197 1094 pedem
1220 1044 1258 1080 in
1281 1043 1383 1081 hanc
1402 1044 1536 1080 urbem
1562 1039 1714 1079 intulis-

253 1115 348 1148 sem,
376 1103 425 1142 de
459 1116 534 1154 quo
559 1115 628 1140 vos
657 1110 785 1141 certos
814 1116 896 1141 esse
918 1104 1056 1142 velim:
1079 1104 1161 1154 jam
1191 1115 1280 1141 vero
1309 1103 1395 1141 veni
1424 1102 1515 1147 huc,
1541 1100 1715 1139 bonitate

250 1174 384 1199 causae
402 1175 499 1200 meae
518 1162 661 1206 fretus3
691 1170 729 1200 et
746 1163 827 1200 viro
846 1165 949 1201 bono
966 1163 1207 1214 honestoque
1227 1163 1489 1212 adjumentum
1510 1161 1616 1200 aliud
1630 1160 1715 1198 nul-

251 1223 333 1260 lum
353 1223 466 1261 debet
486 1225 613 1262 carius
633 1237 719 1262 esse
741 1237 867 1275 neque
887 1225 990 1262 aliud
1019 1224 1173 1276 majoris
1199 1224 1296 1270 fieri,
1320 1237 1436 1274 quarn
1464 1222 1716 1268 conscientia,

252 1284 344 1321 nihil
365 1297 388 1321 a
407 1298 448 1322 se
470 1286 718 1325 commissum
743 1298 840 1330 esse,
859 1299 936 1336 quo
962 1285 1145 1336 majestas
1175 1285 1335 1323 deorum
1354 1285 1560 1323 violaretur
1588 1283 1713 1333 iisque

249 1344 381 1382 debita
408 1345 531 1396 pietas
560 1352 880 1396 corrumperetur.
937 1346 1034 1384 Haec
1059 1346 1204 1397 optima
1228 1353 1268 1384 et
1287 1346 1476 1384 fidissima
1493 1344 1713 1383 certaminis

248 1405 424 1455 capitalis
444 1406 689 1443 secundatrix
711 1413 793 1444 est:
824 1420 912 1444 nam
934 1407 1124 1457 ejusmodi
1143 1420 1207 1445 reo
1226 1407 1380 1445 tametsi
1399 1419 1540 1457 corpus
1564 1406 1713 1456 magni-

248 1465 382 1503 tudine
404 1474 520 1516 atque
539 1466 789 1504 diuturnitate
810 1468 1070 1505 molestiarum
1096 1468 1258 1505 fractum
1284 1475 1323 1505 et
1348 1467 1554 1517 fatigatum
1582 1466 1712 1505 conci-

247 1526 341 1564 dere
360 1533 474 1577 atque
491 1528 718 1565 occumbere
735 1527 911 1572 minetur,
925 1527 1081 1578 erigitur
1100 1534 1227 1565 tamen
1249 1534 1288 1565 et
1307 1527 1356 1566 ad
1375 1527 1538 1565 salutem
1555 1538 1712 1565 conser-

246 1594 360 1625 vatur
381 1590 430 1625 ab
451 1589 565 1628 animi
584 1587 822 1633 fortitudine,
843 1589 1080 1626 conscientia
1106 1589 1336 1626 innocentiae
1357 1601 1436 1627 suae
1462 1587 1578 1626 erecti
1603 1587 1710 1626 ideo-

247 1661 324 1698 que
344 1648 528 1687 adversus
552 1649 752 1687 molestias
777 1649 1007 1687 adventitias
1031 1649 1263 1687 contendere
1291 1649 1412 1700 parati
1437 1656 1477 1686 et
1503 1648 1712 1699 perdurare

248 1710 418 1747 nitentis.
476 1709 656 1748 Criminis
684 1716 813 1748 autem
843 1711 873 1748 si
904 1711 966 1748 cui
992 1711 1137 1748 officiat
1164 1711 1412 1755 conscientia,
1440 1722 1520 1747 non
1548 1709 1645 1747 alius
1673 1709 1709 1751 ei

247 1770 370 1809 hostis
403 1771 630 1809 adversatur
663 1771 786 1821 magis
818 1770 1139 1816 reformidandus,
1170 1784 1283 1821 quam
1317 1770 1557 1809 conscientia
1593 1769 1709 1814 mala,

247 1830 370 1880 prima
399 1831 484 1869 haee
512 1832 550 1868 in
577 1844 663 1868 eum
695 1831 908 1882 consurgit,
935 1838 975 1869 et
1000 1844 1088 1870 cum
1118 1831 1231 1870 armis
1257 1830 1540 1870 infestissimis:
1569 1842 1710 1880 corpus

245 1891 349 1928 enim
378 1892 528 1929 etiamsi
557 1891 686 1930 adhuc
716 1891 884 1929 validum
913 1892 1062 1930 animus
1097 1900 1227 1930 tamen
1259 1899 1350 1930 ante
1379 1899 1543 1942 tempus,
1568 1891 1711 1929 viribus

245 1952 348 1991 illius
371 1954 542 1991 nondum
566 1953 783 1998 exinanitis,
804 1953 993 1999 destituit,
1014 1954 1238 1992 existimans
1265 1953 1529 1992 imminentem
1553 1965 1707 2004 poenam

244 2014 317 2051 sibi
339 2015 513 2052 meritam
532 2015 661 2052 venire
681 2015 890 2053 sceleribus
909 2017 977 2053 abs
996 2028 1036 2054 se
1052 2016 1282 2054 commissis.
1339 2016 1438 2054 Veni
1457 2028 1550 2066 ergo
1570 2015 1619 2053 ad
1640 2028 1709 2054 vos

247 2081 287 2112 et
303 2082 534 2124 potestatem
557 2076 629 2112 mei
651 2077 757 2114 vobis
775 2076 864 2121 feci,
882 2083 1017 2127 utpote
1040 2077 1182 2115 nullius
1209 2077 1368 2116 sceleris
1394 2076 1485 2115 mihi
1510 2077 1708 2116 conscius.

246 2136 429 2174 Inimicos
447 2143 574 2174 autem
595 2149 703 2174 meos
724 2150 785 2174 me
805 2137 1026 2175 criminibus
1042 2137 1315 2175 commentitiis
1331 2136 1380 2174 ad
1394 2149 1462 2174 vos
1479 2137 1707 2175 infamatum

245 2202 286 2232 et
306 2208 373 2233 vos
393 2209 416 2234 a
433 2210 495 2233 me
516 2197 776 2234 abalienatum
796 2205 911 2247 atque
933 2198 1140 2248 deceptum
1156 2198 1222 2243 ire,
1236 2198 1275 2234 id
1294 2210 1382 2236 vero
1396 2197 1612 2236 mirandum
1629 2211 1707 2236 non

244 2263 318 2293 est.
375 2257 453 2294 Sed
472 2263 640 2294 vestrum
659 2264 720 2294 est
739 2257 941 2295 calumniis
961 2258 1075 2295 fidem
1094 2258 1300 2308 denegare.
1359 2257 1457 2296 Mihi
1472 2258 1573 2296 enim
1590 2259 1622 2297 si
1636 2260 1706 2298 ob-

245 2316 482 2363 secundetis,
500 2317 593 2353 nihil
613 2317 716 2354 aliud
738 2317 847 2355 vobis
866 2318 1074 2355 verendum
1096 2326 1168 2363 est,
1189 2332 1304 2369 quam
1322 2318 1408 2364 hoc,
1425 2325 1470 2356 ut
1483 2326 1622 2357 vestrae
1638 2333 1705 2358 vos

243 2377 440 2414 facilitatis
460 2376 702 2427 postmodum
723 2378 928 2428 poeniteat:
959 2379 1063 2429 atqui
1084 2380 1319 2430 poenitentiae
1341 2379 1454 2430 hujus
1475 2381 1703 2425 remedium,

244 2438 361 2488 idque
381 2438 418 2475 in
438 2446 565 2476 vestra
591 2446 784 2489 potestate
809 2440 978 2490 positum
1000 2447 1072 2485 est,
1093 2448 1134 2477 ut
1160 2453 1220 2478 me
1247 2441 1494 2490 postmodum
1521 2441 1700 2491 puniatis.

243 2499 392 2536 Horum
407 2506 537 2537 autem
557 2500 595 2536 in
615 2502 843 2538 auctoritate
856 2501 886 2538 si
900 2501 1063 2546 fueritis,
1081 2514 1158 2539 non
1174 2502 1305 2540 licebit
1321 2502 1426 2540 vobis
1441 2502 1702 2552 postmodum,

241 2561 377 2598 horum
406 2562 565 2612 imperia
592 2562 798 2607 exsecutis,
831 2570 977 2613 pestem
1008 2563 1124 2601 semel
1155 2563 1360 2602 admissam
1391 2577 1521 2602 rursus
1550 2576 1700 2602 sanare.

244 2622 383 2672 Neque
402 2630 585 2672 mag-num
605 2624 676 2660 erit
696 2623 876 2673 temporis
897 2624 1229 2670 intertrimentum,
1247 2624 1277 2661 si
1294 2637 1448 2675 poenam
1469 2637 1593 2662 meam
1615 2633 1700 2662 tan-

241 2681 360 2732 tisper
388 2683 594 2721 differatis:
625 2683 739 2733 paulo
766 2690 857 2734 post
883 2684 984 2721 enim
1014 2685 1140 2723 veniet
1167 2692 1336 2736 tempus,
1364 2698 1454 2735 qu0‚
1485 2685 1517 2723 si
1545 2698 1698 2735 aequum

242 2745 462 2791 censebitis,
478 2745 581 2794 juste
603 2753 717 2794 atque
742 2745 913 2795 legitime
936 2746 973 2782 in
1000 2759 1060 2784 me
1087 2746 1300 2784 decernatis
1325 2745 1378 2793 id,
1398 2746 1502 2796 quod
1528 2755 1570 2784 ut
1595 2760 1698 2785 nunc

240 2803 372 2853 iniquo
401 2812 568 2855 tempore
597 2804 826 2851 decernatis,
847 2805 885 2843 hi
910 2807 1018 2844 vobis
1044 2815 1220 2844 auctores
1246 2814 1348 2844 sunt.
1405 2807 1494 2844 Non
1514 2814 1574 2846 est
1591 2807 1698 2845 festi-

244 2864 413 2902 nantium
436 2879 493 2903 res
514 2880 692 2918 prospere
707 2875 745 2906 et
761 2867 945 2917 praeclare
966 2880 1109 2917 gerere,
1127 2867 1195 2906 sed
1211 2875 1313 2906 recte
1329 2875 1365 2906 et
1383 2880 1569 2919 suspensa
1584 2875 1696 2918 atque
