1822 3219
253 162 301 196 82
784 164 1092 203 ANDoc1D1s

250 275 361 302 servo
390 278 527 304 nomen
555 272 638 304 erat
658 265 942 305 Andromacho.
1000 267 1051 313 Is,
1077 265 1265 317 promissa
1293 264 1449 303 decreto
1478 263 1703 315 impunitate

251 324 282 362 si
312 325 515 374 indicaret,
545 327 796 373 confirmavit,
829 340 938 366 sacra
968 327 1168 365 Eleusinia
1194 339 1262 378 per
1293 326 1449 364 mimum
1466 325 1703 376 domiPuly-

250 385 364 425 tionis
383 389 445 440 agi
462 401 472 426 z
503 388 744 428 Alcibiadem
758 395 798 427 et
817 388 1016 427 Niciadem
1035 396 1076 427 et
1095 388 1283 426 Meletum
1301 400 1415 438 agere
1430 394 1557 439 partes
1575 399 1703 426 sacer.

249 447 383 487 dotum
403 463 511 489 sacra
532 451 767 498 facientium,
785 451 853 490 sed
873 451 966 490 alios
984 463 1136 502 quoque
1150 450 1284 489 adesse
1312 455 1550 500 spectatores
1570 461 1701 488 eorum

248 523 336 561 quae
355 513 502 559 fierent,
524 513 645 565 quid?
678 514 783 565 quod
802 526 932 552 servos
954 513 1052 552 adeo
1071 512 1265 557 interesse,
1284 519 1329 550 ut
1342 525 1383 550 se
1408 511 1642 562 fratremque
1662 516 1704 549 et

250 573 447 613 Hicesiam
480 575 673 614 tibicinem
701 583 740 615 et
770 575 903 614 Meleti
934 588 1101 614 servum.
1167 575 1320 613 Primus
1339 573 1454 625 igitur
1472 572 1535 611 hic
1548 571 1702 610 Andro-

246 635 405 674 machus
433 636 514 675 haec
540 638 738 684 indicavit,
759 644 799 676 et
817 637 952 676 horum
972 637 1093 676 edidit
1123 636 1293 680 nomina,
1320 648 1344 673 a
1367 633 1702 674 commentariensi

244 697 409 748 publicis
429 700 466 736 in
486 699 625 738 tabulis
645 700 936 751 consignanda:
967 711 1127 750 quorum
1145 711 1222 736 non
1242 697 1314 736 nisi
1340 710 1438 736 unus
1458 695 1701 747 Polystratus

246 759 547 810 comprehensus
574 768 610 799 et
637 761 749 798 morti
769 762 883 799 datus
910 761 1002 804 fuit;
1034 760 1167 811 reliqui
1186 760 1287 798 enim
1303 758 1397 809 suga
1414 764 1633 804 evaserunt,
1660 763 1700 795 et

245 828 457 861 extremum
494 823 713 862 devitarunt
751 823 995 875 supplicium,
1028 823 1130 874 quod
1160 835 1229 861 vos
1259 822 1352 873 ipsis
1385 821 1542 861 decreto
1571 827 1698 860 vestro

242 881 522 934 irrogaveratis.
580 886 687 936 Cape
704 891 743 922 tu
759 885 857 923 istoc
877 891 916 923 et
929 885 1060 923 recita.

847 963 1084 1001 NOMINA.

296 1030 527 1062 Andromaclius
543 1033 635 1061 hosce
660 1031 822 1067 indicavit,
848 1032 1054 1067 Alcibiadem,
1080 1031 1251 1068 Niciadem‚
1281 1032 1440 1066 Meletum,
1467 1029 1697 1068 Archebiaderu‚

242 1079 443 1121 Archippum,
460 1082 642 1121 Diogenem,
655 1081 875 1121 Polystratum,
889 1082 1126 1117 Aristomenem,
1143 1082 1272 1118 Ioniam,
1289 1082 1465 1112 Panaetium.

240 1137 367 1178 Prima
386 1140 457 1179 fuit
475 1141 572 1188 haec,
593 1154 615 1178 0
643 1140 726 1187 viri,
748 1142 796 1179 ab
816 1140 1090 1179 Andromacho
1112 1141 1216 1179 facta
1240 1141 1423 1179 indicatio
1450 1147 1584 1179 contra
1611 1139 1696 1186 hos,

240 1214 337 1252 quos
356 1201 446 1240 dixi.
505 1203 553 1240 Et
574 1210 613 1240 tu
634 1202 710 1240 cita
725 1201 816 1239 mihi
832 1201 1083 1253 Diognetum.
1567 1217 1569 1219 ·

279 1271 351 1307 Dic,
374 1271 538 1312 Diognete,
554 1271 678 1302 fuistine
705 1272 878 1311 inquisitor,
904 1282 973 1302 cum
998 1272 1190 1311 Pythonicus
1214 1272 1243 1302 in
1268 1271 1413 1302 concione
1435 1271 1540 1312 populi
1560 1271 1698 1302 Alcibia-

238 1322 307 1351 dem
325 1323 476 1353 deferret?
500 1323 567 1353 Fui.
614 1323 707 1353 Nosti
731 1333 804 1363 ergo
822 1323 1064 1353 Andromachum
1090 1323 1244 1354 indicasse
1261 1334 1310 1359 ea,
1332 1334 1400 1363 quae
1420 1323 1503 1353 domi
1527 1322 1698 1363 Pulytiouis

237 1373 366 1404 fierent?
410 1375 502 1404 Novi.
549 1374 680 1404 Nomina
698 1374 844 1410 virorum,
861 1385 936 1414 quos
954 1374 1006 1405 ille
1022 1375 1143 1411 detulit,
1158 1379 1267 1406 suntne
1282 1375 1369 1405 haec?
1414 1375 1501 1405 Sunt.

237 1431 416 1473 Secunda
431 1434 593 1485 priorem
612 1434 714 1472 illam
735 1435 893 1485 excepit
920 1434 1160 1472 denuntiatio
1187 1434 1283 1473 haec.
1339 1434 1486 1473 Teucer
1508 1441 1592 1472 erat
1608 1434 1694 1484 qui-

234 1496 339 1542 dam,
364 1497 541 1547 quicum
564 1496 806 1547 valiquamdiu
833 1510 913 1535 rem
943 1498 1040 1535 inter
1071 1509 1141 1535 nos
1175 1509 1244 1548 pro
1273 1496 1461 1546 inquilino
1493 1495 1697 1534 habuisset

235 1559 473 1605 familiarem,
493 1560 584 1598 hinc
603 1562 781 1612 migravit
799 1562 1010 1612 periculum
1031 1562 1208 1599 devitans
1229 1569 1268 1599 et
1288 1562 1490 1612 Megaram
1508 1573 1551 1599 se
1569 1567 1692 1599 trans-

235 1620 335 1659 tulit.
406 1622 523 1660 Unde
551 1624 702 1661 senatui
722 1623 984 1674 [Atheniensi]
1012 1623 1236 1674 recipiebat,
1266 1624 1297 1661 si
1318 1623 1584 1674 impunitatem
1607 1621 1692 1660 adi-

233 1682 458 1732 pisceretur,
477 1697 720 1735 quaecunque
748 1684 796 1722 de
816 1685 934 1722 saeris
949 1684 1163 1735 profanatis
1185 1691 1331 1728 nosset,
1350 1684 1477 1723 omnia
1494 1685 1596 1722 bona
1613 1683 1691 1722 fide

232 1743 506 1792 indicaturum,
527 1746 669 1797 quippe
689 1746 752 1796 qui
769 1746 921 1784 sceleris
953 1759 1112 1785 consors
1143 1754 1183 1784 et
1215 1746 1435 1784 administer
1468 1745 1622 1791 fuisset,
1651 1751 1691 1784 et

234 1806 399 1857 reliquos
420 1807 644 1845 nominatim
678 1808 918 1859 proditurum
951 1810 1017 1859 qui
1049 1821 1181 1847 secum
1217 1808 1347 1847 scelus
1377 1808 1690 1859 participassent,

233 1878 304 1906 nec
322 1881 398 1906 non
425 1869 473 1907 de
500 1869 657 1909 Hermis
682 1870 868 1908 mutilatis
902 1884 989 1921 quae
1024 1878 1155 1909 nosset
1174 1871 1302 1909 omnia
1321 1871 1358 1908 in
1379 1870 1506 1908 lucem
1525 1869 1691 1921 prolatu-

231 1943 330 1968 rum.
389 1931 555 1969 Decreto
577 1939 796 1971 senatus—
812 1934 873 1971 cui
899 1933 1053 1984 plenam
1074 1941 1305 1985 potestatem
1333 1946 1402 1984 pro
1435 1932 1590 1971 arbitrio
1618 1944 1690 1970 suo

229 1991 302 2030 hac
322 1992 361 2029 in
382 2005 421 2030 re
438 1993 580 2043 agendi
598 1993 708 2044 plebs
729 1994 887 2032 dederat
899 2016 964 2041 -,
977 1996 1188 2034 missisunt
1204 1997 1406 2046 Megaram
1421 1995 1486 2046 qui
1496 1996 1688 2034 Teucrum

229 2054 335 2093 illinc
352 2064 613 2096 arcesserent:
645 2058 690 2103 is,
720 2059 921 2110 impetrata
945 2059 1185 2111 impunitate,
1217 2060 1294 2098 huc
1325 2073 1513 2107 reversus,
1532 2061 1691 2099 nomina

231 2117 374 2156 edebat
392 2131 521 2156 eorum
542 2112 638 2169 quos
653 2120 712 2158 sui
735 2133 866 2158 secum
887 2122 1042 2161 sceleris
1062 2122 1187 2160 aiebat
1199 2134 1285 2160 esse
1303 2128 1515 2160 consortes.
1559 2121 1687 2160 Etiam

229 2178 267 2215 hi
297 2179 510 2218 secundum
539 2181 675 2219 Teucri
701 2181 883 2220 indicium
912 2183 1006 2233 fuga
1029 2183 1193 2221 salutem
1218 2183 1456 2231 quaerebant.
1511 2181 1619 2233 Cape
1647 2187 1690 2220 tu

231 2240 321 2277 mihi
337 2241 421 2279 haec
435 2241 604 2292 ipsorum
624 2243 780 2281 nomina
796 2239 912 2292 atque
928 2243 1061 2282 recita.

837 2320 1074 2359 NOMINA.

289 2389 410 2418 Teucer
432 2389 488 2419 hos
513 2388 672 2424 indicavit,
701 2390 879 2427 Phaedrmn,
915 2390 1150 2430 Gnipbonidem‚
1178 2391 1366 2426 Isonomurn,
1397 2389 1686 2430 Hephaestodorum,

227 2439 481 2479 Cephisodorum,
509 2449 541 2469 se
567 2440 678 2478 ipsum,
706 2441 907 2481 Diognetum,
938 2441 1176 2480 Smindyridem,
1205 2441 1686 2481 Philocratem‚-Autiphontem,

226 2490 415 2526 Tisarchum,
431 2491 619 2520 Pantaclem.

228 2549 458 2587 Meministis
477 2550 620 2601 utique,
643 2550 723 2595 viri,
745 2552 858 2589 etiam
878 2552 962 2590 haec
989 2554 1118 2591 omnia
1139 2566 1267 2592 coram
1295 2553 1402 2591 vobis
1431 2551 1684 2590 confessioni-

224 2614 298 2650 bus
315 2625 399 2650 esse
414 2613 652 2651 confirmata.
709 2613 837 2651 Tertia
852 2620 931 2651 tum
946 2615 1049 2653 facta
1068 2622 1126 2654 est
1155 2615 1264 2653 istaec
1290 2614 1484 2652 indicatio.
1540 2613 1684 2652 Mulier

228 2674 422 2724 quaedam,
444 2673 627 2724 Agarista
656 2675 825 2721 nomine,
845 2688 932 2725 quae
951 2689 1069 2727 penes
1086 2676 1390 2715 Alcmaeonidem
1422 2688 1525 2714 nunc
1556 2682 1616 2714 est
1642 2676 1683 2714 in

226 2736 480 2781 matrimonio,
513 2737 605 2776 olim
641 2736 761 2789 penes
795 2738 1012 2776 Damonem
1040 2739 1126 2784 fuit,
1157 2739 1243 2777 haec
1274 2739 1390 2789 igitur
1418 2738 1612 2784 indicavit,
1641 2738 1681 2776 in

227 2796 342 2835 domo
360 2797 592 2844 Charmidae,
612 2812 700 2850 quae
718 2812 836 2851 prope
866 2800 996 2837 fanum
1016 2799 1126 2838 Jovis
1147 2798 1322 2851 Olympii
1351 2805 1423 2846 est,
1440 2799 1680 2838 Alcibiadem

226 2870 333 2895 sacra
353 2871 492 2897 arcana
511 2861 683 2899 factitare
711 2873 782 2899 nec
813 2873 891 2899 non
918 2861 1135 2899 Axiochum
1158 2868 1196 2899 et
1220 2861 1498 2899 Adimantumz
1538 2861 1586 2899 ab
1606 2860 1679 2899 hac

227 2911 456 2958 indicatione
477 2921 589 2959 etiam
610 2922 646 2958 hi
671 2921 926 2974 auffugerunt.
988 2922 1073 2960 Una
1108 2922 1233 2961 adhuc
1264 2936 1376 2974 super
1402 2930 1462 2961 est
1496 2921 1678 2960 indicatio
