1822 3219
227 105 276 138 48
758 101 1126 139 ANTIPHONTIS

229 209 268 240 et
282 202 342 240 sic
362 209 479 252 ponto
497 202 690 254 dejectum
711 202 826 250 fuitJ?
883 202 1054 240 Necesse
1082 200 1254 252 profecto
1281 204 1340 238 est
1369 201 1465 239 iilud
1484 202 1677 253 navigium

227 275 346 300 unum
360 262 482 301 fnisse
501 270 584 300 turn
601 263 636 300 in
654 269 767 313 portu
788 262 982 300 stantium.
1041 262 1115 305 Qui
1133 275 1224 311 ergo
1238 261 1385 298 factum
1408 268 1482 308 est,
1501 269 1542 300 ut
1569 262 1678 300 navi-

229 324 330 374 gium
347 323 422 362 boc
438 336 516 361 non
537 323 767 362 inveniretur
781 323 886 373 [licet
905 322 1040 361 sedulo
1061 324 1109 360 ab
1130 322 1291 360 inimicis
1312 321 1408 359 meis
1427 322 1647 372 quaesitum]
1663 323 1679 359 2

227 383 436 429 Psaetenea,
454 396 531 434 qua
549 384 587 421 in
617 397 712 422 nave
732 384 846 421 homo
860 383 1061 434 jugulatus
1081 389 1121 420 et
1140 395 1159 420 e
1186 395 1262 433 qua
1281 383 1318 419 in
1344 382 1471 420 undas
1492 383 1678 434 praecipa-

228 450 349 482 tatum
374 444 538 482 cadaver
562 444 644 494 ejus
670 450 787 489 esset,
813 443 851 480 in
872 455 916 480 ea
934 450 1234 480 consentaneum
1255 449 1337 480 erat
1360 449 1469 480 notas
1488 443 1679 493 quasdam

224 511 344 543 tantae
375 505 566 542 violentiae
598 504 811 543 cernendas
840 511 1027 554 prostare.
1084 503 1215 553 Atqui,
1245 516 1322 553 qua
1348 503 1386 540 iu
1418 515 1516 540 nave
1535 503 1680 553 potavit

227 564 403 603 Herodes
430 572 468 603 et
487 579 506 603 e
533 579 610 616 qua
629 564 840 609 exscendh,
861 565 898 600 in
928 576 974 601 ea
1007 576 1093 600 eum
1114 564 1255 613 perisse
1277 571 1462 614 negantes
1478 562 1529 608 hi,
1549 569 1679 601 tamen

224 626 340 663 iidem
361 625 493 663 eadem
517 626 553 662 in
580 639 675 663 nave
706 638 746 663 se
779 624 884 662 aiunt
913 625 1025 661 sactae
1052 623 1167 661 caedis
1200 623 1340 661 indicia
1361 623 1572 674 reperisse;
1603 635 1681 674 qua

225 694 349 724 autem
378 699 475 725 nave
504 687 732 737 perductum
760 686 924 723 cadaver
957 685 994 723 in
1017 684 1136 722 altum
1158 684 1231 722 fuit
1251 692 1289 731 et
1318 684 1422 722 illinc
1443 683 1556 722 undis
1579 696 1678 722 mer-

225 759 323 794 sum,
339 759 423 785 eam
443 759 575 786 navem
597 760 722 798 neque
741 747 968 783 invenerunt
988 745 1122 795 ipsam,
1143 757 1268 794 neque
1289 745 1470 782 indicium
1491 745 1610 782 ullum
1626 744 1677 782 ad

225 819 310 845 eam
329 807 519 846 deferens.
579 808 702 845 Etiam
724 807 857 844 harum
877 818 1002 843 rerum
1022 812 1141 843 testes
1161 806 1269 844 vobis
1290 805 1491 843 exhibebo.

838 912 1053 949 TESTES.

225 990 278 1028 Ut
305 995 433 1027 autem
454 991 578 1027 Lesbo
604 1002 740 1026 versus
763 989 901 1026 AEnum
923 989 1125 1034 solveram,
1148 996 1187 1026 et
1213 989 1276 1025 illa
1302 989 1422 1034 navis,
1442 989 1479 1026 in
1499 999 1576 1038 qua
1602 1001 1676 1040 ego

219 1062 296 1088 una
315 1063 402 1088 cum
424 1048 579 1087 Herode
606 1049 795 1100 Mitylena
812 1056 968 1087 evectus
993 1049 1154 1094 fueram,
1190 1048 1282 1086 illuc
1302 1048 1480 1094 redierat,
1511 1050 1674 1098 primum

221 1112 503 1150 inscendebant
523 1111 560 1147 in
593 1123 677 1147 eam
713 1123 849 1148 navem
883 1117 996 1161 atque
1024 1110 1352 1161 pervestigabant,
1381 1115 1420 1146 et
1438 1109 1677 1148 invenientes

224 1173 368 1211 cruoris
394 1171 587 1222 reliquiaS‚
614 1170 743 1208 statim
764 1171 931 1217 aiebant,
952 1171 1146 1209 Herodem
1167 1170 1217 1208 ibi
1231 1170 1452 1220 jugulatum
1473 1183 1580 1208 esse:
1612 1183 1677 1208 ve·

223 1244 306 1270 rum
331 1233 406 1270 hoc
426 1239 645 1270 commento
663 1231 754 1282 ipsis
773 1232 879 1269 haud
909 1231 1156 1282 procedente,
1177 1232 1381 1268 constabat
1398 1231 1499 1268 enim
1519 1231 1676 1269 ovillum

222 1293 328 1330 illum
352 1305 526 1331 cruorem
546 1305 644 1338 esse,
670 1293 811 1330 omissa
830 1293 1103 1342 praedicatione
1122 1299 1199 1330 tam
1220 1291 1402 1336 absurda,
1422 1290 1676 1342 comprehen-

222 1354 368 1391 debant
386 1353 560 1391 homines
579 1365 790 1403 eorumque
812 1353 970 1390 alterum
1002 1361 1084 1390 tum
1113 1353 1242 1391 statim
1269 1353 1471 1390 tormentis
1496 1352 1676 1403 subjicie-

221 1414 328 1452 bant.
384 1414 528 1451 Tortus
555 1413 622 1451 ille
650 1413 742 1451 nihil
773 1414 861 1451 mali
888 1412 936 1451 de
967 1427 1028 1451 me
1055 1413 1221 1452 edebat:
1251 1425 1365 1463 quem
1387 1419 1516 1450 autem
1541 1413 1674 1451 multis

221 1474 357 1512 diebus
371 1481 461 1526 post
473 1474 670 1518 tormentis
691 1474 948 1525 subjecerunt,
964 1481 1164 1525 postquam
1178 1482 1260 1512 toto
1276 1473 1342 1511 illo
1362 1474 1563 1525 interjecto
1577 1481 1674 1512 tem-

220 1548 311 1586 pore
331 1549 418 1573 eum
435 1549 553 1586 penes
571 1548 611 1573 se
631 1536 869 1581 habuissent,
885 1535 945 1573 hic
965 1535 1102 1573 horum
1119 1534 1379 1573 cohortatione
1399 1541 1592 1584 permotus
1613 1547 1674 1572 me

220 1596 453 1634 homicidam
472 1597 607 1642 edidit,
640 1598 678 1634 in
703 1609 780 1648 quo
810 1597 990 1634 mentitus
1013 1596 1099 1634 fuit.
1155 1596 1352 1634 Praestabo
1383 1596 1500 1646 hujus
1518 1609 1673 1647 quoque

219 1656 272 1693 rei
293 1662 425 1695 testes.

832 1741 1047 1779 TESTES.

271 1826 311 1862 6.
340 1825 628 1863 Confirmarunt
646 1826 684 1863 hi
701 1832 824 1864 testes
839 1827 960 1871 vobis,
991 1832 1128 1863 testem
1144 1825 1249 1864 hunc
1269 1834 1376 1866 tanto
1396 1834 1568 1878 tempore
1582 1835 1673 1878 poet

218 1886 278 1934 [re
297 1890 489 1922 vetustate
501 1886 580 1933 jam
601 1885 821 1934 obliterata]
836 1886 1036 1923 tormentis
1052 1886 1268 1936 subjectum
1280 1899 1363 1925 esse
1380 1900 1390 1924 :
1406 1900 1534 1927 verum
1556 1889 1671 1926 modo

218 1957 374 1995 quoque
395 1952 552 1983 torturae
571 1946 740 1983 animum
760 1946 960 1984 attendite.
1018 1946 1178 1984 Servum
1199 1947 1297 1984 falsa
1316 1955 1498 1986 testatum
1513 1961 1601 1988 esse
1621 1950 1672 1988 nil

215 2005 356 2042 mirum
388 2012 461 2049 est,
489 2018 605 2054 quern
633 2005 744 2043 facile
774 2006 901 2057 potuit
930 2019 996 2044 seu
1027 2019 1116 2057 spes
1147 2007 1343 2057 promissae
1369 2008 1572 2055 libertatis,
1600 2023 1669 2048 seu

213 2065 322 2115 quod
343 2065 458 2103 sciret
484 2065 679 2103 arbitrium
711 2073 985 2105 tormentorum
1005 2080 1122 2117 penes
1148 2067 1220 2105 hos
1249 2080 1350 2114 esse,
1379 2069 1458 2117 qui,
1490 2077 1602 2120 prout
1620 2082 1671 2108 ea

215 2125 350 2162 ederet
364 2131 431 2162 aut
444 2133 630 2175 premeret
648 2139 735 2175 quae
754 2127 792 2164 hi
813 2128 914 2165 edita
930 2127 1087 2172 vellent,
1107 2127 1233 2177 ipsum
1259 2135 1327 2164 aut
1341 2128 1487 2166 saevius
1505 2129 1670 2169 diutius-

217 2200 293 2237 que
311 2194 379 2224 aut
397 2187 518 2224 lenius
547 2194 662 2236 atque
689 2189 841 2225 brevius
873 2196 1004 2227 essent
1029 2189 1247 2234 cruciaturi,
1270 2201 1336 2226 seu
1363 2190 1529 2240 denique
1553 2193 1669 2232 ambo

215 2248 289 2286 ista
305 2259 391 2292 una,
411 2259 572 2297 spesque
593 2254 808 2297 metusque,
823 2255 902 2293 aut,
921 2248 952 2286 si
971 2249 1105 2293 mavis,
1128 2261 1215 2298 spes
1235 2249 1400 2299 gemina,
1416 2250 1537 2289 altera
1555 2252 1669 2292 liber.

216 2308 305 2347 tatis
322 2306 598 2357 adipiscendae,
621 2307 741 2345 altera
757 2307 996 2345 cruciatuum
1025 2308 1512 2358 compendifaciendorum‚
1524 2312 1669 2352 illicere

215 2369 267 2407 ad
297 2368 572 2406 mentiendum.
631 2369 712 2407 Vos
745 2383 879 2407 omnes
913 2370 1003 2407 mihi
1032 2370 1214 2409 videmini
1247 2384 1378 2419 nosse,
1411 2387 1534 2424 penes
1566 2388 1666 2426 quos

213 2429 413 2468 arbitrium
442 2435 481 2466 et
511 2429 747 2479 dispensatio
777 2437 1049 2469 tormentorum
1078 2444 1146 2482 pro
1173 2439 1280 2482 parte
1310 2433 1512 2483 potissima
1539 2436 1605 2482 sit,
1623 2436 1668 2475 iis

213 2491 388 2529 faventes
418 2489 652 2539 torquendos
685 2499 795 2540 grata
820 2491 955 2528 auditu
983 2491 1111 2529 omnia
1130 2492 1366 2542 praedicare:
1393 2494 1442 2532 ab
1476 2494 1535 2532 his
1564 2495 1668 2534 enim

216 2550 517 2589 emolumentum
546 2550 629 2588 istis
659 2558 846 2601 speratur,
866 2552 1074 2602 praesertim
1096 2552 1128 2590 si
1150 2559 1305 2590 torturae
1324 2565 1402 2591 non
1422 2554 1599 2594 intersint
1615 2557 1669 2605 hi,

218 2623 314 2660 quos
327 2611 424 2649 servi
445 2610 543 2649 falso
563 2623 633 2649 suo
654 2611 869 2649 testimonio
888 2612 1045 2649 laedant.
1105 2613 1206 2651 Nam
1226 2613 1257 2651 si
1272 2625 1345 2663 ego
1370 2626 1541 2664 praesens
1558 2617 1669 2656 illum

216 2683 372 2710 servum
391 2671 559 2722 torqueri
579 2671 794 2723 jussissem,
815 2678 857 2709 ut
886 2672 987 2710 falsa
1016 2673 1209 2719 edentem,
1229 2674 1325 2711 forte
1345 2687 1432 2711 eum
1456 2681 1575 2714 terror
1593 2679 1670 2717 mei

218 2730 348 2769 vultus
369 2738 410 2769 et
427 2740 551 2770 metus
569 2732 805 2772 cruciatuum
819 2733 867 2771 ab
890 2732 1046 2782 imperio
1067 2747 1152 2773 meo
1171 2734 1455 2774 tolerandorum
1468 2738 1668 2779 ‚absterru-

216 2792 327 2838 isset‚
346 2792 550 2842 quominus
585 2793 760 2832 mendaci
790 2793 1062 2845 praedicatione
1095 2808 1156 2834 me
1185 2803 1384 2846 gravaret:
1410 2798 1492 2847 ‚iam
1511 2811 1601 2840 vero
1625 2801 1664 2838 hi
