1822 3219
234 154 281 188 84
803 154 1108 193 ANDOCIDIS

234 255 345 297 torit3
376 257 434 292 sin
467 261 593 294 autem
613 255 711 294 falsa
745 257 933 301 indicarit,
965 258 1206 296 moriendum
1237 256 1309 308 ipsi
1328 270 1425 296 esse.
1481 257 1567 295 Jam
1590 256 1683 295 certi

235 317 328 354 estis
359 329 428 354 vos
453 330 600 363 omnes,
632 330 771 369 meque
805 327 1027 370 patremque
1057 319 1184 357 salvos
1219 318 1373 356 abisse:
1404 318 1442 355 id
1471 317 1575 368 quod
1605 317 1686 356 fleri

234 377 342 415 nullo
369 377 483 416 modo
505 379 708 430 potuisset,
727 380 758 416 si
791 393 864 430 ego
896 387 1041 430 patrem
1075 381 1327 423 detulissem;
1362 391 1409 417 eo
1439 379 1539 417 enim
1567 378 1688 423 facto,

233 452 394 478 necesse
426 440 560 490 utique
580 439 731 485 fuisset,
753 449 819 478 aut
837 454 924 478 eum
945 448 1012 478 aut
1029 454 1090 479 me
1109 448 1323 480 extremum
1343 440 1424 491 pati
1441 439 1686 491 supplicium.

236 501 314 539 Fac
331 501 485 539 tandem
506 508 649 548 tamen,
666 509 814 553 patrem
835 516 987 541 manere
1005 503 1170 542 voluisse
1184 503 1397 555 judiciique
1417 509 1557 541 sortem
1577 501 1684 540 anci-

233 563 349 612 pitem
369 563 552 614 opperiri:
581 564 873 609 existimatisne,
893 577 1072 616 passuros
1093 565 1212 603 fuisse
1242 564 1384 603 amicos
1417 577 1507 602 eum
1531 575 1687 601 manere

234 632 302 662 aut
321 627 426 676 ipsos
446 625 615 662 voluisse
636 625 882 677 fidejussores
909 626 988 677 ejus
1007 626 1099 675 fieri,
1129 633 1168 664 et
1187 639 1265 664 non
1285 627 1414 677 potius
1432 626 1480 664 ab
1499 623 1689 676 ejusmodi

234 686 432 736 proposito
451 699 540 724 eum
559 686 828 725 dehortaturos
857 687 973 726 fuisse
993 695 1106 738 atque
1137 695 1350 739 rogaturos,
1382 695 1425 726 ut
1448 699 1496 725 eo
1527 699 1568 725 se
1597 684 1691 724 reci-

235 755 356 798 peret,
376 748 442 786 ubi
461 756 500 786 et
520 750 602 799 ipse
636 749 766 788 salvus
795 757 897 788 esset
923 751 1089 794 futurus,
1119 757 1157 787 et
1177 763 1236 787 me
1255 750 1292 787 in
1312 749 1467 787 exitium
1486 761 1564 788 non
1585 754 1691 787 esset

238 809 513 860 conjecturus?
569 811 652 848 imo
680 824 769 850 vero
798 825 885 850 cum
918 819 1026 863 pater
1059 812 1318 863 Speusippum
1351 810 1502 850 actione
1527 809 1689 860 occoepti

239 879 375 909 contra
388 872 452 922 jus
470 873 622 911 forense
636 886 842 924 processus
858 882 1166 925 persequeretur,
1179 873 1263 911 haec
1284 874 1366 924 ipse
1381 886 1450 925 pro
1467 885 1508 910 se
1521 872 1689 916 dicebat,

244 934 286 970 ln
309 934 548 972 Themacum
567 936 616 973 ad
639 936 863 974 Phereclem
884 949 925 974 se
956 949 1152 987 nunquam
1181 936 1357 973 venisse:
1388 934 1579 986 mancipia
1607 934 1689 985 ipse

239 1008 310 1033 sua
328 995 376 1033 ad
396 1003 588 1034 tormenta
606 997 800 1041 offerebat,
823 1002 946 1048 eaque
965 1005 1008 1035 ut
1026 998 1071 1035 iis
1097 998 1332 1049 subjiceretis
1358 1010 1426 1035 vos
1447 996 1689 1040 hortabatur,

239 1069 386 1106 negans
416 1070 570 1107 aequum
592 1070 692 1101 esse,
723 1059 755 1094 si
786 1059 872 1107 quis
904 1059 987 1108 ipse
1022 1065 1161 1108 sponte
1188 1071 1266 1100 sua
1293 1070 1424 1096 servos
1451 1054 1689 1108 torquendos

237 1117 384 1162 offerat,
414 1130 481 1154 vos
501 1125 583 1156 tum
601 1117 860 1156 conditionem
879 1119 1078 1170 repudiare
1095 1133 1105 1162 ;
1127 1125 1262 1157 contra
1279 1118 1344 1169 qui
1363 1117 1514 1156 tradere
1531 1124 1692 1163 recuset,

239 1192 328 1216 eum
354 1179 403 1217 ad
430 1179 662 1217 tradendum
691 1193 843 1231 cogere.
900 1183 960 1218 Ab
993 1181 1065 1219 hac
1091 1194 1159 1219 vos
1189 1188 1298 1231 pater
1328 1180 1531 1219 exercendi
1555 1179 1690 1232 judicii

239 1241 438 1291 iniquitate
468 1248 548 1278 tum
582 1241 870 1280 dehortabatur.
928 1243 1024 1279 Haec
1047 1243 1145 1294 patri
1173 1250 1256 1280 tum
1290 1256 1361 1294 pro
1392 1257 1433 1281 se
1467 1242 1692 1294 disputanti,

239 1316 327 1352 quac
348 1315 435 1340 eum
455 1302 674 1353 disputasse
693 1316 759 1341 vos
782 1317 914 1342 omnes
944 1305 1060 1354 probe
1082 1304 1216 1350 nostis,
1249 1304 1342 1354 quid
1375 1312 1456 1342 erat
1477 1303 1692 1355 Speusippo

239 1365 428 1415 reliquum
437 1365 541 1415 quod
552 1373 760 1416 opponeret
773 1367 876 1404 aliud
885 1379 1001 1417 quam
1015 1366 1090 1404 hac
1103 1366 1156 1403 uti
1169 1367 1340 1404 oratione
1355 1366 1452 1417 [sive
1464 1378 1548 1403 rum
1559 1365 1694 1403 suisset

240 1426 292 1471 id,
319 1426 421 1476 quod
444 1434 692 1464 accusatores
706 1427 914 1477 jactant]?
936 1427 1060 1471 Quid
1081 1436 1129 1465 tu
1149 1427 1263 1465 mihi
1283 1429 1443 1473 multa,
1463 1428 1695 1477 Leogora,

239 1488 297 1525 de
319 1488 572 1538 mancipiis
594 1487 837 1526 blateras?
854 1489 958 1527 Non
977 1488 1113 1527 filius
1141 1496 1184 1526 te
1206 1496 1314 1527 tuus
1334 1487 1695 1528 indicavit‘3non

238 1550 278 1587 is
329 1556 373 1587 te
406 1550 472 1587 ait
516 1551 560 1587 in
605 1550 847 1589 Themaco
895 1549 1133 1588 affuisse?
1162 1557 1210 1588 et
1249 1558 1343 1589 tum
1385 1550 1442 1588 ad
1482 1563 1549 1588 me
1593 1562 1697 1588 con-

240 1624 410 1648 versus
439 1612 666 1658 dixisset,
687 1613 845 1663 Argue
872 1620 935 1657 tu,
958 1611 1218 1658 Andocide,
1244 1619 1441 1663 patrem,
1461 1619 1542 1649 aut
1561 1611 1696 1650 nulla

242 1672 332 1709 tibi
357 1674 453 1724 jam
478 1674 687 1725 amplius
716 1681 936 1726 superest
964 1674 1239 1725 impunitas.
1298 1674 1384 1711 Hac
1411 1673 1581 1712 oratione
1612 1681 1695 1711 tum

241 1733 381 1772 fuisset
399 1748 537 1773 usurus
566 1736 829 1787 Speusippus;
861 1745 928 1774 aut
949 1749 1041 1773 num
1062 1737 1186 1774 minus
1215 1732 1322 1773 vobis
1343 1734 1518 1773 videtur?
1550 1735 1696 1773 Usurus

242 1796 376 1846 utique
407 1797 492 1840 suit,
528 1811 614 1835 mea
649 1797 804 1847 quidem
843 1798 1045 1835 sententia.
1122 1797 1273 1841 Quodsi
1304 1809 1395 1847 ergo
1427 1804 1495 1834 aut
1525 1809 1695 1846 unquam

243 1870 316 1908 ego
336 1858 408 1896 hac
427 1860 581 1911 quidem
609 1861 656 1898 de
677 1873 716 1898 re
737 1861 773 1898 in
799 1861 987 1910 judicium
1009 1866 1169 1897 vocatus
1201 1873 1300 1906 sum,
1322 1866 1387 1897 aut
1405 1860 1442 1896 in
1471 1858 1545 1897 hac
1577 1870 1698 1897 causa

244 1931 439 1957 sacrorum
459 1921 747 1971 profanatorum
765 1935 904 1960 nomen
924 1935 1051 1959 meum
1070 1921 1130 1958 vel
1158 1921 1275 1959 semel
1301 1920 1418 1958 modo
1451 1934 1474 1958 a
1500 1931 1697 1971 quoquam

243 1992 304 2019 est
322 1989 673 2028 commemoratum,
709 1991 776 2021 aut
805 1983 984 2021 indicatio
1013 1983 1192 2033 quaedam
1220 1988 1394 2033 superest
1412 1993 1551 2020 nomen
1571 1993 1699 2019 meum

242 2045 450 2094 praeferens
472 2053 537 2084 aut
555 2046 748 2084 indiculus
769 2053 918 2097 prostat
945 2048 981 2084 in
1011 2046 1151 2084 tabulis
1182 2045 1348 2097 publicis
1368 2045 1566 2083 nominum
1590 2044 1698 2083 dela-

245 2114 384 2152 torum,
412 2119 490 2145 non
511 2107 639 2146 dicam
659 2121 682 2146 a
702 2122 762 2146 me
791 2109 828 2146 in
847 2107 1022 2146 fraudem
1054 2107 1218 2145 hominis
1251 2107 1347 2145 alius
1381 2106 1609 2157 cujuspiam,
1628 2104 1700 2143 sed

246 2168 489 2206 solummodo
518 2171 565 2207 ab
593 2170 669 2208 alio
694 2171 873 2221 quopiam
896 2171 931 2207 in
952 2169 1123 2207 fraudem
1146 2181 1298 2212 meam;
1321 2168 1520 2206 ascendito
1537 2166 1642 2205 hunc
1660 2167 1700 2204 in

246 2237 488 2280 suggestum,
508 2230 727 2281 quicunque
759 2231 854 2274 vult,
889 2239 928 2268 et
952 2243 1012 2267 me
1044 2230 1254 2280 coarguito.
1311 2229 1453 2266 Verum
1488 2227 1591 2266 enim
1609 2240 1701 2266 vero

247 2303 323 2328 non
345 2290 445 2335 novi,
466 2292 530 2340 qui
551 2291 674 2342 magis
702 2291 818 2342 impia
839 2291 1005 2328 dixerint
1031 2297 1070 2328 et
1091 2304 1112 2328 a
1132 2291 1292 2328 veritate
1313 2298 1429 2341 atque
1450 2303 1473 2328 a
1492 2289 1704 2340 ,probabili-

246 2359 327 2389 tate
355 2353 476 2402 magis
510 2353 768 2396 abhorrentia,
786 2366 898 2403 quarn
921 2353 959 2389 hi
980 2353 1171 2398 dixerunt,
1192 2352 1269 2403 qui,
1305 2352 1408 2402 quod
1429 2358 1602 2402 agerent,
1631 2349 1702 2389 sibi

197 2417 206 2422 '
249 2413 381 2451 datum
411 2413 676 2451 existimarunt
710 2415 804 2452 nihil
842 2414 959 2459 aliud,
1009 2427 1124 2466 quam
1163 2423 1205 2452 ut
1238 2414 1423 2451 auderent
1462 2412 1703 2451 solummodo

248 2486 432 2512 accusare
446 2489 456 2515 ;
471 2473 564 2524 quid
583 2482 708 2512 autem
727 2488 766 2513 se
786 2475 957 2512 futurum
979 2482 1094 2521 esset,
1116 2476 1147 2513 si
1168 2474 1355 2513 mendacii
1375 2474 1703 2521 convincerentur,

248 2534 287 2572 id
314 2536 351 2573 in
378 2543 543 2573 mentem
573 2536 643 2574 sibi
677 2536 804 2573 venire
836 2549 1034 2587 nunquam
1063 2538 1168 2588 passi
1200 2543 1302 2575 sunt.
1361 2534 1700 2579 Quemadmodum

249 2597 377 2647 igitur,
411 2610 501 2635 vera
533 2596 563 2633 si
599 2597 766 2634 fuissent
792 2598 951 2635 crimina
980 2611 1143 2648 quorum
1163 2611 1222 2636 me
1241 2596 1479 2641 insimulant,
1499 2609 1567 2634 vos
1586 2596 1622 2634 in
1637 2610 1698 2635 me

250 2661 420 2698 fuissetis
435 2661 615 2703 saevituri,
637 2661 871 2712 dignumque
887 2668 1012 2698 vestra
1033 2661 1241 2699 duxissetis
1261 2672 1426 2711 persona
1439 2671 1592 2710 poeuam
1611 2659 1703 2698 mihi

249 2734 364 2770 quam
391 2722 653 2772 gravissimam
685 2721 870 2773 infligere,
901 2723 955 2760 sic
976 2728 1112 2760 contra
1145 2734 1218 2773 ego
1251 2734 1321 2759 vos
1341 2732 1444 2757 nunc
1473 2732 1568 2771 rogo
1587 2727 1702 2771 atque

245 2783 330 2832 jure
350 2796 435 2820 meo
455 2784 622 2833 postulo,
643 2790 685 2821 ut
701 2784 788 2830 hos,
819 2796 914 2834 quos
934 2784 1140 2821 mendaces
1166 2781 1505 2833 deprehenderitis,
1530 2782 1703 2820 homines

250 2843 387 2893 impios
420 2845 606 2891 habeatis,
636 2852 674 2884 et
699 2845 788 2884 hinc
821 2845 1024 2896 colligatis,
1046 2845 1148 2883 facili
1177 2845 1333 2896 negotio
1359 2857 1419 2882 me
1447 2856 1560 2895 posse
1583 2843 1702 2880 multo

255 2904 375 2954 magis
397 2905 546 2955 reliquis
566 2920 717 2957 quoque
741 2909 780 2946 in
801 2908 926 2952 rebus,
956 2919 1042 2957 quae
1064 2907 1244 2945 momenti
1275 2912 1366 2944 sunt
1398 2906 1518 2944 multo
1538 2904 1703 2952 levioris,
1734 2923 1740 2927 ·
