1822 3219
261 173 350 210 288·
910 173 1077 212 LYSIAE

260 285 282 310 e
302 273 414 311 rebus
434 272 612 312 humanis
638 287 729 313 casu
760 275 929 326 quodam
961 275 1138 320 adverso,
1159 281 1203 313 ut
1231 281 1321 313 sunt
1348 274 1531 321 humana,
1550 274 1725 322 sublato,

259 332 483 384 priusquam
503 347 550 373 ex
571 335 706 374 itinere
731 337 921 374 maritimo
941 335 1016 373 huc
1037 342 1306 380 reverteretur,
1327 336 1558 374 defensionis
1584 349 1719 375 neces-

260 394 354 432 sitas
374 396 604 434 necessariis
626 397 709 447 ejus
730 396 911 447 imposita
931 396 1077 439 fuisset,
1097 396 1146 434 de
1171 396 1432 447 quadraginta
1457 397 1530 435 illis
1551 397 1717 442 talentis,

260 468 348 505 quae
369 456 588 494 Diotimum-
601 457 872 508 depeculatum
889 470 971 494 esse
992 469 1122 495 coram
1145 457 1322 495 universo
1340 458 1484 508 populo
1504 457 1645 495 Athen.
1659 456 1722 508 ja-

260 523 405 554 ctatum
427 516 565 554 fuerat.
624 518 823 560 Quantum
851 518 889 554 in
909 517 1114 554 discrimen
1141 517 1308 568 conjecti
1332 518 1494 555 fuissent
1513 517 1566 554 illi
1586 529 1723 555 neces·

259 577 345 614 sarii
360 590 481 614 rerum
503 578 673 614 omnium
693 578 830 628 ignari.
890 577 1107 628 intelligitis
1122 578 1216 628 jam,
1231 578 1507 617 sceleratorum
1525 577 1722 616 hominum

259 637 433 675 insontes
453 638 655 678 calumniis
676 639 836 690 perdere
855 640 1068 677 ardentium
1095 640 1211 678 celeri
1231 640 1280 677 ad
1309 640 1572 677 mentiendum
1592 640 1722 691 proje-

260 704 410 748 ctaeque
431 699 605 738 audaciae
624 713 691 738 vos
711 700 785 737 hoc
807 701 961 744 debere,
984 707 1027 737 ut
1046 713 1121 737 non
1145 700 1387 738 solummodo
1405 707 1534 738 vestra
1553 700 1601 738 de
1624 700 1722 738 mul-

261 767 387 798 torum
413 761 594 799 censibus
619 762 855 812 exspectatio
875 762 1028 812 egregie
1051 761 1220 806 ludatur,
1242 761 1312 799 sed
1337 762 1452 799 etiam
1473 773 1542 798 vos
1562 759 1649 812 ipsi,
1669 760 1724 799 ita

261 833 320 858 me
341 821 436 858 deus
461 829 576 867 amet,
597 835 768 873 persaepe
787 822 837 859 ad
857 822 1187 872 pessumdandum
1217 823 1389 860 insontes
1417 822 1594 860 homines
1626 821 1722 859 coeci

261 881 442 933 agamini.
500 882 705 920 Neminem
725 889 910 927 vestrum,
932 883 970 919 ni
991 882 1115 926 fallor,
1134 883 1247 932 fugit,
1272 883 1470 932 imperium
1492 882 1629 920 classis
1649 895 1715 920 ve-

262 949 353 982 strae
385 949 468 980 toto
499 941 764 993 quinquennio
791 955 909 993 penes
941 942 1183 980 Alcibiadem
1217 942 1356 985 fuisse:
1402 941 1722 980 Lacedaemonios

263 1003 513 1046 concidebat;
546 1015 703 1054 quoquo
722 1003 815 1048 ibat,
836 1003 1030 1041 victoriam
1054 1016 1182 1041 secum
1203 1002 1520 1047 circumferebat;
1547 1002 1723 1040 civitates

261 1063 413 1102 Graecae
440 1063 475 1100 ei
497 1064 561 1101 uni
582 1063 704 1113 duplo
731 1063 818 1114 plus
841 1062 1093 1101 conferebant
1111 1075 1225 1113 quam
1246 1063 1314 1100 ulli
1333 1062 1395 1100 alii
1415 1068 1632 1116 nostrorum
1652 1062 1722 1099 im-

261 1127 479 1177 peratorum
511 1125 704 1163 omnium:
736 1137 813 1175 quo
833 1124 976 1162 factum
1004 1132 1047 1161 ut
1073 1124 1247 1162 nonnulli
1267 1136 1426 1162 censum
1447 1123 1480 1161 ei
1501 1122 1724 1173 opinatione

263 1198 334 1224 sua
357 1186 579 1230 tribuerent
595 1192 751 1223 centum
778 1185 922 1223 talenta
952 1192 1256 1235 exsuperantem.
1312 1184 1428 1235 Atqui
1454 1183 1590 1221 falsam
1616 1183 1721 1222 illam

261 1246 380 1284 fuisse
405 1246 640 1296 opinionem,
663 1258 848 1283 excessus
870 1245 1083 1282 Alcibiadis
1109 1244 1277 1295 aperuit;
1305 1244 1371 1295 qui
1402 1243 1529 1280 liberis
1561 1256 1722 1281 censum

263 1307 414 1356 reliquit
434 1307 621 1344 minorem
642 1306 755 1344 etiam
771 1319 830 1350 eo,
847 1319 961 1356 quem
976 1318 998 1342 a
1013 1306 1201 1343 tutoribus
1216 1304 1396 1342 traditum
1411 1304 1492 1353 ipse
1507 1311 1724 1354 acceperat.

320 1369 383 1405 11.
415 1367 542 1405 Facile
564 1381 611 1405 ex
635 1368 694 1404 his
708 1367 885 1418 judicatu
902 1374 974 1412 est,
995 1366 1229 1416 temporibus
1257 1365 1383 1402 adbuc
1403 1366 1517 1402 etiam
1538 1365 1725 1403 vetustio-

262 1430 365 1468 ribus
391 1429 528 1466 similia
553 1428 732 1478 exempla
759 1428 864 1464 haud
889 1439 1014 1477 pauca
1039 1439 1199 1464 numero
1227 1426 1427 1463 evenisse:
1463 1437 1627 1474 quorum
1654 1438 1724 1463 vos

261 1490 479 1528 auctoritati
491 1490 673 1527 cedentes
686 1488 939 1526 recordamini
956 1487 1140 1538 sapientis
1156 1486 1258 1523 illius
1267 1485 1487 1530 sententiae,
1500 1493 1544 1521 ut
1557 1485 1725 1536 quisque

261 1553 310 1591 sit
330 1552 498 1603 optimus
518 1558 635 1602 atque
657 1549 978 1601 sapientissimus,
991 1548 1044 1586 ita
1059 1549 1107 1586 ad
1125 1547 1404 1598 ignoscendum
1422 1547 1724 1597 mutandamque

260 1619 431 1652 mentem
460 1620 500 1650 et
527 1625 696 1650 errorem
723 1611 942 1649 exuendum
972 1623 1055 1648 esse
1085 1609 1378 1661 paratissimum.
1437 1608 1552 1652 Quod
1576 1608 1606 1646 si
1632 1622 1725 1659 ergo

260 1675 434 1713 videmur
454 1680 717 1713 consentanea
743 1673 940 1723 disputare
959 1679 996 1708 et
1016 1671 1155 1708 idonea
1179 1671 1414 1708 documenta
1440 1677 1633 1720 praestare,
1653 1670 1726 1707 mi-

261 1736 439 1774 seremini
471 1742 657 1781 nostrum,
682 1733 852 1784 judices,
879 1744 1036 1782 quoquo
1071 1731 1185 1769 modo
1212 1730 1457 1772 miseremini,
1484 1743 1609 1780 neque
1639 1738 1726 1770 esto

260 1810 386 1835 rerum
405 1797 575 1834 omnium
596 1795 802 1845 quicquam
824 1793 926 1844 quod
945 1806 967 1830 a
983 1792 1316 1831 commiseratione
1336 1791 1454 1829 nostri
1474 1804 1541 1829 vos
1562 1798 1725 1832 avertat.

263 1859 403 1896 Vestra
427 1858 526 1895 enim
551 1856 712 1906 aequitas
732 1855 764 1892 si
783 1867 915 1892 verum
935 1853 1041 1904 quod
1068 1854 1268 1891 nobiscum
1289 1860 1350 1891 est
1369 1854 1615 1898 sustentabit,
1637 1867 1726 1905 spe-

260 1934 390 1959 ramus
421 1920 605 1963 futurum,
625 1925 670 1955 ut
696 1916 872 1968 quamvis
899 1929 1080 1967 magnam
1109 1916 1343 1954 calumniam
1362 1916 1634 1967 profligemus:
1664 1917 1723 1954 sin

261 1988 391 2022 autem
421 1980 529 2018 nobis
561 1978 747 2029 refragari
777 1977 1021 2029 pertinaciter
1048 1977 1307 2023 decreveritis,
1336 1990 1424 2027 spes
1458 1976 1591 2014 salutis
1620 1977 1726 2016 nulla

259 2049 449 2095 superest.
504 2042 652 2079 Verum
668 2053 737 2091 per
752 2039 846 2078 deos
861 2051 1021 2090 superos
1037 2038 1207 2076 inducite
1221 2037 1347 2089 potius
1363 2037 1549 2082 animum,
1561 2036 1726 2088 judices,

259 2113 303 2143 ut
322 2118 393 2142 nos
415 2103 575 2142 servetis
594 2108 708 2153 prout
721 2113 790 2138 vos
810 2100 936 2138 facere
949 2100 1016 2150 jus
1037 2105 1077 2136 et
1094 2099 1154 2136 fas
1173 2106 1245 2144 est,
1267 2111 1384 2149 quam
1404 2106 1446 2136 ut
1466 2111 1536 2136 nos
1556 2098 1724 2149 perdatis

259 2179 347 2217 quae
377 2177 528 2203 summa
560 2164 660 2201 soret
691 2162 850 2213 injuria;
883 2169 1106 2211 certumque
1137 2160 1276 2198 habete
1305 2173 1372 2197 eos
1397 2173 1488 2197 vera
1514 2160 1633 2210 loqui,
1658 2159 1725 2210 qui

261 2234 416 2265 aetatem
435 2236 590 2263 omnem
610 2224 648 2261 in
670 2222 808 2260 silente
829 2229 948 2272 atque
969 2235 991 2259 a
1011 2221 1251 2271 gloriationis
1272 2221 1433 2271 strepitu
1455 2219 1579 2257 aliena
1597 2219 1725 2271 pudo-

260 2287 314 2325 ris
335 2295 450 2336 atque
470 2284 734 2335 temperantiae
755 2283 1028 2321 exercitatione
1049 2281 1206 2331 degant.

318 2349 381 2384 12.
413 2345 587 2383 Audistis
607 2345 751 2394 itaque,
766 2343 934 2393 judices,
954 2349 992 2380 et
1010 2341 1058 2378 de
1077 2340 1359 2392 proscriptione
1376 2341 1565 2378 bonorum
1581 2341 1727 2379 Aristo-

262 2407 396 2461 phanis
424 2407 522 2456 ipsa,
542 2412 579 2443 et
604 2404 801 2455 quomodo
829 2416 917 2441 cum
945 2415 990 2440 eo
1019 2401 1244 2439 affinitatem
1276 2402 1593 2447 contraxerimus,
1613 2401 1724 2452 eique

261 2482 349 2508 cum
368 2467 494 2506 classe
514 2479 534 2503 e
555 2473 666 2516 portu
689 2466 860 2503 soluturo
881 2464 1064 2515 pecunias
1085 2476 1177 2501 suas
1198 2462 1303 2500 haud
1330 2461 1544 2506 suffecisse,
1565 2464 1633 2500 sed
1655 2475 1725 2500 ne—

261 2542 372 2570 cesse
391 2529 509 2567 fuisse
530 2527 624 2565 alias
646 2527 803 2564 aliunde
823 2532 998 2563 mutuato
1019 2537 1193 2567 sumere;
1222 2523 1321 2568 haec,
1338 2524 1511 2574 inquam,
1529 2523 1673 2571 omnia,
1686 2531 1726 2561 et

262 2606 311 2630 ex
335 2604 395 2629 me
419 2589 581 2628 audistis
606 2600 692 2625 cum
720 2599 968 2637 exponerem,
989 2593 1027 2623 et
1048 2598 1068 2622 e
1089 2585 1250 2622 testibus
1270 2596 1372 2634 quos
1392 2583 1442 2621 ad
1464 2582 1579 2620 fidem
1597 2583 1726 2621 verbis

264 2654 356 2691 meis
372 2646 587 2690 faciendam
608 2648 785 2701 produxi.
842 2647 928 2684 Jam
946 2647 994 2684 de
1007 2652 1152 2684 memet
1171 2645 1253 2695 ipso
1272 2657 1398 2695 pauca
1418 2643 1598 2693 quaedam
1611 2644 1726 2694 juvat

264 2714 314 2752 ad
344 2727 410 2751 vos
443 2711 667 2763 praedicare.
733 2707 905 2745 Tametsi
934 2719 1077 2744 annum
1109 2705 1236 2743 aetatis
1258 2705 1341 2755 jam
1370 2716 1445 2754 ago
1473 2703 1723 2754 trigesimum,

265 2786 461 2823 nunquam
492 2779 622 2810 tamen
652 2781 779 2820 neque
813 2767 933 2818 patris
969 2766 1185 2804 auctoritati
1218 2778 1302 2803 sum
1336 2765 1567 2815 refragatus,
1598 2777 1723 2816 neque

261 2834 436 2874 commisi
450 2841 494 2872 ut
506 2832 646 2871 civium
663 2831 842 2881 cuiquam
859 2841 976 2866 causa
991 2835 1095 2865 esset
1114 2828 1151 2864 in
1167 2827 1250 2864 foro
1271 2839 1332 2863 me
1351 2825 1583 2868 accusandi;
1603 2837 1722 2876 prope

260 2898 384 2937 forum
409 2907 499 2933 cum
524 2893 708 2937 habitem,
727 2902 924 2941 nunquam
951 2895 1080 2926 tamen
1106 2887 1192 2934 fuit,
1211 2887 1277 2936 qui
1299 2900 1359 2924 me
1387 2893 1455 2924 aut
1477 2886 1515 2925 in
1543 2885 1722 2924 tribunali

263 2964 328 2996 aut
348 2957 386 2994 in
405 2955 512 2995 curia
531 2960 747 2992 versantem
767 2951 928 2996 videret,
949 2948 1172 3000 priusquam
1190 2948 1276 2987 haec
1295 2960 1366 2986 nos
1385 2946 1586 2985 calamitas
1604 2946 1729 2985 obruo.
