1822 3219
257 134 306 171 54
795 132 1166 172 ANTIPHONTIS

245 232 436 271 invenire?
482 233 598 284 Atqui
624 234 779 272 carebat
798 234 978 273 nummis.
1035 233 1154 271 Esto:
1180 238 1220 271 at
1247 238 1350 270 metu
1370 239 1511 279 tamen,
1532 245 1594 281 ne,
1615 233 1690 270 nisi

244 305 317 344 ego
349 294 610 344 praevenirem,
645 294 710 332 ille
742 307 803 332 me
839 300 996 345 repente
1026 292 1285 345 opprimeret?
1357 293 1474 332 Haud
1507 294 1687 346 equidem

232 354 383 393 infitier
423 355 503 393 fieri
531 368 657 406 posse,
691 363 733 392 ut
765 355 952 405 ejusmodi
989 362 1115 393 metus
1152 355 1266 393 alium
1305 356 1508 406 quenpiam
1536 356 1586 394 ad
1614 356 1687 393 hu-

238 415 412 466 jusmodi
449 416 599 454 facinus
633 416 816 466 impellat.
871 417 924 453 At
956 416 1148 454 enimvero
1173 416 1224 453 ita
1258 415 1305 453 de
1339 415 1496 454 Herode
1529 416 1687 454 meritus

243 489 321 514 non
341 489 458 522 eram,
479 484 519 514 ut
538 476 591 514 illi
610 489 768 516 necesse
786 482 888 515 esset
905 475 1062 514 insidias
1080 489 1281 527 occupare.
1339 475 1469 514 Multo
1493 476 1687 514 enimvero

243 537 374 587 majori
398 537 486 588 jure
512 549 784 588 consensuque
816 536 987 575 veritatis
1020 549 1094 587 ego
1124 537 1161 574 in
1192 544 1230 574 te
1255 536 1557 575 criminationem
1584 536 1685 576 hanc

243 605 464 649 retorquere
485 598 642 649 possim,
661 605 711 636 *te
734 599 807 636 hoc
827 611 954 647 agere,
973 604 1016 636 ut
1040 611 1061 635 e
1080 610 1178 636 nece
1198 611 1284 636 mea
1302 598 1485 643 ditescas,
1508 609 1627 648 quam
1647 605 1688 636 tu

242 671 306 696 me
324 658 534 696 criminaris
553 671 577 697 e
595 671 691 696 nece
711 659 881 696 Herodis
901 658 1087 696 ditescere
1106 657 1298 696 voluisse:
1328 665 1371 695 tu
1399 658 1430 695 si
1450 670 1509 694 me
1528 656 1687 708 perrhoc

237 719 426 771 judicium
445 719 573 764 tollas,
595 719 716 758 multo
735 719 871 770 potiori
885 719 973 770 jure
992 731 1016 756 a
1034 718 1259 756 necessariis
1280 718 1373 756 meis
1399 717 1517 756 caedis
1537 717 1689 765 injustae

242 788 278 818 et
299 780 497 831 flagitiosae
528 793 616 819 reus
647 780 858 832 peragatis,
885 793 1000 830 quam
1028 792 1102 830 ego
1117 780 1196 818 ·abs
1225 787 1262 818 te
1289 787 1328 818 et
1346 779 1501 830 reliquis
1521 778 1688 816 Herodis

242 841 465 879 necessariis
484 841 602 879 caedis
622 841 660 878 in
675 853 720 879 eo
740 842 955 879 commissae
974 853 1061 878 reus
1076 852 1182 890 agor.
1237 840 1322 890 Ego
1334 841 1435 878 enim
1448 839 1687 890 perspicuam

242 914 398 938 causam
427 901 502 939 edo
527 909 642 951 atque
669 902 851 952 approbo,
882 901 987 938 unde
1015 907 1181 946 constet,
1210 907 1247 938 te
1273 901 1390 951 capiti
1420 913 1505 938 meo
1531 899 1688 937 insidias

240 973 461 1012 comparare
475 977 485 1006 ;
504 967 544 999 tu
563 974 651 1000 vero
667 961 952 1000 causationibus
968 969 1007 999 et
1021 961 1305 1012 suspicionibus
1322 961 1512 1005 obscuris,
1527 973 1690 1011 quarum

241 1022 426 1059 rationem
447 1022 589 1059 nullam
604 1021 783 1071 liquidam
799 1029 838 1060 et
849 1028 992 1060 certam
1007 1022 1218 1072 approbare
1231 1021 1348 1068 vales,
1363 1034 1424 1059 me
1438 1021 1627 1072 perditum
1642 1021 1692 1060 is.

299 1083 359 1120 ll.
391 1082 487 1120 Haec
512 1082 698 1120 hactenus
726 1082 776 1121 ad
805 1095 873 1121 vos
902 1082 1106 1133 disputavi,
1127 1081 1296 1133 judices,
1322 1095 1400 1133 quo
1420 1082 1600 1121 certiores
1620 1094 1690 1120 vos

241 1143 455 1188 redderem,
485 1143 658 1181 mihimet
674 1143 767 1182 nihil
785 1156 916 1182 causae
935 1156 1020 1182 esse
1037 1142 1166 1189 caedis,
1185 1156 1302 1194 quam
1322 1149 1390 1181 aut
1406 1141 1690 1194 praemeditatus

242 1212 309 1242 aut
327 1210 532 1241 exsecutus
551 1204 588 1242 in
620 1204 694 1242 hoc
711 1205 866 1242 homine
886 1203 1044 1242 Herode
1064 1217 1214 1242 essem:
1243 1204 1313 1241 sed
1339 1209 1378 1242 et
1403 1203 1570 1255 Lycinus
1598 1202 1690 1240 mihi

242 1263 510 1302 defendendus
534 1277 620 1302 esse
644 1265 808 1310 videtur,
842 1265 1150 1315 docendumque,
1184 1277 1260 1302 non
1282 1264 1388 1302 illurn
1417 1264 1555 1314 magiS,
1572 1276 1690 1314 quam

236 1337 319 1370 me,
345 1325 383 1362 in
411 1325 645 1375 probabilem
673 1325 788 1375 hujus
821 1326 986 1364 criminis
1005 1326 1264 1376 suspicionem
1283 1326 1413 1364 venire
1431 1338 1562 1376 posse.
1618 1326 1691 1376 Ly-

241 1385 328 1423 cino
365 1385 479 1435 igitur
511 1386 570 1423 aio
603 1386 738 1424 eadem
767 1400 852 1425 esse
883 1388 931 1425 de
962 1387 1119 1425 Herode
1151 1387 1286 1425 merita
1316 1393 1433 1436 atque
1464 1386 1554 1423 mihi
1587 1393 1690 1432 sunt,

242 1446 477 1497 easdemque
507 1447 673 1485 rationes
708 1454 823 1498 atque
855 1460 952 1485 meae
981 1454 1072 1485 sunt
1103 1460 1191 1485 cum
1224 1447 1409 1485 Herode:
1452 1459 1540 1484 nam
1567 1459 1691 1497 neque

240 1520 333 1557 opes
349 1506 492 1545 Herodi
510 1514 632 1554 erant,
648 1521 811 1558 quarum
828 1508 1023 1560 appetitus
1037 1508 1250 1547 accendere
1265 1508 1456 1559 Lycinum
1473 1508 1524 1546 ad
1545 1507 1693 1546 facinus

239 1566 444 1617 potuisset,
481 1580 607 1617 neque
644 1568 848 1606 discrimen
886 1568 1008 1605 ullum
1045 1569 1092 1606 ab
1132 1568 1290 1606 Herode
1326 1567 1545 1618 parabatur,
1586 1567 1693 1618 quod

242 1628 408 1678 Lycinus
437 1640 512 1665 non
540 1629 742 1679 potuisset,
766 1629 845 1667 nisi
864 1642 931 1679 per
949 1628 1064 1679 hujus
1083 1641 1230 1674 necem,
1262 1627 1447 1679 effugere.
1502 1628 1695 1666 Praeterea

240 1701 288 1726 ne
308 1688 429 1726 voluit
453 1689 609 1738 quidem
640 1690 807 1740 Lycinus
837 1703 924 1728 eum
945 1689 1124 1740 perdere:
1153 1702 1242 1727 nam
1269 1691 1301 1728 si
1327 1690 1527 1736 voluisset,
1546 1694 1696 1739 poterat

240 1749 404 1800 Lycinus
426 1749 624 1788 Herodem
642 1750 679 1787 in
705 1757 899 1788 certamen
919 1750 1076 1800 aliquod
1096 1750 1246 1789 forense
1265 1751 1470 1802 conjicere,
1499 1749 1609 1800 cujus
1629 1749 1692 1786 hic

237 1810 371 1848 fuisset
399 1810 536 1856 exitus,
568 1818 611 1849 ut
632 1811 807 1849 Herodes
840 1825 888 1849 ex
917 1811 1141 1862 praescripto
1171 1812 1302 1862 legum
1333 1818 1548 1849 vestrarum
1569 1817 1690 1848 morte

239 1871 499 1909 mulctaretur.
558 1871 596 1908 Si
634 1871 845 1910 debebatur
877 1872 1024 1909 Herodi
1052 1885 1075 1910 a
1106 1872 1248 1923 Lycino
1277 1871 1432 1917 malum,
1450 1877 1603 1922 poterat
1618 1869 1692 1909 hoc

241 1931 356 1969 modo
376 1932 541 1983 Lycinus
563 1932 635 1970 sub
655 1932 802 1970 latebra
817 1932 1035 1983 reipublicae
1054 1932 1222 1983 privatas
1249 1943 1339 1969 suas
1369 1931 1527 1982 injurias
1544 1930 1691 1975 ulcisci,

239 2004 390 2042 unaque
410 2005 458 2030 eo
479 1993 582 2030 facto
603 2005 670 2031 vos
685 1993 906 2044 promereri,
928 1992 1121 2039 docendo,
1143 1993 1383 2043 majestatem
1403 1991 1624 2042 reipublicae
1642 1991 1692 2029 ab

240 2067 286 2092 eo
306 2054 437 2091 laesam
459 2054 597 2092 fuisse:
627 2068 846 2105 quanquam
875 2054 998 2092 multo
1018 2054 1095 2092 hoc
1114 2054 1149 2092 ei
1178 2053 1315 2092 fuisset
1347 2053 1550 2092 honestius
1570 2059 1692 2091 certa-

238 2128 339 2159 men,
367 2127 483 2164 quarn
517 2128 592 2151 nex
624 2128 672 2152 ex
698 2116 844 2153 insidiis
867 2127 934 2165 per
963 2114 1137 2153 fraudem
1165 2121 1203 2152 et
1226 2113 1355 2152 scelus
1384 2113 1529 2158 oblata,
1561 2120 1690 2151 tamen

241 2174 405 2223 Lycinus
437 2174 472 2211 id
512 2175 637 2212 facere
674 2175 872 2224 indignum
903 2187 974 2211 sua
1007 2185 1173 2224 persona
1205 2172 1340 2222 duxit3
1369 2173 1409 2211 id
1433 2172 1535 2224 quod
1561 2185 1608 2211 ex
1631 2172 1690 2212 his

241 2234 398 2272 testibus
422 2238 682 2285 cognoscetis.

853 2335 1067 2374 TESTES.

238 2419 588 2465 verumenimvero,
628 2420 823 2469 probabile
865 2421 1040 2457 nimirum
1084 2429 1157 2466 est,
1200 2423 1264 2472 qui
1299 2422 1465 2473 Lycinus
1498 2422 1687 2473 ejusmodi

238 2481 561 2532 opportunitatem
591 2480 785 2517 inimicum
817 2481 896 2518 sine
917 2493 1065 2531 suoque
1093 2494 1252 2531 meoque
1273 2484 1446 2533 periculo
1474 2483 1687 2521 ulciscendi

236 2542 361 2580 sciens
396 2549 436 2579 et
465 2541 598 2579 volens
629 2542 917 2584 transmisisset,
946 2542 1114 2578 eundem
1148 2549 1241 2580 tutae
1273 2551 1312 2580 et
1344 2545 1517 2581 honestae
1549 2544 1685 2582 ultioni

238 2603 454 2652 praetulisse
477 2602 661 2639 ultionem
691 2614 738 2638 ex
762 2602 909 2639 insidiis
935 2609 974 2639 et
1004 2615 1090 2638 cum
1115 2603 1324 2653 ignominia
1348 2611 1386 2640 et
1411 2616 1498 2641 cum
1518 2604 1688 2654 periculo

235 2675 381 2712 suoque
401 2675 562 2714 meoque
580 2662 842 2712 conjunctum,
865 2663 928 2699 ubi
951 2662 1213 2711 deprehensus
1243 2676 1318 2700 non
1337 2676 1397 2700 me
1419 2663 1542 2700 solum
1563 2665 1685 2714 patria

241 2723 462 2772 expelleret,
499 2723 568 2761 sed
605 2735 683 2759 una
726 2722 971 2773 semetipsum
1006 2735 1161 2772 quoque
1204 2724 1402 2773 sacrisque
1439 2731 1478 2761 et
1514 2724 1688 2762 civilibus

232 2783 383 2830 juribus
411 2791 449 2820 et
477 2782 630 2834 reliquis
649 2782 827 2821 omnibus
851 2781 1012 2820 fortunis
1035 2783 1224 2834 rebusque
1245 2784 1409 2833 privaret
1436 2797 1520 2834 quae
1544 2784 1688 2822 homini

242 2843 382 2894 cuique
418 2845 625 2882 carissirnae
658 2851 746 2882 sunt
780 2844 995 2894 summique
1032 2842 1141 2880 fiunt.
1209 2844 1287 2882 Sed
1324 2857 1396 2895 age
1428 2845 1688 2884 concedamus
