1822 3219
451 134 523 173 DE
553 133 865 173 AFFECTATA
894 132 1228 171 TYRANNIDE.
1483 134 1556 168 3-23

122 243 201 275 tum
222 243 388 275 vestrum
410 237 445 274 in
466 237 627 288 patriam
648 236 769 272 minus
794 233 975 286 potentiae
994 240 1131 271 vestroe
1156 245 1268 282 quam
1296 232 1411 270 furori
1433 239 1559 283 tyran-

122 309 256 335 norum
275 311 359 336 esse
376 296 584 334 debituros.
641 296 803 346 Oportet
820 295 949 344 itaque
966 293 1202 343 superiorum
1220 299 1429 343 temporum
1451 306 1562 330 even-

123 358 225 396 tibus
244 370 312 409 pro
342 358 554 394 futurorum
584 355 768 405 exemplis
795 355 832 391 in
861 353 1107 405 capessendis
1135 352 1301 390 consiliis
1332 354 1398 395 uti,
1418 366 1561 403 eosque

122 418 308 456 libertatis
336 418 530 468 popularis
560 415 858 454 studiosissimos
885 415 1040 459 ducere,
1062 414 1126 464 qui
1157 420 1333 451 auctores
1351 413 1456 450 vobis
1475 422 1563 451 sunt

120 478 335 516 concordiae
364 478 518 516 tuendae
544 477 662 527 pactis
685 475 881 513 servandis
901 474 1148 525 jurejurando
1167 473 1413 517 confirmatis,
1434 474 1560 511 existi-

122 543 270 576 mantes
289 538 544 576 firmissimum
565 536 640 574 hoc
657 548 741 573 esse
761 534 893 572 salutis
913 534 1077 584 publicae
1092 533 1326 583 praesidium,
1345 532 1561 582 flagellum-

121 611 196 648 que
214 598 380 636 hostium
401 598 645 636 acerrimum:
677 608 752 633 non
773 595 871 632 enim
894 594 1003 631 facile
1029 593 1232 642 quicquam
1256 592 1346 642 ipsis
1366 592 1564 642 contingat

121 658 171 695 ad
190 658 399 696 cruciatum
420 657 607 701 acerbius,
623 668 735 706 quam
758 662 800 691 ut
815 654 986 699 audiant,
1005 665 1075 690 nos
1097 653 1264 689 urbanos
1283 664 1305 688 a
1324 651 1430 689 vobis
1447 652 1563 689 Pirae-

122 718 277 756 ensibus
296 719 344 756 ad
372 720 464 768 reip.
487 717 801 768 gubernationem
827 715 989 760 admitti,
1009 721 1127 763 utque
1147 713 1248 750 cives
1268 713 1367 750 inter
1387 726 1427 750 se
1448 714 1563 751 senti-

123 784 190 815 ant
208 791 293 816 esse
312 784 446 816 mutua
464 778 660 815 voluntate
680 776 787 826 quasi
809 774 925 811 nullae
944 786 1110 824 unquam
1131 774 1233 823 ipsos
1258 773 1564 811 intercessissent

121 837 348 876 simultates.
406 840 571 890 Oportet
588 838 663 875 hoc
683 849 837 887 quoque
858 849 926 873 vos
953 848 1081 880 nosse,
1097 834 1265 885 judices,
1286 833 1385 872 velle
1411 835 1563 873 exsules

119 898 177 949 [h.
197 911 231 936 e.
252 898 610 950 Trigintatyrannos
631 903 670 935 et
689 909 817 934 eorum
838 895 1026 943 asseclas]
1046 894 1277 945 reliquorum
1297 894 1432 931 civium
1448 908 1562 944 quam

119 960 301 1011 plurimos
321 968 360 999 et
378 962 415 998 in
436 961 614 999 invidiam
632 958 772 997 adduci
790 965 827 995 et
846 957 1002 995 infamia
1022 957 1158 1002 notari,
1172 965 1368 1006 sperantes
1385 957 1440 994 sic
1461 958 1563 995 futu-

120 1033 204 1058 rum
231 1028 273 1058 ut
301 1033 324 1059 a
356 1022 460 1059 vobis
490 1021 628 1071 injuria
658 1020 739 1057 laesi
757 1019 893 1056 vestris
923 1031 945 1056 a
971 1018 1142 1068 partibus
1168 1017 1216 1055 ad
1243 1024 1369 1068 partes
1395 1018 1563 1068 ipsorum

119 1087 339 1124 transeant;
373 1094 516 1131 eosque
541 1080 732 1132 quantivis
758 1092 844 1117 esse
870 1079 1052 1123 facturos,
1080 1079 1202 1128 gratia
1224 1079 1434 1128 opibusque
1462 1079 1564 1129 apud

119 1153 188 1179 vos
208 1141 463 1192 sycophantas
481 1141 683 1192 plurimum
705 1140 848 1178 valere:
878 1139 1013 1176 horum
1033 1138 1130 1176 enim
1152 1138 1429 1188 improbitatem
1452 1139 1566 1178 saluti

121 1202 192 1241 sibi
211 1203 292 1242 fore
312 1204 554 1242 arbitrantur.

174 1265 214 1302 9.
243 1264 364 1315 Cujus
383 1265 437 1302 rei
456 1265 687 1304 documento
706 1264 813 1303 vobis
833 1271 954 1308 erunt,
976 1276 1063 1313 quae
1084 1271 1170 1314 post
1188 1264 1566 1315 Quadringentorum

121 1323 419 1365 dominationem
438 1335 657 1373 evenerunt,
678 1327 708 1365 si
728 1327 863 1365 voletis
883 1340 928 1365 ea
947 1326 995 1364 ad
1015 1333 1180 1364 vestram
1202 1333 1367 1364 mentem
1388 1327 1564 1365 recorda-

119 1387 223 1425 tione
248 1401 439 1427 revocare.
497 1389 562 1427 Sic
587 1389 686 1426 enim
706 1388 941 1438 intelligetis,
963 1400 1124 1437 quorum
1144 1388 1183 1424 hi
1203 1387 1467 1439 sycophantae,
1487 1389 1566 1426 dis-

119 1448 335 1486 cordiarum
354 1449 459 1487 faces
476 1455 590 1499 atque
611 1450 726 1494 tubae,
745 1449 852 1486 vobis
878 1455 1052 1486 auctores
1073 1447 1165 1485 facti
1185 1448 1274 1493 sint,
1296 1460 1341 1485 ea
1367 1461 1566 1499 nunquam

120 1509 229 1547 vobis
249 1510 468 1560 expedisse;
490 1524 577 1560 quae
596 1517 721 1548 autem
737 1523 810 1560 ego
831 1509 988 1555 suadeo,
1003 1522 1048 1546 ea
1063 1521 1145 1546 esse
1161 1508 1364 1560 ejusmodi,
1380 1516 1421 1547 ut
1432 1510 1564 1547 formae

119 1569 212 1620 reip.
235 1569 414 1621 gerendae
433 1570 597 1620 utrique,
617 1576 693 1607 tam
722 1569 895 1621 populari
914 1582 1027 1619 quam
1050 1568 1334 1614 aristocraticae,
1351 1569 1458 1606 nullo
1487 1583 1562 1608 non

118 1637 291 1681 tempore
315 1630 534 1680 expediant.
589 1631 799 1681 Epigenem
821 1630 943 1668 nostis
963 1637 1079 1680 atque
1100 1630 1391 1679 Demophanem
1421 1638 1458 1668 et
1485 1632 1565 1669 Cli-

117 1690 306 1736 sthenem,
328 1691 392 1741 qui
422 1697 460 1728 et
487 1690 673 1741 privatam
701 1704 806 1728 suam
834 1703 913 1728 rem
933 1703 955 1728 e
974 1689 1091 1727 ruinis
1124 1689 1263 1727 civium
1297 1699 1498 1736 auxerunt,
1527 1700 1566 1730 et

118 1752 312 1803 publicam
332 1751 453 1789 noxiis
473 1765 587 1801 quam
608 1751 780 1802 plurimis
800 1758 914 1801 atque
935 1751 1132 1789 dirissimis
1152 1751 1419 1789 dilacerarunt.
1457 1752 1564 1790 Alios

118 1812 218 1850 enim
238 1819 280 1850 ut
299 1812 443 1850 indicta
459 1813 710 1862 inauditaque
738 1824 856 1849 causa
881 1811 992 1849 morti
1023 1811 1178 1856 daretis,
1196 1824 1263 1848 vos
1293 1811 1564 1862 impellebant:

119 1873 280 1912 aliorum
300 1873 506 1911 multorum
523 1876 626 1912 bona
644 1881 689 1910 ut
706 1872 964 1924 publicaretis,
978 1872 1071 1909 alios
1085 1879 1127 1909 ut
1143 1873 1234 1909 urbe
1253 1872 1493 1923 expelleretis
1509 1873 1564 1911 in-

119 1934 234 1972 famia
248 1934 699 1981 notatos‚hortabantur:
729 1946 836 1971 mens
852 1933 951 1970 enim
971 1933 1064 1983 ipsis
1084 1940 1163 1970 erat
1185 1939 1263 1970 tam
1281 1932 1380 1970 laeva
1398 1941 1476 1971 tam
1496 1934 1566 1972 fla-

119 1996 259 2046 gitiosa
285 2002 362 2034 tam
391 1996 576 2046 improba,
596 2002 639 2032 ut
669 1995 892 2033 criminosos
921 1993 1077 2044 quidem
1105 1993 1368 2044 largitionibus
1397 1995 1564 2046 corrupti

118 2058 201 2095 sine
220 2064 312 2094 nota
330 2056 645 2101 transmitterent,
666 2056 838 2094 insontes
859 2062 985 2093 autem
1007 2055 1043 2091 in
1059 2054 1247 2105 judicium
1262 2061 1431 2093 vestrum
1451 2055 1563 2093 indu-

116 2124 249 2157 cerent
265 2125 382 2169 atque
401 2131 423 2155 a
443 2130 485 2156 se
504 2117 781 2156 condemnatos
810 2115 1119 2167 pessumdarent.
1177 2115 1315 2153 Studia
1343 2116 1428 2153 haec
1456 2129 1563 2154 exer-

117 2191 202 2217 cere
221 2178 326 2229 prius
346 2191 423 2216 non
437 2178 676 2223 desinebant,
690 2190 803 2228 quam
818 2176 1008 2215 civitatem
1024 2176 1061 2213 in
1077 2175 1288 2214 discordias
1308 2176 1563 2215 calamitates-

117 2251 193 2290 que
213 2251 326 2288 quam
348 2238 531 2277 maximas
553 2238 820 2289 conjecissent,
841 2238 912 2289 ipsi
932 2244 1059 2275 autem
1082 2250 1101 2274 e
1121 2237 1370 2288 pauperrimis
1389 2237 1562 2276 ditissimi

117 2305 248 2337 essent
261 2298 366 2336 facti.
401 2299 483 2336 Vos
499 2307 627 2337 autem
641 2312 687 2337 eo
702 2306 835 2337 contra
848 2299 973 2336 fuistis
987 2299 1127 2344 animo,
1142 2298 1236 2336 utin
1256 2299 1434 2336 exsilium
1455 2305 1562 2337 actos

118 2359 204 2398 inde
224 2359 432 2398 revocastis
453 2359 615 2409 sinuque
634 2366 757 2398 vestro
777 2359 990 2410 recepistis,
1010 2359 1167 2396 infamia
1182 2366 1335 2397 notatos
1357 2359 1394 2396 in
1420 2366 1562 2397 statum

118 2423 317 2474 pristinum
330 2422 448 2460 civilis
464 2422 657 2473 dignitatis
677 2421 909 2468 restituistis,
923 2421 1076 2471 reliquis
1096 2421 1212 2458 fidem
1230 2429 1395 2459 vestram
1417 2420 1464 2457 de
1485 2433 1562 2457 ser-

119 2483 247 2521 vanda
265 2495 361 2533 pace
381 2488 498 2532 atque
516 2482 721 2520 concordia
730 2482 981 2533 jurejurando
1003 2481 1106 2519 dicto
1126 2481 1349 2531 obligastis;
1382 2480 1564 2529 denique,

121 2545 151 2582 si
171 2543 248 2594 qui,
268 2544 464 2582 obtinente
484 2543 611 2581 adhuc
631 2543 755 2593 priore
773 2542 960 2588 libertate,
981 2542 1119 2580 civium
1140 2541 1286 2578 animos
1306 2539 1562 2577 delationibus

119 2603 304 2654 falsisque
324 2603 542 2641 criminibus
562 2603 599 2640 in
618 2603 705 2641 odia
723 2603 1064 2653 insectationesque
1082 2610 1233 2639 mutuas
1247 2600 1561 2644 inflammassent,

121 2677 187 2702 eos
208 2664 239 2701 si
257 2664 362 2701 vobis
381 2664 552 2702 licuisset
576 2664 754 2702 libentius
783 2664 1041 2716 punivissetis‚
1062 2674 1177 2712 quam
1206 2660 1290 2697 illos
1317 2660 1420 2710 ipsos
1440 2660 1505 2709 qui
1523 2660 1562 2698 in

120 2723 322 2775 tyrannide
340 2737 464 2761 rerum
485 2724 595 2775 potiti
614 2725 781 2762 fuerunt.
839 2724 960 2762 Recte
986 2723 1083 2761 enim
1106 2733 1207 2764 vero,
1224 2719 1389 2770 judices,
1409 2721 1561 2770 sapien-

120 2790 271 2833 terque:
304 2791 453 2822 constat
479 2785 578 2822 enim
608 2797 709 2822 nunc
736 2785 833 2822 inter
852 2791 998 2828 omnes,
1019 2795 1085 2832 per
1103 2793 1232 2819 eorum
1253 2793 1416 2818 errorem
1438 2780 1502 2830 qni
1523 2780 1561 2817 in

122 2843 330 2894 oligarchia
349 2845 490 2883 nefarie
509 2858 626 2895 remp.
642 2851 852 2885 tractarunt
871 2845 1014 2882 factum
1034 2856 1133 2888 esse,
1154 2849 1194 2879 ut
1214 2841 1444 2880 democratia
1466 2841 1560 2879 revi-
