1822 3219
227 146 307 184 230
874 150 1045 188 LYSIAE

229 250 402 300 negabat
422 251 678 290 commoveri:
711 252 854 292 multos
874 255 974 292 enim
991 255 1286 293 Atheniensium
1305 254 1440 293 eadem
1462 269 1592 295 secum
1612 270 1702 297 sen-

231 313 302 351 tire
323 320 440 365 atque
459 315 617 366 agitare,
633 328 750 367 penes
771 330 813 355 se
833 325 981 356 certum
1004 325 1122 369 atque
1142 318 1385 370 exploratum
1407 332 1519 364 esse;
1552 320 1702 372 Lysan-

229 376 299 415 dro
332 384 450 429 atque
481 377 784 417 Lacedaemoniis
812 380 975 431 probata
1001 393 1044 418 se
1071 380 1189 432 loqui.
1248 381 1471 420 Secundum
1491 382 1702 423 Therame-

229 452 318 477 nem
355 453 564 491 assurgens
605 441 817 491 Lysander,
857 442 954 480 inter
988 442 1064 481 alia
1097 456 1184 494 quae
1214 449 1294 480 tum
1335 443 1456 481 multa
1494 445 1706 496 spargebat

229 501 420 541 minarum
442 511 480 541 et
504 504 696 554 superbiae
724 503 838 554 plena
866 504 985 549 dicta,
1008 505 1186 556 jactabat
1211 505 1325 542 etiam
1355 505 1444 551 hoc,
1471 518 1512 544 se
1533 506 1614 558 jam
1634 518 1704 546 vos

231 571 364 602 tenere
385 566 486 616 rupti
509 565 660 603 foederis
683 566 882 604 manifeste
899 580 1008 611 reos;
1043 579 1116 605 non
1134 580 1237 604 nunc
1255 567 1303 604 de
1319 568 1440 605 forma
1455 568 1548 619 reip.
1565 574 1705 606 vestroe

233 626 446 671 induenda,
473 627 541 665 sed
571 627 621 664 de
649 627 845 678 spirituum
875 637 1090 666 vestrorum
1121 628 1325 666 securitate
1346 629 1422 678 agi,
1440 629 1512 666 nisi
1531 635 1705 682 prompte

226 687 348 739 jussis
372 688 625 727 Theramenis
647 689 824 740 pareatis.
886 690 982 728 Boni
1009 691 1112 729 cives
1139 698 1330 742 quotquot
1359 691 1411 728 illi
1444 692 1621 730 concioni
1648 693 1706 730 in-

232 756 437 796 teressent,
457 750 635 788 videntes
670 763 863 788 armorum
893 751 1237 803 machinarumque
1267 759 1493 803 apparatum
1530 753 1601 791 sibi
1631 753 1705 792 cir-

234 812 491 862 cumpositum
521 818 560 849 et
587 812 784 849 admotam
810 813 887 850 vim
914 821 1031 864 atque
1052 815 1325 852 necessitatem
1347 815 1622 862 inevitabilem,
1642 815 1707 854 alii

234 872 314 911 suis
340 873 379 910 in
408 873 565 911 sedibus
594 881 797 911 manentes
823 874 942 924 quieti
971 875 1300 920 conticescebant‚
1323 875 1386 913 alii
1406 877 1536 913 furtim
1558 890 1598 914 se
1620 878 1708 917 sub-

237 934 446 980 ducebant,
461 935 536 972 hoc
554 935 680 972 saltim
698 949 831 973 secum
848 935 1052 974 efferentes
1067 950 1148 974 suae
1163 937 1414 975 conscientiae
1429 938 1707 983 testimonium,

235 996 330 1034 nihil
362 1010 403 1035 se
433 997 526 1047 reip.
546 998 771 1047 pestiferum
801 998 986 1036 scivisse:
1018 999 1131 1050 pauci
1162 999 1333 1049 quidam,
1355 999 1424 1036 sed
1449 999 1504 1036 illi
1531 1000 1708 1038 scelerati

236 1058 439 1109 pravisque
459 1058 569 1096 ducti
585 1059 771 1104 consiliis,
785 1059 976 1109 imperata
995 1073 1065 1097 suo
1082 1058 1268 1109 suffragio
1285 1060 1602 1112 comprobabant.
1637 1061 1712 1098 Im-

235 1122 443 1172 perabatur
458 1128 602 1166 autern,
621 1127 663 1157 ut
679 1134 832 1158 summa
852 1134 975 1158 rerum
999 1121 1167 1172 collegio
1184 1121 1529 1172 Trigintavirorum
1549 1121 1711 1160 manda-

238 1190 355 1227 retur,
372 1182 542 1221 conflato
557 1196 579 1220 e
596 1183 837 1228 decemviris,
855 1183 938 1221 aliis
959 1197 1057 1234 quos
1073 1184 1332 1221 Theramenes
1349 1191 1454 1221 esset
1473 1183 1712 1231 delecturus‚

241 1245 324 1283 aliis
352 1259 448 1295 quos
476 1245 620 1296 Ephori
647 1253 728 1283 tum
757 1259 884 1283 rerum
907 1247 1115 1297 potientes,
1138 1246 1220 1284 aliis
1246 1245 1413 1297 denique
1434 1259 1456 1284 e
1476 1258 1620 1284 corona
1645 1258 1712 1284 ex-

241 1308 467 1358 cerpendis:
499 1308 552 1344 ita
584 1307 785 1359 perspicue
815 1315 985 1345 vestram
1019 1309 1232 1345 cernebant
1260 1307 1520 1346 infirmitatem
1551 1320 1713 1358 suaeque

240 1370 333 1408 certi
361 1376 471 1407 erant
497 1371 699 1420 potentiae,
719 1376 762 1407 ut
787 1371 824 1407 in
851 1370 1036 1407 concione
1058 1377 1243 1408 eventura
1263 1369 1505 1420 praescirent.
1562 1370 1713 1408 Aucto-

238 1445 316 1469 rem
337 1431 482 1469 vultis?
511 1432 693 1469 idoneum
714 1432 830 1477 dabo,
852 1445 929 1470 non
951 1445 1026 1481 me,
1048 1432 1116 1469 sed
1137 1431 1243 1469 illum
1266 1432 1392 1482 ipsum
1413 1431 1711 1478 Theramenem,

238 1494 312 1532 ista
343 1494 390 1531 de
422 1507 461 1532 se
490 1495 749 1537 referentem3
781 1494 841 1531 cui
862 1507 927 1531 vos
953 1494 1109 1531 credere
1135 1493 1332 1531 convenit.
1392 1492 1492 1536 Quae
1516 1492 1616 1530 enim
1637 1505 1715 1544 ego

241 1556 358 1594 modo
384 1556 510 1601 retuli,
533 1569 579 1594 ea
603 1556 666 1593 ille
694 1557 779 1606 ipse
807 1569 939 1594 coram
966 1563 1118 1600 senatu,
1140 1555 1206 1593 illa
1227 1555 1265 1592 in
1288 1554 1461 1592 oratione
1480 1567 1558 1605 qua
1577 1554 1714 1604 capitis

241 1632 401 1656 causam
424 1619 534 1664 dixit,
555 1618 773 1669 perhibuit:
804 1631 881 1668 qua
901 1619 936 1655 in
957 1618 1142 1662 oratione,
1165 1630 1253 1654 cum
1279 1616 1480 1666 exsulibus
1510 1617 1717 1667 exprobrat

243 1681 348 1732 quod
377 1694 445 1732 per
476 1694 518 1718 se
551 1681 755 1726 redissent,
787 1687 869 1718 'tum
900 1681 938 1717 in
973 1679 1291 1718 Lacedaemonios
1326 1679 1491 1729 graviter
1523 1679 1718 1717 invehitur

243 1758 386 1795 eosque
422 1758 510 1782 cum
544 1744 700 1781 fastidio
735 1751 774 1781 et
807 1743 1012 1794 supercilio
1043 1743 1236 1785 traducit;
1276 1742 1447 1792 collegas
1476 1742 1716 1793 principatus

243 1807 603 1858 Trigintatyrannos
632 1806 818 1857 increpat,
846 1805 952 1856 quod
979 1805 1064 1850 sibi,
1093 1817 1115 1842 a
1143 1816 1219 1854 quo
1248 1803 1321 1841 ista
1349 1816 1436 1853 quae
1462 1802 1542 1840 dixi
1572 1803 1716 1848 omnia,

245 1869 370 1906 modis
389 1868 462 1905 illis
481 1881 580 1919 quos
602 1867 693 1912 dixi,
714 1867 913 1905 elaborata
933 1874 972 1904 et
992 1866 1166 1917 perfecta
1184 1864 1365 1909 fuissent,
1386 1872 1425 1902 et
1445 1864 1505 1902 cui
1533 1864 1717 1915 quicquid

244 1945 364 1983 penes
394 1945 461 1969 eos
491 1940 594 1969 esset
624 1931 762 1976 aculei,
791 1930 828 1968 id
861 1943 973 1967 omne
1006 1929 1071 1965 uni
1102 1928 1301 1972 deberent,
1329 1927 1430 1965 hanc
1463 1939 1590 1977 operae
1621 1925 1716 1977 ipsis

245 2002 396 2032 navatae
417 1993 635 2031 mercedem
657 1992 855 2036 referrent,
874 1991 939 2042 qui
959 1990 1052 2041 ipsis
1074 1996 1133 2027 tot
1152 1990 1242 2027 fidei
1262 2002 1354 2039 erga
1374 1990 1477 2040 ipsos
1497 2001 1579 2026 suae
1595 1988 1717 2026 docu-

245 2065 378 2094 menta
410 2056 584 2094 dedisset
610 2055 859 2106 ipsorumque
891 2055 938 2092 de
969 2053 1044 2091 fide
1071 2066 1165 2103 erga
1191 2066 1232 2090 se
1259 2059 1318 2089 tot
1346 2051 1600 2090 sacramentis
1618 2057 1717 2102 ‘qu‘ae

247 2120 318 2157 sibi
347 2119 536 2157 dixissent
562 2119 702 2156 certior
731 2126 835 2156 esset
866 2118 1006 2155 factus.
1066 2116 1218 2153 Horum
1251 2122 1446 2153 tantorum
1481 2111 1720 2162 aliorumque

248 2181 514 2232 malorumque
541 2189 657 2231 atque
686 2180 935 2224 dedecorum,
956 2177 1286 2227 vetustiorumque
1308 2183 1423 2231 atque
1449 2174 1718 2218 recentiorum,

247 2243 512 2293 majorumque
540 2248 657 2292 atque
683 2241 886 2285 minorum,
907 2239 1144 2277 architectus
1175 2250 1263 2275 cum
1297 2236 1413 2273 fuerit
1443 2235 1719 2278 Theramenes,

250 2304 303 2341 nil
331 2313 459 2342 tamen
485 2304 580 2340 istos
610 2303 771 2353 pudebit
801 2303 946 2339 amicos
972 2301 1055 2351 ejus
1083 2312 1125 2337 se
1151 2300 1262 2344 ferre,
1282 2298 1347 2349 qui
1370 2305 1531 2335 mortem
1553 2309 1630 2334 non
1651 2308 1722 2347 pro

248 2368 356 2405 vobis
378 2367 445 2404 sed
467 2379 534 2417 pro
556 2366 725 2416 ipsorum
748 2364 907 2415 perfidia
926 2371 1040 2414 atque
1062 2361 1327 2399 scelerositate
1348 2359 1520 2411 oppetiit,
1541 2366 1582 2397 et
1604 2371 1719 2410 quam

249 2442 400 2480 poenam
431 2428 602 2479 tyrannis
633 2426 740 2465 dedit
763 2439 891 2478 operae
921 2427 969 2463 ab
998 2426 1081 2476 ipso
1100 2425 1136 2462 in
1159 2423 1369 2461 evertendo
1389 2423 1558 2473 ipsorum
1578 2420 1721 2472 princi-

250 2499 344 2542 patu
373 2498 539 2535 navatae‚
562 2503 645 2527 earn
673 2502 825 2539 poenarn
855 2488 886 2526 si
913 2488 1061 2525 dudum
1093 2494 1181 2524 ante
1212 2485 1384 2523 dedisset
1411 2484 1514 2535 plebi
1545 2483 1722 2521 libertate

252 2566 322 2591 sua
351 2551 477 2590 adhuc
508 2551 708 2602 gaudenti,
739 2550 912 2587 meritam
945 2550 1079 2600 utique
1111 2548 1310 2586 dedisset:
1342 2548 1397 2585 bis
1427 2546 1527 2583 enim
1553 2557 1622 2582 vos
1649 2546 1722 2583 sub

246 2617 384 2667 jugum
406 2614 523 2657 misit,
540 2612 784 2664 praesentium
807 2612 936 2660 taedio,
957 2611 1173 2649 absentium
1196 2609 1384 2661 appetitu,
1405 2607 1664 2659 pulcherrimo
1683 2614 1724 2645 et

253 2677 523 2715 honestissimo
541 2675 695 2712 nomine
717 2675 895 2718 abutens,
917 2674 1031 2724 cujus
1054 2674 1126 2710 sub
1145 2672 1251 2709 larva
1272 2669 1549 2707 teterrimorum
1576 2668 1725 2707 facino-

255 2753 336 2776 rum
358 2739 476 2776 veiuti
499 2738 682 2788 magister
701 2736 877 2787 exempla
897 2735 1058 2786 praeivit.

315 2803 375 2839 12.
397 2802 542 2838 Verum
558 2800 649 2838 satis
667 2799 754 2836 haec
771 2798 863 2835 mihi
883 2797 932 2834 de
950 2797 1193 2835 Theramene
1214 2794 1317 2832 dicta
1337 2799 1475 2830 sunto:
1505 2804 1574 2829 vos
1592 2797 1724 2829 autem

257 2863 555 2902 Eratosthenem
586 2862 745 2913 ejusque
775 2860 944 2910 collegas
973 2857 1176 2910 punitote;
1206 2856 1311 2894 venit
1340 2855 1458 2897 enim,
1484 2852 1590 2891 venit
1619 2864 1723 2890 nuuc

258 2926 412 2965 tandem
448 2925 658 2976 aliquando
685 2931 854 2974 tempus,
883 2935 962 2972 quo
991 2920 1126 2958 vestris
1160 2932 1182 2956 a
1216 2917 1410 2956 mentibus
1441 2916 1576 2954 abesse
1608 2913 1725 2952 debet
