1822 3219
214 165 287 202 110
804 164 1108 204 ANDOClDlS

220 273 351 325 pellat.
409 273 462 311 At
482 272 558 312 filio
577 272 714 312 Calliae
734 271 887 322 ecquod
907 283 1046 309 nomen
1068 270 1210 321 imponi
1235 282 1305 322 par
1325 272 1424 310 erit?
1480 275 1583 314 Nam
1609 290 1685 329 ego

223 335 403 387 equidem
423 336 587 388 despero
607 343 685 373 tam
713 334 896 372 solertem
914 339 1110 385 repertum
1130 332 1172 370 iri
1193 333 1468 384 conjectorem,
1487 339 1554 388 qui
1573 338 1611 377 id
1631 339 1685 378 di·

222 397 339 436 vinet.
394 397 488 436 Tres
510 398 610 436 enim
639 409 727 435 cum
757 396 834 434 sint
860 394 1054 440 mulieres,
1085 394 1224 445 quibus
1251 402 1364 446 pater
1390 398 1474 448 ejus
1501 401 1684 441 uxoribus

223 471 318 498 usus
337 465 411 506 est,
429 458 533 498 idem
553 459 624 497 erit
641 469 772 496 earum
792 456 906 494 unius
927 455 1041 501 filius,
1062 469 1178 506 quem
1203 457 1288 507 ipse
1314 471 1399 496 sese
1422 459 1509 506 fert,
1528 459 1684 503 alterius

223 519 354 567 frater,
386 521 511 558 tertiae
545 520 711 570 denique
741 526 917 569 patruus.
976 517 1118 568 Ecquis
1152 517 1213 556 hic
1245 519 1345 556 erit?
1392 520 1590 572 OEdipus'?
1633 536 1685 562 an

223 581 454 633 AEgisthus?
497 588 565 620 aut
592 593 668 632 quo
693 579 849 618 tandem
876 579 1069 631 oportebit
1094 579 1248 618 nomine
1276 587 1491 620 monstrum
1517 582 1597 622 hoc'
1615 596 1685 637 ap-

224 643 390 695 pellari?

277 707 343 743 22.
375 705 561 756 Superest
589 704 716 742 adhuc
741 715 877 748 unum,
900 702 981 748 viri,
1007 701 1197 740 minutum
1223 702 1330 753 quid,
1355 711 1395 742 et
1420 705 1525 756 quod
1551 707 1685 757 paucis

222 767 336 805 facile
355 766 481 804 verbis
501 766 744 816 expediatur,
766 765 816 802 de
835 764 962 802 Callia
979 764 1089 801 vobis
1109 765 1147 802 in
1169 766 1390 804 memoriam
1410 767 1686 808 revocandum.

223 828 461 879 Temporum
491 827 618 865 adhuc
647 826 677 863 si
707 825 933 864 meministis
959 825 1111 864 illorum
1139 827 1355 873 beatorum,
1380 828 1522 878 quibus·
1550 830 1685 868 civitas

223 897 354 928 nostra
373 890 539 927 Graeciae
559 889 737 940 princeps
757 887 885 926 adhuc
903 894 998 932 erat,
1013 894 1053 925 et
1071 888 1312 938 Hipponicus
1330 888 1558 929 Graecorum
1577 892 1686 931 locu—

222 952 475 1003 pletissimus,
501 951 626 988 nostis
653 951 691 988 in
717 963 782 987 ore
807 949 1053 1000 puerulorum
1081 950 1141 987 vel
1168 950 1512 991 infantissimorum
1537 961 1577 992 et
1601 967 1687 992 mu·

222 1012 467 1051 liercularum
497 1016 689 1049 versatam
721 1023 808 1049 esse
845 1010 1003 1056 famam,
1029 1017 1113 1048 tota
1139 1012 1233 1049 urbe
1262 1011 1439 1059 diditam,
1470 1014 1686 1056 futurorum

223 1087 335 1112 omen
353 1074 576 1116 habentem,
594 1072 858 1122 Hipponicum
875 1071 978 1109 domi
998 1084 1079 1109 suae
1098 1085 1170 1109 suo
1189 1073 1260 1109 sibi
1278 1086 1357 1111 aere
1372 1075 1473 1113 alere
1491 1075 1686 1116 hominem

221 1135 455 1187 piacularem
476 1134 625 1183 sibique
646 1132 884 1182 pestiferum,
905 1132 970 1182 qui
989 1145 1164 1170 mensam
1186 1133 1268 1183 ejus
1289 1135 1339 1172 sit
1357 1147 1575 1176 eversurus.
1604 1137 1691 1176 Me-

222 1197 397 1241 ministis,
417 1196 498 1240 viri,
519 1194 632 1245 hujus
652 1194 781 1238 famae,
800 1205 870 1230 vos
890 1205 1039 1230 omnes.
1098 1193 1248 1243 Ecquid
1268 1195 1394 1245 ergo?
1427 1197 1551 1236 exitus
1570 1198 1688 1237 fidem

222 1260 337 1297 famae
363 1257 480 1296 fecit?
537 1255 633 1293 Plus
662 1254 791 1299 etiam,
810 1266 926 1303 quam
951 1254 1166 1304 oportebat.
1225 1255 1351 1298 Quem
1380 1259 1564 1308 sperabat
1591 1259 1689 1312 Hip-

224 1321 384 1373 ponicus
414 1333 438 1357 a
465 1331 507 1356 se
535 1317 656 1354 filium
685 1316 748 1362 ali,
777 1315 884 1352 illurn
914 1314 1042 1353 alebat
1070 1315 1142 1352 sibi
1171 1316 1311 1354 malum
1346 1319 1515 1368 genium,
1544 1333 1690 1359 meram

223 1390 397 1436 pestem:
429 1380 574 1420 Callias
604 1379 706 1416 enim
734 1376 854 1428 patris
884 1377 942 1414 sui
970 1376 1107 1414 evertit
1134 1376 1300 1422 divitias,
1327 1380 1464 1417 evertit
1485 1381 1686 1432 pudorem,

222 1448 482 1489 honestatem,
500 1445 646 1481 bonam
664 1440 822 1485 famam,
842 1439 978 1477 evertit
997 1438 1182 1489 reliquam
1210 1452 1363 1478 omnem
1388 1442 1477 1480 vitae
1499 1445 1692 1495 prosperi-

222 1515 355 1547 tatem.
414 1506 580 1556 Oportet
608 1503 738 1552 itaque
763 1513 832 1538 vos
862 1500 911 1538 de
941 1499 1068 1539 Callia
1096 1501 1329 1547 existimare,
1353 1515 1433 1541 non
1463 1509 1507 1541 ut
1534 1504 1583 1542 de
1609 1504 1690 1544 filio

225 1567 448 1621 Hipponici,
467 1565 536 1604 sed
556 1570 600 1603 ut
619 1564 667 1602 de
687 1562 789 1600 mala
808 1568 931 1613 peste,
951 1567 989 1599 et
1008 1562 1167 1600 numine
1188 1563 1357 1613 quodam
1378 1560 1519 1611 furiali,
1540 1565 1597 1604 illi
1615 1573 1691 1606 tor-

223 1631 381 1683 quendo
401 1635 440 1668 et
456 1625 768 1667 excarnificando
787 1637 834 1663 ex
855 1624 960 1662 Orco
981 1623 1168 1661 immisso.

278 1695 344 1731 23.
375 1691 454 1729 Sed
475 1689 586 1739 ecqui
606 1687 762 1726 tandem
782 1687 930 1724 factum
948 1691 1020 1731 est,
1040 1693 1084 1722 ut
1103 1685 1270 1723 animum
1291 1699 1384 1737 erga
1403 1701 1464 1727 me
1482 1689 1689 1740 pristinum

225 1763 304 1794 tam
334 1754 461 1792 subito
491 1758 530 1789 et
557 1757 634 1788 tarn
669 1748 902 1787 abnormiter
939 1754 1130 1784 mutarent
1165 1747 1217 1793 hi,
1247 1748 1325 1798 qui,
1355 1751 1564 1801 conjuncta
1599 1766 1689 1791 cum

225 1817 352 1856 Callia
372 1827 503 1867 opera,
523 1812 614 1850 mihi
635 1824 740 1849 nunc
759 1809 1004 1853 insidiantur,
1024 1810 1137 1858 eique
1163 1809 1200 1845 in
1228 1809 1299 1847 hac
1318 1812 1541 1851 certaminis
1562 1813 1689 1852 foren-

224 1880 275 1918 sis
297 1878 476 1916 machina
494 1872 753 1914 construenda
773 1878 813 1910 et
832 1871 870 1908 in
890 1878 1008 1922 caput
1027 1883 1153 1910 meum
1171 1870 1428 1922 intorquenda
1443 1875 1691 1926 consiliisque

223 1941 476 1994 pecuniisque
502 1935 744 1976 conferendis
773 1941 916 1985 praesto
946 1931 1064 1970 sunt?
1120 1932 1288 1970 Domum
1313 1947 1333 1971 e
1355 1934 1486 1986 Cypro
1513 1949 1689 1976 reversus

223 2002 434 2049 triennium
450 2000 487 2037 in
509 2000 602 2036 urbe
623 1997 711 2048 egi3
745 2008 822 2046 quo
841 1995 1005 2032 triennio
1026 2007 1102 2031 non
1123 1994 1241 2032 modo
1265 1995 1358 2045 ipsis
1385 1995 1594 2047 impietatis
1620 1998 1692 2036 eri-

224 2065 327 2103 mine
353 2062 474 2101 teneri
494 2061 596 2098 visus
623 2072 700 2096 non
726 2058 794 2103 fui,
813 2057 967 2095 tametsi
989 2056 1286 2106 Adelphumque
1317 2057 1489 2109 aliosque
1517 2059 1690 2110 hospites

225 2135 384 2177 peregre
404 2123 601 2161 venientes
621 2120 824 2165 initiarem,
845 2125 884 2157 et
903 2118 952 2156 ad
974 2117 1207 2155 Eleusiniam
1230 2119 1374 2156 adirem
1395 2126 1433 2157 et
1455 2133 1565 2158 sacra
1585 2122 1689 2159 face-

224 2200 318 2233 rem,
334 2183 656 2237 quemadmodum
673 2195 732 2218 me
748 2193 902 2231 quoque
916 2179 1051 2217 decere
1063 2185 1102 2216 et
1116 2191 1185 2230 par
1198 2192 1284 2217 esse
1298 2186 1340 2216 ut
1355 2180 1492 2218 faciam
1505 2182 1689 2221 arbitror:

226 2248 294 2286 sed
324 2247 436 2285 etium
465 2243 538 2296 ipsi
564 2257 624 2281 me
654 2242 703 2280 acl
731 2241 930 2279 obeundas
956 2239 1179 2291 splendidas
1209 2240 1426 2278 functiones
1453 2244 1690 2283 munerarias

226 2307 447 2346 nominatim
470 2305 738 2355 designarunt,
760 2303 924 2353 primum
945 2308 990 2338 ut
1007 2301 1327 2351 gymnasiarchus
1347 2302 1384 2340 in
1401 2303 1566 2342 Vulcani
1587 2304 1689 2344 ludis

224 2383 364 2415 essem,
383 2368 522 2406 deinde
539 2375 580 2404 ut
598 2366 776 2417 princeps
791 2363 993 2414 legationis
1010 2363 1059 2400 ad
1076 2363 1188 2400 ludos
1208 2363 1410 2402 lsthmicos
1429 2372 1545 2416 atque
1561 2366 1693 2418 Olym-

226 2433 359 2484 piacos
374 2429 528 2467 nomine
544 2426 708 2465 civitatis
723 2426 839 2475 hujus
856 2424 1071 2473 mittendae,
1086 2424 1251 2474 denique
1267 2431 1310 2462 ut
1325 2433 1494 2475 quaestor
1506 2434 1545 2465 et
1557 2435 1688 2467 custos

226 2505 422 2532 sacrorum
442 2491 711 2528 thesaurorum
730 2500 868 2524 essem.
926 2486 1123 2524 Miramini
1143 2487 1276 2537 procul
1297 2487 1426 2532 dubio,
1443 2501 1510 2525 cur
1528 2488 1690 2528 homini-

226 2557 299 2593 bus
320 2561 398 2592 tam
418 2551 555 2590 effusae
574 2562 666 2600 erga
684 2562 744 2586 me
765 2547 1002 2586 liberalitatis
1022 2556 1180 2598 repente
1199 2548 1328 2587 videar
1340 2549 1430 2599 jura
1449 2549 1579 2588 divina
1601 2564 1689 2590 cum

227 2615 406 2655 humanis
433 2626 478 2652 eo
499 2610 664 2650 violasse
691 2610 797 2660 quod
824 2610 862 2645 in
891 2609 982 2646 fana
1006 2609 1166 2647 deorum
1194 2609 1398 2659 ingrediar.
1456 2610 1534 2648 Sed
1563 2612 1690 2654 dicam

228 2680 352 2721 vobis,
372 2675 455 2723 viri,
474 2687 542 2713 cur
559 2673 633 2711 hac
653 2683 754 2708 nunc
775 2682 867 2720 erga
888 2683 946 2707 me
966 2677 1095 2708 mente
1115 2670 1203 2714 sint,
1228 2677 1266 2707 et
1291 2683 1406 2720 quam
1433 2671 1482 2708 ob
1510 2685 1589 2710 rem
1618 2675 1690 2713 sibi

229 2741 376 2777 ducant
394 2739 432 2775 in
453 2750 514 2775 me
536 2736 592 2773 sic
611 2747 696 2772 esse
716 2731 968 2770 saeviendum.
1025 2732 1247 2769 Triennium
1265 2739 1340 2775 est,
1356 2745 1442 2768 cum
1461 2734 1692 2785 Agyrrhffis,

227 2801 284 2839 vir
304 2801 496 2851 egregius,
515 2798 694 2850 princeps
722 2795 828 2832 fieret
847 2793 999 2843 collegii
1025 2793 1312 2843 redemptorum
1342 2794 1690 2845 quinquagesimas:

228 2863 442 2902 redimebat
467 2861 542 2898 hoc
563 2857 727 2908 vectigal
755 2856 819 2893 ille
844 2863 924 2894 tum
954 2855 1111 2905 triginta
1131 2854 1311 2891 talentis:
1343 2855 1507 2905 collegae
1527 2853 1602 2907 ipsi>
1618 2857 1689 2895 hac

228 2926 265 2962 in
285 2923 530 2972 redemptura
549 2919 714 2960 eranthi
734 2931 880 2959 omnes,
901 2915 965 2966 qui
994 2914 1153 2952 furtivos
1183 2914 1269 2952 illos
1292 2921 1329 2952 et
1351 2915 1503 2953 illicitos
1529 2923 1568 2954 et
1591 2917 1685 2968 reip.
