1822 3219
601 404 1010 459 LYSIAE

320 531 634 582 CONTRA
686 527 1288 577 THEOMNESTUM

637 645 867 688 ORATIO
911 645 971 687 II.

73 814 259 856 [Interprete
278 814 416 854 Augero:
442 811 722 852 interpretationem
740 811 820 841 enim
837 810 1016 840 omittebant
1032 815 1093 840 turn
1111 809 1261 849 Taylorus
1282 813 1344 838 tum
1363 808 1538 849 Reiskius]

132 966 166 1002 1.
197 964 352 1003 MULTI
371 970 540 1002 vestrum
561 963 688 1000 sciunt
708 968 748 1000 et
766 961 857 999 mihi
878 966 998 998 testes
1017 966 1121 1005 sunt,
1135 959 1241 1010 quod
1260 959 1542 997 Theomnestus

75 1025 171 1062 dixit
190 1038 250 1062 me
270 1033 416 1076 patrem
437 1037 564 1062 meum
586 1024 774 1062 occidisse
791 1037 800 1061 :
828 1023 933 1073 quod
948 1029 1076 1060 autem
1098 1035 1176 1059 non
1193 1022 1399 1059 occiderim
1418 1023 1539 1060 mani-

76 1087 215 1125 festum
233 1094 308 1129 est;
331 1086 407 1124 duo
423 1087 524 1124 enim
542 1093 581 1124 et
599 1086 758 1136 triginta
778 1097 901 1122 annos
923 1090 1036 1121 natus
1054 1097 1154 1128 suni,
1169 1092 1206 1120 et
1227 1097 1249 1121 a
1271 1092 1397 1121 vestro
1417 1084 1543 1121 reditu

76 1146 138 1185 hic
158 1155 217 1186 est
237 1161 358 1186 annus
384 1148 600 1186 vicesimus.
659 1148 773 1185 Patet
798 1147 915 1197 igitur
941 1159 1061 1183 annos
1087 1146 1293 1184 duodecim
1321 1159 1380 1184 me
1410 1154 1544 1184 natum

76 1208 210 1252 fuisse,
226 1223 344 1259 quum
364 1216 474 1258 pater
489 1222 596 1246 meus
617 1222 640 1246 a
654 1221 731 1245 xxx
747 1208 834 1245 viris
854 1214 913 1244 est
929 1207 1152 1244 interfectus
1169 1221 1178 1249 ;
1202 1207 1268 1244 illa
1284 1214 1412 1245 autem
1428 1214 1544 1244 aetate

76 1282 202 1319 neque
222 1269 315 1319 quid
347 1269 461 1306 fuerit
480 1268 691 1320 oligarchia
712 1268 823 1313 scire,
852 1281 976 1318 neque
999 1268 1097 1318 patri
1126 1277 1279 1306 mortuo
1306 1281 1547 1314 succurrere,

74 1329 196 1380 potui.
245 1330 382 1379 Neque
402 1331 516 1367 etiam
536 1337 637 1367 recte
657 1330 907 1380 pecuniarum
927 1342 1045 1366 causa
1065 1329 1118 1366 illi
1138 1330 1340 1368 insidiatus
1360 1330 1518 1368 fuissem
1535 1345 1544 1368 :

76 1403 209 1428 omnes
241 1390 341 1429 enim
368 1391 574 1429 facultates
599 1391 759 1429 invades
780 1392 899 1429 frater
919 1391 1041 1442 major
1059 1398 1168 1435 natu,
1191 1392 1323 1442 patriis
1348 1392 1460 1430 bonis
1486 1405 1547 1429 me

81 1451 275 1503 spoliavit.

131 1515 169 1550 2.
199 1512 347 1550 Forsan
375 1511 478 1549 dicet
507 1524 582 1548 non
604 1525 688 1549 esse
717 1524 849 1549 eorum
868 1525 956 1562 quae
977 1512 1062 1563 lege
1092 1513 1386 1559 interdicuntur,
1410 1513 1440 1552 si
1460 1514 1546 1565 quis

79 1575 216 1614 dixerit
255 1575 422 1625 aliquem
462 1574 525 1612 τὸν
562 1576 704 1624 πατέρα
741 1576 1008 1612 circem-ovium:
1050 1576 1134 1614 haec
1170 1576 1272 1613 enim
1307 1577 1433 1627 legem
1470 1590 1548 1615 non

77 1644 222 1682 vetare,
253 1637 323 1674 sed
342 1635 570 1687 ἀνδροφόνον
602 1634 769 1685 aliquem
791 1635 1002 1686 appellare.
1062 1637 1145 1687 Ego
1166 1650 1255 1675 vero
1286 1638 1446 1676 arbitror
1471 1651 1549 1676 non

78 1699 127 1735 de
163 1697 376 1740 vocabulis,
416 1698 486 1735 sed
523 1697 572 1734 de
608 1696 884 1734 vocabulorum
921 1698 1135 1741 sententiis,
1165 1699 1422 1736 laborandum
1449 1713 1549 1744 esse,

81 1771 292 1808 omnesque
307 1758 533 1808 intelligere,
549 1758 656 1808 quod
671 1758 893 1808 quicunque
910 1759 1062 1810 aliquos
1079 1762 1321 1808 ἀπεκτόνασι,
1337 1762 1550 1800 eorundem

83 1825 175 1856 sunt
217 1818 447 1870 ἀνδροφόνοι,
487 1827 526 1857 et
567 1820 790 1870 quicunque
829 1820 990 1872 alicujus
1030 1829 1123 1860 sunt
1169 1822 1402 1875 ἀνδροφόνοι,
1447 1823 1551 1861 hunc

81 1882 322 1918 ἀπεκτόνασι.
381 1881 570 1932 Magnum
597 1881 699 1919 enim
721 1881 858 1919 fuisset
886 1883 1085 1932 negotium
1106 1884 1317 1934 legislatori
1339 1885 1466 1923 onmia
1485 1899 1552 1924 vo-

82 1942 223 1980 cabula
252 1942 432 1987 scribere,
464 1955 551 1992 quae
582 1942 746 1980 eandem
777 1942 1097 1993 significationem
1128 1945 1323 1983 habeant:
1356 1954 1408 1991 at,
1431 1960 1550 1997 quum

82 2006 204 2043 unum
218 2005 432 2056 protulerit,
448 2005 549 2042 idem
567 2005 702 2043 statuit
717 2005 767 2042 de
783 2002 975 2044 omnibus.
1034 2007 1123 2044 Non
1141 2008 1257 2053 enim,
1274 2009 1552 2054 Theomneste,

82 2066 113 2104 si
134 2067 221 2116 quis
241 2072 278 2103 te
297 2072 412 2103 vocet
430 2069 670 2116 πατραλοίαν
691 2065 750 2103 vel
771 2068 1022 2116 μητραλοίαν,
1051 2068 1172 2118 poenis
1195 2069 1384 2107 obnoxius
1405 2078 1462 2108 est
1481 2085 1489 2107 :
1522 2071 1553 2108 si

81 2129 168 2180 quis
199 2140 290 2166 vero
325 2127 580 2165 verberaverit
610 2130 676 2172 τὴν
706 2131 885 2164 τεκοῦσαν
913 2128 973 2165 vel
1012 2128 1075 2165 τὸν
1106 2133 1351 2179 φυτεύσαντα,
1380 2144 1402 2168 a
1428 2132 1551 2182 poenis

81 2190 261 2228 immunis
282 2190 367 2227 erit.
428 2190 492 2234 Et,
515 2191 546 2227 si
567 2190 651 2239 quis
674 2197 710 2226 te
732 2189 870 2226 dixerit
889 2191 1073 2239 ῥίψασπιν
1107 2191 1319 2241 impunitus
1340 2193 1410 2231 erit
1428 2208 1436 2231 :
1466 2194 1550 2245 lege

82 2252 184 2289 enim
197 2264 350 2302 poenam
363 2251 504 2296 caveri,
517 2250 547 2288 si
560 2250 645 2300 quis
659 2250 796 2288 dixerit
808 2251 973 2301 aliquem
990 2255 1055 2297 τὴν
1068 2252 1209 2290 ἀσπίδα
1225 2253 1549 2302 ἀποβεβληκέναι,

83 2314 148 2352 sed
171 2326 246 2351 non
268 2314 300 2350 si
317 2313 402 2363 quis
424 2313 593 2350 eundem
613 2313 750 2350 dixerit
770 2326 855 2350 eam
873 2314 996 2364 ῥῖψαι.
1054 2315 1247 2360 Similiter,
1267 2317 1299 2354 si
1321 2331 1422 2356 unus
1443 2332 1550 2357 esses

81 2373 252 2412 virorum
271 2374 467 2418 undecim,
499 2386 626 2411 annon
657 2374 849 2424 reciperes
879 2375 1076 2412 hominem
1098 2376 1310 2414 adductum
1338 2379 1387 2416 ab
1407 2379 1549 2429 aliquo,

84 2435 149 2484 qui
187 2441 319 2485 togam
352 2435 413 2472 vel
437 2435 608 2472 tunicam
645 2435 830 2485 spoliatus
869 2443 986 2482 esset,
1023 2436 1054 2474 si
1093 2450 1181 2475 eum
1218 2452 1294 2476 non
1336 2441 1551 2479 nominaret

85 2495 298 2542 λωποδύτην
312 2508 321 2532 :
353 2502 405 2542 et,
419 2496 450 2534 si
466 2495 552 2547 quis
568 2495 668 2533 παῖδ’
681 2496 822 2544 ἐξῆγεν,
836 2509 966 2535 annon
981 2498 1169 2549 reciperes
1183 2508 1225 2537 ut
1237 2501 1548 2552 ἀνδραποδιστήν.

88 2555 138 2592 Et
164 2555 245 2606 ipse
268 2555 424 2607 quidem
450 2558 573 2594 virum
591 2556 797 2608 postulasti
824 2558 984 2596 convicii
1013 2560 1119 2610 quod
1150 2561 1286 2599 dixerit
1304 2570 1342 2599 te
1361 2564 1469 2612 ῥῖψαι
1483 2567 1549 2610 τὴν

88 2616 240 2653 ἀσπίδα.
297 2618 480 2656 Attamen
513 2618 562 2655 de
590 2618 700 2669 ῥῖψαι
729 2618 765 2656 in
795 2618 882 2670 lege
911 2620 1033 2658 altum
1066 2622 1273 2668 silentium,
1302 2623 1371 2662 sed
1402 2625 1433 2662 si
1465 2627 1549 2676 quis

90 2677 193 2715 dicat
209 2677 529 2727 ἀποβεβληκέναι.
587 2680 794 2724 Quomodo
809 2681 926 2732 igitur
943 2695 1020 2721 non
1036 2683 1206 2734 iniquum
1225 2691 1284 2723 est
1302 2692 1352 2733 te,
1373 2688 1438 2726 ubi
1451 2701 1549 2740 opus

87 2739 136 2776 sit
156 2738 327 2777 inimicos
347 2749 433 2780 tuos
453 2742 603 2789 ulcisci,
633 2743 687 2780 ita
704 2742 811 2794 leges
833 2744 1073 2796 interpretari
1093 2753 1136 2783 ut
1163 2760 1237 2798 ego
1257 2762 1382 2787 nunc:
1414 2758 1466 2799 at,
1485 2753 1551 2790 ubi

88 2799 195 2837 alteri
213 2799 444 2840 conviciatus
459 2803 590 2849 fueris,
604 2816 739 2855 poenas
762 2805 889 2843 subire
909 2806 1025 2843 nolle.
1085 2806 1182 2845 Mihi
1198 2808 1312 2860 igitur
1327 2814 1550 2860 succurrite,

88 2862 126 2899 id
145 2861 332 2900 habentes
364 2863 402 2901 in
431 2865 557 2903 animo
588 2865 710 2903 multo
732 2866 884 2916 gravius
914 2880 998 2905 esse
1025 2869 1243 2920 exprobrari
1270 2873 1375 2923 quod
1403 2882 1551 2926 patrem
