1822 3219
426 122 500 160 DE
530 122 669 161 PACE
702 122 816 161 CUM
851 122 1295 163 LACEDAEMONIIS.
1513 129 1580 165 131

146 222 326 261 fuerimus
339 229 377 261 et
387 224 641 275 jurejurando
661 225 909 269 sanxerimus,
925 238 970 263 ea
984 226 1099 263 rebus
1119 226 1206 276 ipsis
1227 227 1331 264 salva
1345 235 1383 266 et
1397 235 1479 267 rata
1489 242 1585 280 prae-

145 292 258 323 stare.
316 286 402 323 Non
425 287 505 324 sine
524 300 643 325 causa
667 287 765 324 hanc
791 286 941 325 inculco
965 294 1162 337 pactorum
1192 288 1465 327 servandorum
1491 304 1581 329 con-

144 347 336 391 stantiam,
357 348 422 397 qui
441 347 678 385 voluntatum
698 354 907 385 vestrarum
929 348 1125 386 mirificam
1146 348 1266 386 norim
1287 349 1581 395 volubilitatem:

143 407 252 458 eujus
267 414 442 458 respectu
457 421 524 458 par
539 408 653 446 etiam
671 415 785 459 atque
801 409 1018 446 consultum
1036 416 1108 454 est,
1123 422 1205 455 nos,
1217 409 1355 459 quibus
1370 411 1581 461 legatorum

144 476 270 518 partes
283 468 534 514 demandatis,
544 481 619 505 non
636 468 876 507 solummodo
888 477 1055 507 tenorem
1065 483 1193 507 earum
1206 479 1378 521 spectare
1390 471 1581 510 literarum

141 543 236 580 quas
257 531 365 569 nobis
383 529 452 581 pro
472 542 606 568 norma
625 530 874 569 dicendorum
900 533 1214 583 agendorumque
1240 532 1394 579 additis,
1414 534 1482 571 sed
1507 547 1583 572 una

142 605 308 643 quoque,
330 600 368 629 et
387 591 508 642 magis
527 592 654 636 etiam,
675 592 887 630 animorum
905 600 1116 631 vestrorum
1140 593 1395 631 incredibilem
1424 596 1583 632 revereri

140 653 442 691 mutabilitatem.
500 653 638 691 Soletis
654 653 753 691 enim
774 655 902 705 copias
923 654 1075 704 quidem
1090 657 1166 703 jam
1186 663 1391 706 praesentes
1408 662 1446 693 et
1465 668 1581 706 appa-

138 720 239 751 ratas
257 719 453 763 suspectas
470 713 624 760 habere,
637 714 685 752 de
705 714 748 752 iis
765 714 887 765 queri,
900 715 1200 753 mediocritatem
1217 724 1331 766 atque
1351 716 1583 755 insufficien-

138 774 226 811 tiam
239 786 377 816 earum
397 782 659 818 contemnere余
691 775 820 826 copias
841 783 968 814 autem
989 776 1126 826 quibus
1146 777 1281 814 caretis
1298 778 1581 828 jactare,quasi

127 833 210 885 jam
223 834 267 872 iis
281 836 453 874 instructi
470 836 570 874 sitis:
600 837 664 874 ubi
680 837 823 875 bellare
840 838 989 884 referat,
1003 838 1052 876 ibi
1066 851 1197 889 pacem
1215 840 1412 890 appetitis余
1442 853 1578 890 pacem

132 908 263 934 rursus
282 897 314 934 si
332 897 417 948 quis
438 898 683 936 conciliatum
704 898 811 937 vobis
833 906 907 944 eat,
928 912 992 937 vos
1012 901 1113 938 bona
1132 907 1212 937 tum
1232 900 1463 939 enumeratis
1485 909 1579 952 quot

135 965 174 996 et
192 965 338 1009 quanta
359 959 504 998 bellum
519 960 626 998 vobis
642 960 844 1011 pepererit,
862 961 1071 1012 praesertim
1091 975 1176 999 cum
1190 963 1269 1013 jam
1290 976 1392 1001 nunc
1411 963 1499 1010 sint,
1515 965 1578 1015 qui

133 1032 173 1057 se
203 1027 347 1070 negent
378 1020 592 1072 intelligere
624 1022 804 1072 quidnam
836 1023 982 1073 prosint
1014 1023 1200 1074 ejusmodi
1231 1031 1357 1074 pacta,
1389 1039 1455 1076 per
1492 1039 1577 1076 quae

133 1094 222 1119 cum
249 1082 383 1120 classis
403 1090 441 1120 et
459 1083 598 1120 moenia
628 1083 736 1120 nobis
762 1084 1022 1129 restituantur,
1051 1091 1131 1121 tum
1161 1084 1208 1122 de
1238 1086 1482 1124 restituendis
1507 1087 1577 1125 sibi

134 1142 213 1180 suis
232 1144 535 1194 possessionibus
557 1144 711 1194 privatis
732 1144 770 1180 in
790 1149 919 1180 extero
939 1144 1022 1181 solo
1041 1144 1134 1188 sitis,
1160 1157 1226 1195 per
1243 1146 1384 1183 bellum
1414 1148 1575 1193 amissis,

132 1205 220 1242 item
236 1205 284 1242 de
303 1205 521 1242 nominibus
537 1217 655 1255 penes
672 1217 712 1241 se
731 1204 864 1242 incolis
886 1204 1020 1241 alienae
1032 1204 1185 1242 ditionis
1201 1207 1408 1244 contractis
1426 1207 1576 1246 diluen-

133 1267 205 1312 dis,
228 1266 279 1303 nil
307 1273 511 1304 caveatur:
547 1266 628 1305 illas
662 1265 761 1303 enim
792 1278 882 1303 vero
910 1266 1186 1316 possessiones,
1218 1267 1319 1305 unde
1350 1267 1419 1305 sibi
1451 1270 1573 1308 victus

129 1328 219 1366 olim
249 1327 400 1371 fuisset,
433 1340 498 1378 per
530 1340 665 1378 pacem
701 1339 775 1364 non
805 1326 963 1372 restitui,
995 1341 1017 1365 a
1048 1328 1236 1365 moenibus
1266 1336 1391 1367 autem
1423 1344 1464 1368 se
1497 1345 1574 1370 non

130 1389 250 1439 pasci.
307 1387 457 1432 Quibus
476 1388 585 1426 istaec
598 1388 844 1438 querentibus
859 1388 1038 1427 convenit
1052 1403 1074 1427 a
1089 1403 1147 1427 me
1163 1390 1244 1440 pari
1258 1391 1372 1429 modo
1387 1393 1572 1432 satisfieri.

127 1450 235 1501 [Non
255 1449 432 1487 videntur
451 1449 627 1487 nimirum
664 1450 716 1499 hi,
747 1463 869 1500 neque
902 1450 1150 1488 arctissimam
1175 1464 1329 1490 cernere
1358 1453 1493 1504 privati
1514 1455 1571 1492 sui

127 1511 317 1549 commodi
333 1524 420 1549 cum
451 1524 529 1561 rep.
560 1511 893 1556 necessitudinem,
919 1525 1041 1563 neque
1076 1512 1299 1563 intelligere,
1328 1515 1366 1552 in
1388 1515 1513 1555 classe
1533 1525 1572 1555 et

126 1575 164 1611 in
185 1573 332 1611 moeniis
353 1573 457 1611 velut
476 1574 513 1610 in
534 1574 736 1625 praecipuis
755 1573 982 1624 quibusdam
1004 1574 1224 1613 cardinibus
1245 1577 1387 1615 versari
1420 1591 1572 1630 prospe-

127 1635 279 1674 ritatem
300 1635 508 1686 publicam.
567 1635 682 1679 Quod
714 1636 766 1673 ita
792 1648 889 1681 esse,
909 1635 1089 1686 perfacile
1109 1644 1166 1674 est
1189 1637 1359 1687 docere.]

179 1699 217 1735 8.
247 1697 340 1735 Erat
371 1697 576 1748 aliquando
604 1704 768 1748 tempus,
798 1697 1068 1742 Athenienses,
1098 1711 1174 1749 quo
1208 1699 1355 1737 moeniis
1388 1707 1427 1739 et
1446 1702 1569 1741 classe

131 1760 368 1797 carebamus.
425 1759 575 1802 Quibus
596 1766 637 1796 ut
662 1760 823 1809 primum
848 1759 956 1810 potiti
978 1773 1121 1806 sumus,
1151 1760 1314 1810 primum
1339 1761 1499 1812 gradum
1520 1764 1568 1801 ad

131 1821 367 1872 splendidam
389 1822 578 1859 fortunam
601 1822 772 1867 fecimus,
807 1829 843 1859 et
862 1821 1112 1860 fundamenta
1137 1823 1331 1873 posuimus
1352 1837 1483 1862 eorum
1501 1827 1571 1864 bo-

125 1895 274 1928 norum,
294 1896 454 1934 quorum
476 1882 665 1921 desiderio
686 1882 716 1920 si
736 1882 956 1920 adhucdum
977 1884 1170 1928 tenemini,
1198 1897 1284 1934 age,
1302 1898 1566 1936 comparemus

124 1957 196 1982 nos
226 1951 377 1995 quoque
405 1945 513 1983 nobis
539 1945 674 1983 eadem
704 1944 881 1995 praesidia
912 1951 1026 1995 atque
1054 1945 1296 1992 adminicula,
1328 1948 1468 1997 quibus
1488 1961 1567 1986 ma-

116 2006 222 2056 jores
255 2005 313 2043 usi
333 2013 478 2043 tantam
512 2006 721 2056 potentiam
748 2006 840 2056 reip.
861 2006 1142 2051 adstruxerunt,
1168 2014 1349 2057 quantam
1371 2008 1445 2046 alia
1464 2009 1570 2048 nulla

122 2079 223 2117 resp.
253 2074 463 2104 consecuta
492 2073 565 2104 est.
623 2067 716 2104 Eam
747 2080 837 2104 vero
864 2067 1074 2118 potentiam
1107 2068 1268 2119 majores
1303 2069 1432 2120 adepti
1463 2077 1564 2115 sunt,

122 2127 260 2178 partim
290 2140 313 2164 a
332 2128 546 2166 volentibus
568 2128 715 2166 Graecis
735 2135 773 2166 et
805 2127 1034 2179 eloquentiae
1063 2129 1097 2166 vi
1123 2135 1236 2179 atque
1255 2129 1450 2169 lenociniis
1471 2132 1566 2170 deli-

122 2188 226 2233 nitis,
256 2189 394 2240 partim
425 2190 472 2227 ab
502 2189 767 2240 ignorantibus
795 2197 834 2227 et
855 2190 1137 2236 circumventis,
1166 2191 1240 2228 aha
1267 2204 1341 2229 aere
1369 2205 1439 2230 suo
1457 2194 1565 2232 rede-

98 2245 284 2299 metunt,
317 2250 392 2289 alia
417 2251 579 2302 denique
604 2251 639 2288 vi
666 2264 856 2289 armorum
882 2252 1008 2289 invitis
1041 2259 1296 2290 extorserunt.
1354 2253 1496 2292 Eorum
1524 2256 1563 2294 in

121 2323 294 2355 numero,
324 2324 410 2361 quae
443 2312 604 2363 majores
642 2325 664 2350 a
696 2312 845 2350 Graecis
875 2313 1057 2351 orationis
1092 2315 1271 2352 comitate
1301 2314 1565 2364 impetrarunt,

118 2371 202 2410 haec
233 2372 434 2417 habentur,
464 2373 640 2424 primum,
668 2380 710 2411 ut
727 2381 936 2424 quaestores
956 2374 1076 2412 aerarii
1103 2374 1330 2413 Graecorum
1351 2380 1562 2417 communis

119 2434 181 2472 hic
210 2434 371 2472 Athenis
402 2436 745 2477 constituerentur余
777 2435 930 2482 deinde,
957 2444 998 2474 ut
1018 2436 1203 2474 universae
1225 2436 1375 2476 Graecae
1396 2439 1510 2477 classi
1530 2441 1562 2478 si

118 2496 275 2545 quando
295 2496 599 2535 conveniendum
620 2504 738 2543 esset,
758 2497 818 2535 hic
852 2498 888 2535 in
909 2505 1020 2549 portu
1050 2505 1180 2536 nostro
1199 2499 1442 2542 convenirem
1466 2506 1559 2546 tum,

120 2563 164 2593 ut
187 2557 248 2595 cui
267 2558 408 2596 civitati
430 2559 600 2597 triremes
621 2559 784 2609 propriae
805 2559 922 2597 nullae
942 2568 1082 2607 essent,
1106 2561 1139 2598 ei
1161 2574 1229 2599 nos
1261 2574 1389 2598 earum
1411 2561 1556 2611 copiam

121 2616 170 2654 de
203 2626 333 2656 nostro
365 2619 603 2657 faceremus:
644 2619 785 2669 ignaris
818 2633 930 2671 porro
966 2627 1081 2671 atque
1116 2621 1239 2658 invitis
1272 2621 1558 2671 Peloponnesiis

121 2678 258 2715 moenia
277 2681 543 2724 condidimus余
574 2681 683 2732 cujus
711 2680 857 2720 fraudis
884 2689 926 2719 ut
954 2683 1078 2720 nullas
1106 2682 1282 2719 daremus
1304 2695 1450 2732 poenas,
1471 2683 1510 2721 id
1537 2698 1560 2722 a

117 2738 424 2779 Lacedaemoniis
439 2756 514 2780 aere
529 2752 659 2781 nostro
680 2744 927 2781 redemimus:
949 2758 1015 2795 per
1034 2744 1106 2780 vim
1128 2743 1302 2792 denique,
1323 2743 1558 2793 ringentibus

118 2800 373 2851 nequicquam
406 2803 640 2849 adversariis,
672 2804 923 2856 principatum
955 2805 1118 2842 Graeciae
1147 2803 1393 2842 obtinuimus.
1450 2806 1558 2846 Bona

117 2863 202 2902 haec
222 2870 335 2915 atque
370 2865 509 2904 decora
537 2868 664 2918 spatio
683 2869 849 2918 quinque
869 2875 907 2906 et
926 2866 1122 2917 octoginta
1142 2879 1326 2905 annorum
1347 2881 1433 2906 cum
1453 2879 1561 2920 parta
