1911 3248
276 209 297 242 8
651 200 1018 240 ANTIPHONTIS
1051 197 1364 237 ACCUSATIO

280 306 392 356 hujus
413 303 660 342 exsecrabilis
679 303 848 341 hauriret
865 302 1088 346 Philoneus,
1101 313 1146 338 eo
1166 298 1290 337 acrius
1310 298 1347 334 in
1367 307 1532 334 amorem
1552 295 1624 341 sui,
1643 294 1727 345 pel-

276 366 372 410 licis,
393 364 681 402 exardesceret:
713 362 883 400 nondum
903 363 1001 399 enim
1023 368 1100 398 tum
1121 366 1232 397 norat
1255 371 1277 395 a
1296 367 1461 394 noverca
1482 367 1567 393 mea
1588 367 1628 392 se
1652 354 1724 392 cir-

276 433 519 462 cumventam
533 437 632 469 esse,
646 423 684 460 id
700 422 803 472 quod
821 429 899 459 tum
918 422 1070 459 demum
1088 419 1275 469 comperit
1289 430 1376 455 cum
1393 416 1474 466 jam
1491 415 1527 452 in
1545 415 1723 453 saucibus

275 485 376 522 exitii
390 485 622 528 haereret-—,
634 484 730 533 patri
741 490 866 520 autem
878 490 1008 519 nostro
1016 481 1226 531 portionem
1240 478 1374 517 veneni
1384 476 1504 514 multo
1517 476 1726 526 parciorem

276 545 513 582 infundebat.
571 543 753 580 Defuncti
774 541 1019 578 libationibus
1040 540 1092 576 illi
1108 539 1284 577 sicarium
1305 550 1413 575 suum
1433 548 1499 586 pro
1518 534 1642 573 amica
1658 546 1727 585 per

276 606 553 656 ignorationem
575 604 652 640 veri
670 603 867 646 habentes,
881 613 1174 650 sermonumque
1195 606 1310 650 atque
1327 599 1502 649 jocorum
1523 595 1671 634 facetiis
1690 600 1730 633 et

277 664 598 715 amplexationum
620 676 686 713 per
700 663 800 699 vices
814 662 1015 699 crebritate
1034 661 1130 698 inter
1145 673 1184 698 se
1199 661 1407 711 jactantes,
1423 665 1629 696 extremam
1645 663 1730 694 tan-

280 726 366 762 dem
388 725 580 775 potionem
602 723 888 760 exhauriebant.
946 722 995 758 Et
1016 721 1227 758 Philoneus
1247 720 1398 771 quidem
1419 720 1457 756 in
1475 717 1688 756 continenti
1708 729 1730 753 e

279 787 438 836 vestigio
457 786 698 836 exspirabat;
731 791 839 834 pater
863 789 988 821 autem
1014 789 1145 820 noster
1168 783 1206 819 in
1232 781 1490 819 valetudinem
1516 778 1726 822 incidebat,

277 861 362 899 quae
383 860 468 884 eum
490 859 643 897 quoque
664 844 835 889 tandem,
852 844 913 881 die
933 843 1118 893 vigesimo
1137 850 1240 893 post,
1259 841 1424 878 sustulit.
1483 839 1610 890 Hujus
1630 838 1726 876 tanti

277 908 432 946 sceleris
444 907 641 957 praemium
656 905 722 942 illa
737 905 904 954 quidem,
917 916 1003 954 quae
1019 915 1171 954 operam
1187 901 1470 939 ministerialem
1486 898 1728 938 solummodo

280 968 535 1020 perpetrando
552 967 741 1018 praestitit,
755 965 922 1003 facinore
944 965 1103 1014 dignum
1118 964 1197 1014 jam
1219 962 1534 1000 abstulit—nam
1555 965 1649 997 rotae
1664 959 1731 996 im-

282 1030 406 1079 posita
423 1036 462 1066 et
483 1035 561 1065 tum
579 1026 746 1064 carnifici
768 1025 907 1062 tradita
922 1024 1152 1075 supplicium
1169 1030 1383 1061 extremum
1398 1021 1587 1066 toleravit,
1599 1031 1731 1070 quam-

280 1103 394 1140 quam
411 1089 631 1139 imprudens
644 1087 768 1125 aliena
779 1086 900 1135 magis
913 1098 1028 1135 quam
1042 1097 1112 1122 sua
1127 1085 1241 1134 culpa
1253 1089 1554 1134 peccaverat-3
1565 1092 1653 1132 quae
1665 1091 1730 1117 au-

282 1158 355 1187 tem
377 1148 533 1185 foemina
552 1154 589 1185 et
608 1146 734 1184 scelus
751 1146 832 1196 ipsa
847 1145 966 1195 prima
983 1151 1111 1181 mente
1124 1145 1302 1193 concepit
1317 1150 1355 1180 et
1366 1154 1516 1180 venena
1527 1153 1550 1178 a
1566 1153 1607 1178 se
1619 1146 1731 1177 cocta

282 1210 456 1247 manibus
477 1208 555 1245 suis
573 1207 726 1245 famulae
746 1205 1026 1243 administravit
1041 1212 1079 1241 et
1098 1217 1165 1255 per
1184 1216 1268 1242 eam
1289 1202 1457 1240 bibenda
1475 1200 1622 1239 miseris
1642 1199 1731 1237 viris

281 1269 457 1321 praebuit,
476 1281 534 1312 ea,
555 1268 585 1304 si
604 1280 692 1305 cum
712 1267 783 1304 diis
805 1279 871 1304 vos
890 1278 1042 1316 quoque
1062 1265 1211 1310 voletis,
1228 1264 1425 1315 praemium
1445 1275 1536 1300 mox
1555 1260 1729 1299 aufferet.

335 1332 373 1366 4.
405 1329 599 1378 Reputate
616 1328 810 1365 vobiscum
838 1334 983 1376 quanto
1009 1327 1096 1371 sint,
1115 1339 1202 1375 quae
1226 1338 1298 1376 ego
1323 1337 1390 1362 vos
1414 1336 1522 1374 rogo,
1550 1322 1733 1373 aequiora,

283 1403 397 1441 quam
418 1402 505 1440 quae
524 1389 640 1425 frater
659 1395 780 1438 rogat.
838 1388 920 1437 Ego
940 1386 1092 1437 quidem
1112 1399 1179 1424 vos
1201 1398 1307 1437 rogo,
1321 1393 1364 1423 ut
1378 1385 1566 1436 perempti
1583 1396 1732 1428 necem,

283 1451 356 1488 hoc
372 1457 445 1494 est,
458 1450 630 1500 injuriam
647 1449 680 1486 ei
694 1449 823 1486 datam
839 1455 1020 1486 aeternam
1037 1448 1220 1498 nulloque
1234 1454 1347 1498 pacto
1359 1447 1624 1498 reparabilem,
1637 1445 1734 1484 ulci-

281 1511 452 1549 scamini.
472 1509 538 1546 Ille
548 1521 635 1547 vero
644 1509 760 1559 patris
772 1508 938 1558 quidem,
949 1509 1104 1558 insuper
1113 1507 1244 1545 habita
1252 1508 1410 1545 deorum
1419 1508 1521 1546 omni
1534 1507 1733 1557 religione,

282 1570 589 1621 flagitiosissime,
617 1582 764 1606 summo
793 1582 878 1606 cum
905 1569 1105 1614 dedecore,
1126 1575 1369 1619 praemature,
1395 1570 1442 1606 ab
1464 1568 1523 1613 iis,
1550 1580 1573 1605 a
1593 1567 1733 1618 quibus

283 1633 448 1670 omnium
464 1630 616 1667 minime
632 1630 794 1667 decebat
807 1642 892 1667 eum
910 1629 1051 1666 malum
1066 1629 1253 1679 accipere,
1268 1629 1419 1675 sublati,
1435 1642 1482 1666 ne
1497 1629 1732 1666 mentionem

282 1693 437 1743 quidem
448 1693 496 1729 ad
510 1705 575 1729 vos
590 1692 715 1736 faciet,
726 1692 833 1741 cujus
847 1704 979 1728 casum
995 1690 1252 1728 miserabilem
1263 1703 1331 1728 vos
1344 1697 1382 1727 et
1395 1689 1731 1728 commiseratione

283 1754 463 1806 prosequi
484 1759 523 1789 et
543 1752 674 1789 ulcisci
696 1765 762 1801 par
781 1759 860 1794 est:
892 1764 959 1801 pro
979 1764 1024 1789 ea
1049 1758 1177 1788 autem
1201 1751 1359 1788 foemina
1385 1750 1623 1801 supplicans,
1645 1762 1734 1800 quae

284 1814 459 1851 maritum
480 1813 633 1862 impium
650 1812 782 1849 fraude
803 1811 971 1855 sustulit,
991 1823 1126 1861 preces
1146 1811 1253 1848 vobis
1269 1811 1431 1860 ingeret,
1451 1809 1644 1854 infandas,
1665 1808 1734 1847 de-

285 1873 495 1918 testabiles,
517 1885 611 1923 quas
630 1879 668 1910 et
687 1885 752 1909 vos
780 1874 828 1908 ab
859 1871 1012 1908 auribus
1038 1871 1174 1908 vestris
1207 1871 1398 1922 rejicietis,
1426 1870 1595 1921 judices,
1618 1876 1658 1907 et
1683 1869 1736 1907 dii

287 1935 469 1985 rejicient,
490 1946 614 1983 neque
635 1933 876 1970 committent
904 1945 1088 1982 unquam,
1109 1939 1152 1969 ut
1176 1944 1303 1970 earum
1332 1945 1422 1969 reus
1453 1932 1542 1969 fiat:
1584 1930 1736 1980 rogabit

287 2008 424 2044 nempe
442 2007 524 2039 vos,
542 2001 583 2030 ut
603 2006 732 2031 verum
748 1993 911 2030 credatis
931 2005 1017 2030 esse
1042 1993 1079 2029 id
1100 1992 1203 2042 quod
1224 1992 1288 2029 illa
1300 1993 1455 2042 jactans
1486 1992 1618 2029 studet
1629 1991 1738 2028 vobis

291 2054 537 2104 persuadere,
558 2054 707 2090 tametsi
736 2066 782 2090 ne
803 2053 886 2103 ipsa
907 2053 1060 2103 quidem
1086 2053 1238 2090 sibimet
1263 2053 1398 2097 credit,
1418 2042 1499 2091 scil.
1520 2066 1605 2090 eam
1631 2051 1738 2090 nulla

291 2116 390 2153 mala
405 2116 538 2153 fraude
553 2115 627 2152 hoc
644 2115 681 2152 in
698 2116 852 2165 negotio
868 2128 952 2153 esse
973 2128 1094 2153 usam.
1149 2116 1269 2166 Atqui
1282 2128 1348 2153 vos
1365 2115 1643 2153 homicidarum
1658 2127 1736 2152 non

289 2178 379 2214 estis
400 2183 648 2227 protectores,
670 2176 738 2213 sed
759 2176 929 2213 vindices
955 2182 1239 2226 peremptorum
1265 2189 1288 2212 a
1307 2175 1575 2226 praemeditata
1589 2174 1736 2221 fraude,

289 2236 501 2287 praesertim
529 2236 559 2272 si
587 2236 692 2272 fraus
722 2235 786 2271 illa
811 2235 985 2285 profecta
1009 2235 1123 2272 fuerit
1147 2236 1194 2272 ab
1220 2235 1280 2280 iis,
1306 2247 1401 2284 quos
1421 2247 1490 2285 par
1514 2241 1595 2272 erat
1617 2235 1733 2272 vitam

291 2308 421 2333 eorum
452 2308 527 2332 non
559 2295 816 2344 exstinguere,
837 2294 905 2332 sed
932 2294 1054 2331 modis
1087 2294 1264 2331 omnibus
1288 2295 1383 2332 tueri
1411 2302 1449 2332 et
1474 2294 1618 2332 salvam
1639 2308 1733 2333 con-

290 2368 453 2394 servare.
509 2355 596 2392 Jam
617 2367 735 2405 penes
755 2367 822 2392 vos
844 2362 917 2399 est,
934 2355 1101 2405 judices,
1123 2362 1226 2393 statu
1253 2368 1381 2392 causae
1406 2368 1427 2392 a
1457 2369 1516 2394 me
1539 2357 1641 2394 bona
1657 2356 1734 2394 fide

289 2429 417 2454 coram
437 2415 544 2453 vobis
563 2416 750 2465 exposito,
767 2428 813 2452 ex
833 2428 945 2465 aequo
964 2422 1003 2452 et
1017 2428 1107 2453 vero
1127 2428 1283 2453 causam
1303 2415 1542 2466 disceptare:
1572 2417 1611 2454 id
1631 2417 1735 2467 quod

288 2478 400 2515 etiam
417 2476 577 2514 facietis.
627 2476 809 2525 Spectato
825 2489 956 2525 quaeso
972 2476 1234 2526 disparitatem
1251 2483 1464 2514 nostrarum
1480 2478 1736 2527 rogationum.

292 2538 424 2575 Frater
443 2536 594 2586 quidem
614 2549 681 2573 vos
708 2549 796 2572 mox
822 2536 985 2586 rogabit,
1008 2545 1049 2573 ut
1079 2537 1210 2574 matris
1242 2549 1323 2574 suae
1342 2537 1459 2574 vitam
1485 2537 1630 2574 salvam
1653 2550 1737 2575 esse

290 2599 428 2642 velitis,
450 2598 646 2649 ejus,quae
666 2597 857 2642 maritum,
879 2598 1023 2635 furioso
1039 2599 1301 2650 impetu,juris
1322 2599 1446 2636 omnis
1465 2598 1583 2636 divini
1603 2599 1736 2644 oblita,

292 2661 336 2697 de
357 2659 482 2697 medio
501 2658 679 2702 sustulit;
708 2658 782 2695 hoc
798 2666 870 2703 est,
890 2659 1098 2697 contendet
1117 2660 1288 2697 oratione
1304 2672 1372 2696 sua
1386 2659 1493 2697 vobis
1508 2659 1738 2710 persuadere

292 2721 321 2758 si
338 2721 754 2770 possit—quamquam
769 2731 844 2756 non
860 2719 1010 2757 videtur
1024 2720 1207 2764 futurum,
1224 2726 1267 2757 ut
1281 2720 1475 2771 possit—-‚
1490 2727 1531 2758 ut
1545 2732 1614 2758 vos
1628 2720 1738 2757 matri

293 2792 424 2831 poenas
442 2780 594 2817 meritas
612 2778 821 2817 facinorum
837 2780 883 2817 ab
899 2793 944 2817 ea
959 2781 1249 2818 commissorum
1265 2781 1466 2818 remittatis
1481 2794 1489 2818 :
1520 2794 1593 2831 ego
1605 2787 1740 2819 contra

292 2855 361 2879 vos
394 2853 500 2890 rogo,
532 2848 575 2877 ut
607 2840 713 2878 nullo
744 2849 857 2892 pacto
876 2853 943 2878 vos
968 2841 1163 2892 patiamini
1195 2841 1311 2888 flecti,
1337 2854 1413 2892 quo
1443 2841 1508 2879 illa
1531 2843 1628 2892 patri
1654 2854 1738 2879 meo

294 2903 417 2939 minus
447 2901 513 2938 det
540 2914 671 2950 poenas
702 2901 874 2940 manibus
904 2902 985 2952 ejus
1012 2902 1159 2941 debitas
1175 2916 1183 2940 :
1216 2916 1284 2940 vos
1316 2902 1431 2949 enim,
1457 2914 1534 2953 quo
1562 2901 1740 2941 scelerosi
