1822 3219
240 155 317 192 204
891 157 1058 195 LYSIAE

242 246 352 284 facile
382 246 540 285 Ctesicli
568 247 727 300 ejusque
759 250 871 288 sociis
899 251 986 297 erit,
1007 257 1062 296 ut,
1084 251 1114 288 si
1141 250 1234 300 quid
1259 258 1474 302 quaestores
1500 251 1538 288 in
1564 264 1605 290 se
1624 251 1698 289 mei

242 321 362 346 causa
382 308 626 359 deliquerint,
645 310 728 361 ejus
748 323 882 362 poenas
904 313 952 349 ab
971 311 1015 348 iis
1035 318 1224 362 repetant.

292 372 330 406 4.
363 369 494 407 Nostis
507 370 603 420 jam,
628 371 796 422 judices,
816 372 881 422 qui
900 371 1046 409 factum
1069 372 1130 417 sit,
1163 378 1205 409 ut
1224 385 1246 409 a
1268 371 1437 410 Ctesicle
1467 373 1625 424 ejusque
1643 384 1703 410 as·

238 430 451 469 sessoribus
472 432 630 469 mulctae
649 434 896 484 consignaret
916 434 1249 484 quaestoribusque
1265 447 1334 485 pro
1350 434 1486 471 aerario
1506 433 1676 471 traderer
1693 445 1702 470 :

239 506 369 531 verum
392 500 544 544 oportet
565 507 644 538 VOS,
666 507 743 532 non
765 494 877 545 hujus
900 495 1145 533 solummodo
1176 495 1451 533 criminationis
1472 500 1702 545 praetextum

237 561 382 599 tenere,
415 555 483 592 sed
516 555 722 593 simultatis
747 569 901 606 quoque
932 557 1080 594 natales
1108 569 1358 607 cognoscere,
1383 570 1472 607 quae
1504 555 1595 593 mihi
1614 567 1703 593 cum

238 616 467 655 adversariis
500 617 732 655 intercessit.
789 617 1028 655 Conciliatus
1057 618 1236 656 Sostrato
1267 617 1416 655 dudum
1435 625 1523 654 ante
1543 617 1704 661 fueram,

239 691 356 729 quam
378 679 594 716 simultates
615 691 703 716 cum
725 679 808 716 istis
830 680 1078 730 susciperem.
1136 679 1217 716 Viri
1233 679 1346 727 hujus
1365 690 1544 729 magnam
1562 689 1645 715 esse
1665 676 1704 713 in

239 741 437 792 republica
454 741 682 792 dignitatem
702 741 809 794 quod
833 754 1001 787 nossem,
1030 741 1142 780 ambil
1164 741 1369 779 amicitiam
1390 741 1485 792 ejus,
1505 747 1542 778 et
1562 739 1617 777 sic
1636 751 1704 790 per

237 803 358 854 ipsius
380 803 592 853 potentiam
613 803 740 842 clarus
761 803 903 850 factus,
921 816 999 842 non
1020 804 1106 842 ideo
1129 811 1256 842 tamen
1273 803 1345 841 hac
1360 805 1505 841 abusus
1522 815 1607 840 sum
1628 801 1706 838 for-

238 873 345 910 tuna,
384 864 450 902 sed
488 872 747 915 temperanter
781 872 972 916 cauteque
1008 879 1115 911 usus,
1150 878 1274 916 neque
1306 864 1548 903 inimicorum
1582 862 1704 901 ullum

237 926 342 964 ultus
364 939 447 964 sum
469 939 596 977 neque
619 927 831 964 amicorum
851 940 1070 977 quenquam
1092 927 1281 965 beneficio
1301 926 1506 977 promerui,
1527 938 1616 963 cum
1636 937 1704 962 ne-

237 987 418 1026 cessitate
437 995 520 1026 tum
535 987 682 1039 judicio
702 987 935 1038 delectuque
957 1001 1068 1028 meo:
1099 989 1224 1026 donec
1246 988 1347 1026 enim
1375 988 1574 1025 Sostratus
1594 988 1632 1024 in
1653 986 1707 1023 vi-

238 1049 296 1087 vis
316 1057 528 1100 supererat,
549 1057 682 1100 septus
707 1063 812 1088 eram
843 1051 1074 1088 necessitate
1095 1063 1157 1087 me
1185 1050 1286 1087 intra
1303 1049 1486 1087 terminos
1506 1048 1707 1086 modestiae

238 1111 474 1156 continendi,
510 1111 758 1162 praepollente
791 1111 909 1162 ipsius
942 1111 1140 1162 potentia;
1190 1110 1404 1149 accedebat
1433 1109 1560 1148 aetatis
1590 1121 1707 1160 quam

238 1180 320 1211 tum
352 1173 515 1223 agebam
544 1172 770 1217 infirmitas;
802 1173 858 1211 sic
889 1173 1032 1211 factum
1063 1180 1135 1219 est,
1163 1181 1207 1210 ut
1234 1179 1317 1211 turn
1350 1172 1610 1223 quiescerem:
1639 1170 1707 1209 illo

238 1241 366 1272 autem
389 1235 505 1272 rebus
524 1234 705 1272 humanis
726 1242 921 1286 exempto,
937 1242 1074 1286 sponte
1091 1248 1177 1273 mea
1195 1247 1320 1287 neque
1336 1234 1442 1273 dicto
1458 1245 1583 1284 neque
1601 1233 1707 1271 facto

239 1304 509 1335 accusatorum
542 1309 765 1347 quenquam
801 1296 898 1333 laesi.
969 1297 1122 1334 Possim
1155 1297 1266 1343 adeo,
1296 1297 1328 1334 si
1358 1296 1486 1342 velim,
1519 1294 1709 1333 nonnulla

239 1358 356 1396 edere
375 1371 462 1396 mea
481 1359 628 1404 merita,
647 1365 803 1410 propter
819 1371 906 1408 quae
927 1357 1135 1396 adversarii
1151 1358 1237 1403 mei,
1257 1358 1288 1396 si
1305 1365 1485 1411 saperent
1499 1364 1538 1395 et
1550 1370 1705 1408 aequum

237 1426 446 1464 servarent,
468 1419 589 1456 multo
611 1420 747 1469 majori
763 1432 824 1457 me
839 1421 928 1469 jure
944 1419 1187 1471 adjuvarent,
1205 1431 1323 1470 quam
1340 1425 1567 1470 premerent.
1626 1418 1708 1455 Iras

237 1481 370 1531 itaque
389 1494 518 1518 eorum
541 1488 629 1518 ante
650 1480 754 1519 dicta
775 1480 866 1518 mihi
885 1487 1174 1528 contraxerunt,
1190 1481 1344 1519 tametsi
1360 1493 1481 1519 causa
1501 1479 1706 1518 simultatis

237 1542 348 1580 nulla
377 1543 557 1580 subesset
581 1541 675 1593 ipsis
695 1554 718 1579 a
748 1555 808 1579 me
833 1541 1007 1593 privatim
1038 1542 1143 1581 data.
1201 1543 1435 1593 Quanquam
1458 1539 1707 1593 jurejurando

237 1604 477 1654 recepissent
496 1603 688 1641 neminem
708 1617 731 1642 a
750 1616 791 1641 se
809 1603 847 1640 in
867 1603 1069 1642 codicillos
1090 1604 1272 1642 militares
1305 1602 1562 1649 inferendum,
1581 1602 1655 1641 nisi
1676 1602 1708 1640 si

237 1667 304 1716 qui
324 1666 458 1704 militia
477 1666 649 1703 nondum
671 1665 794 1703 functi
810 1673 952 1710 essent,
969 1665 1082 1717 hujus
1104 1674 1232 1704 tamen
1249 1679 1273 1703 a
1288 1679 1329 1704 se
1346 1665 1438 1703 dicti
1452 1663 1708 1716 jurisjurandi

236 1730 464 1780 religionem
495 1728 710 1771 violarunt;
752 1735 791 1766 et
823 1735 1010 1779 praeterea
1039 1728 1181 1779 populo
1211 1728 1531 1767 deliberationem
1565 1728 1614 1765 de
1646 1739 1708 1764 me

235 1798 536 1844 proposuerunt,
569 1801 694 1828 utrum
723 1803 784 1828 me
810 1789 1062 1840 imposterum
1092 1790 1252 1828 liberum
1281 1790 1490 1835 hominem,
1517 1795 1561 1826 ut
1579 1788 1707 1826 adhuc

239 1854 308 1900 fui,
339 1866 425 1891 esse
445 1852 549 1896 velit,
581 1864 629 1889 an
662 1865 731 1902 pro
760 1851 952 1901 mancipio
983 1853 1055 1888 sub
1087 1864 1233 1890 corona
1260 1852 1416 1889 vaenire.
1473 1850 1709 1889 Probi-orum

240 1915 408 1960 nomine,
438 1913 679 1964 magistratui
706 1926 729 1950 a
757 1925 815 1950 me
842 1912 1096 1963 ingestorum,
1127 1914 1310 1951 mulctam
1342 1913 1433 1950 mihi
1461 1913 1708 1964 scripserunt,

234 1977 301 2028 jus
321 1983 361 2014 et
381 1977 438 2014 fas
459 1975 658 2025 despectui
686 1974 873 2012 habentes
893 1986 901 2009 :
931 1986 1134 2011 nervorum
1163 1975 1267 2011 omni
1288 1974 1537 2013 contentione
1554 1974 1709 2012 labora-

239 2045 331 2076 runt
361 2049 423 2074 me
449 2035 606 2081 laedere,
637 2047 870 2086 quocunque
901 2041 1116 2086 praetextu;
1148 2035 1310 2086 ejusque
1337 2035 1391 2073 rei
1421 2034 1708 2086 consequendas

240 2112 334 2150 ergo
353 2098 447 2136 nihil
468 2110 547 2135 non
577 2103 789 2142 tentarunt,
811 2109 890 2146 quo
909 2109 998 2134 cum
1029 2096 1119 2134 mihi
1139 2099 1322 2145 majorem
1352 2096 1392 2134 in
1413 2097 1570 2136 modum
1591 2109 1709 2134 noce-

240 2168 339 2207 rent,
370 2169 454 2198 tum
482 2159 744 2198 emolumenta
771 2158 841 2196 sibi
869 2166 1048 2209 parerent
1067 2159 1329 2209 amplissima:
1359 2166 1467 2200 tanto
1496 2172 1556 2196 me
1575 2170 1708 2208 prose-

241 2229 413 2272 quuntur
439 2220 544 2266 odio,
575 2228 618 2257 ut
647 2220 731 2258 aliis
760 2220 797 2257 in
826 2221 942 2258 rebus
970 2221 1160 2264 omnibus,
1192 2221 1256 2258 ubi
1282 2219 1514 2258 locusmihi
1543 2219 1708 2258 nocendi

242 2295 429 2332 suamque
462 2294 542 2319 rem
573 2281 742 2318 faciendi
771 2281 903 2319 nullus
935 2281 997 2327 sit,
1028 2281 1104 2332 juri
1131 2294 1244 2332 aequo
1273 2281 1402 2319 omnia
1436 2281 1710 2331 posthabeant.

244 2343 414 2382 Scilicet.
472 2341 614 2379 Parum
643 2341 743 2386 dico,
769 2354 856 2379 cum
879 2355 943 2380 eos
965 2342 1066 2388 dico,
1087 2342 1354 2381 auctoritatem
1373 2349 1513 2380 vestrae
1531 2341 1708 2380 multitu-

245 2405 344 2444 dinis
366 2403 472 2455 parvi
492 2403 650 2440 duxisse
668 2415 677 2440 :
709 2402 802 2440 deos
824 2404 928 2454 ipsos
949 2404 1109 2442 revereri
1125 2405 1299 2456 personis
1322 2404 1401 2442 suis
1419 2404 1619 2455 indignum
1637 2404 1709 2441 du-

243 2472 410 2504 xerunt:
444 2471 553 2503 tanta
583 2477 642 2502 me
673 2465 867 2517 superbia,
898 2465 1067 2510 fastidio,
1098 2472 1138 2503 et
1166 2465 1348 2504 violentia
1377 2465 1508 2515 legum
1535 2463 1707 2502 omnium

244 2527 398 2566 vincula
412 2523 684 2578 perrumpente
700 2533 928 2572 tractarunt,
942 2534 984 2564 ut
1000 2526 1048 2564 de
1064 2527 1265 2565 reddenda
1279 2539 1403 2565 rerum
1418 2539 1441 2563 a
1455 2538 1495 2563 se
1511 2532 1708 2575 gestarum

245 2590 394 2628 ratione
413 2601 461 2626 ne
479 2588 518 2624 in
539 2594 707 2625 mentem
726 2587 882 2636 quidem
910 2588 1001 2639 ipsis
1021 2601 1188 2639 unquam
1209 2587 1377 2626 venerit:
1407 2594 1646 2638 postremum
1666 2594 1710 2625 ut

247 2661 560 2695 commemorem,
591 2647 763 2687 nondum
795 2649 867 2686 sibi
896 2662 1029 2700 poenas
1063 2657 1124 2688 sat
1155 2662 1317 2700 magnas
1347 2661 1370 2686 a
1397 2660 1457 2685 me
1486 2647 1599 2686 datas
1628 2648 1709 2686 exi-

248 2713 466 2756 stimantes,
487 2711 570 2761 ipsa
587 2722 637 2749 ex
656 2709 749 2747 urbe
771 2709 950 2761 denique,
967 2724 1055 2761 quae
1078 2724 1230 2749 summa
1245 2710 1431 2749 malorum
1447 2721 1619 2747 meorum
1633 2715 1708 2754 est,

247 2772 504 2812 exterminare
524 2785 584 2810 me
602 2771 838 2809 laborarunt.
894 2771 1077 2809 Libidinis
1093 2780 1171 2810 tam
1191 2771 1326 2810 ferocis
1342 2778 1381 2808 et
1399 2770 1591 2809 violentiae
1609 2770 1710 2809 ultra

248 2835 360 2886 leges
380 2847 512 2872 omnes
542 2847 583 2871 se
611 2832 805 2871 efferentis
832 2832 1029 2871 occultare
1060 2833 1286 2878 foeditatem,
1308 2834 1404 2870 tanti
1432 2845 1510 2870 non
1538 2832 1706 2870 faciunt:

251 2896 395 2938 nullius
414 2907 475 2932 me
496 2893 665 2932 criminis
686 2907 806 2939 reum,
828 2901 955 2933 tamen
977 2893 1024 2932 ad
1047 2894 1119 2932 hoc
1145 2894 1331 2945 judicium
1351 2893 1489 2933 eadem
1511 2893 1560 2932 de
1588 2905 1710 2933 causa
