1822 3219
259 180 337 216 264
904 181 1077 218 LYSIAE

260 279 459 317 Alcibiade
473 280 527 318 sic
545 280 798 325 contendunt,
813 288 894 317 tum
915 281 1106 330 temporis,
1125 292 1243 329 quum
1263 280 1299 316 in
1319 281 1456 318 castris
1476 281 1600 319 adhuc
1621 294 1708 331 age-

258 351 395 385 remus,
417 340 587 378 nondum
607 348 807 391 corruptos
829 354 953 390 neque
972 341 1009 377 in
1037 341 1204 377 favorem
1226 341 1308 391 ejus
1331 341 1554 378 conciliatos
1575 341 1703 379 fuisse.

259 399 362 437 Vera
382 400 484 438 enim
500 413 546 438 ea
565 400 597 439 si
612 408 741 439 essent
760 414 846 450 quae
863 414 965 438 nunc
985 400 1036 437 illi
1051 400 1215 451 jactant,
1233 402 1435 451 oportebat
1451 414 1516 439 eos
1536 409 1617 438 tum
1633 409 1708 440 sta-

259 459 327 496 tim
342 461 392 499 ad
407 460 570 500 tribunal
588 474 698 499 suurn
713 462 870 499 citatum
890 461 1131 511 Pamphilum
1145 461 1360 512 objurgare,
1373 462 1478 511 quod
1496 461 1705 500 Alcibiadis

258 533 358 570 equo
374 522 555 573 adempto
576 535 694 572 remp.
715 522 840 572 equite
857 521 1073 559 fraudaret:
1105 522 1306 572 oportebat
1318 522 1421 567 item,
1437 521 1593 560 eosdem
1609 527 1706 560 stra·
1749 573 1753 575 -

257 589 367 632 tegos
388 583 619 635 Phylarcho,
637 596 704 622 seu
723 584 908 634 praefecto
928 590 1063 620 turmoe
1085 584 1181 634 ejus,
1202 584 1263 621 cui
1281 584 1504 621 Alcibiades
1529 596 1570 621 se
1597 583 1703 633 inge-

251 649 359 680 stum
374 643 466 690 ibat,
477 643 659 681 mulctam
672 643 928 694 pecuniariam
944 644 1124 693 irrogare,
1136 644 1201 693 qui
1213 643 1278 680 illa
1292 656 1312 680 e
1325 651 1450 682 turma
1466 643 1706 681 Alcibiadem

255 703 479 741 extrusisset
497 717 619 754 eoque
638 710 752 754 pacto
772 716 881 741 suam
903 703 1190 754 [strategorum]
1208 704 1407 741 minuisset
1425 703 1707 748 auctoritatem,

256 763 529 814 imperiumque
542 764 778 802 debilitasset
793 770 907 814 atque
928 764 1073 801 irritum
1095 764 1261 809 fecisset,
1277 777 1353 813 quo
1368 763 1558 801 Alcibiadi
1578 763 1706 801 locum

256 823 293 859 in
314 824 506 873 equitibus
527 823 596 873 ipsi
616 824 900 873 assignassent:
931 825 1134 873 oportebat
1153 824 1335 873 denique,
1355 830 1543 873 strategos
1569 822 1707 860 taxiar-

257 882 343 928 cho,
359 895 426 920 seu
446 883 657 920 centurioni
677 884 777 920 illius
803 883 988 933 manipuli
1019 884 1056 920 in
1086 897 1162 933 quo
1182 884 1401 921 Alcibiades
1430 884 1558 921 adhuc
1588 885 1707 935 pedes

257 944 470 988 meruisset,
488 944 668 981 mandare
688 952 730 980 ut
750 956 891 980 nomen
911 946 992 991 eJus
1014 955 1059 980 ex
1083 942 1170 980 albo
1189 943 1291 980 illius
1312 943 1495 993 manipuli
1508 956 1707 994 expunge-

257 1010 328 1041 ret.
385 1005 473 1041 Jam
494 1017 581 1041 vero
602 1004 760 1054 strategi
781 1004 872 1040 nihil
894 1004 1028 1041 horum
1048 1004 1218 1040 omnium
1239 1017 1366 1053 neque
1385 1004 1558 1041 fecerunt
1583 1017 1708 1054 neque

250 1064 337 1101 -fieri
356 1070 553 1110 curarunt,
572 1064 638 1101 sed
657 1064 903 1101 Alcibiadem
923 1063 1026 1114 passi
1046 1070 1136 1101 sunt
1153 1064 1191 1100 in
1211 1064 1347 1101 castris
1367 1065 1542 1101 oberrare
1561 1064 1709 1114 probris

256 1131 296 1162 et
315 1124 445 1162 sannis
465 1131 505 1162 et
521 1124 694 1162 convitiis
714 1126 884 1162 omnium
904 1125 1139 1175 exagitatum
1160 1131 1198 1162 et
1216 1124 1252 1161 in
1276 1125 1464 1174 equestris
1481 1118 1623 1162 militiae
1642 1138 1709 1175 ge—

257 1198 348 1224 nere
364 1186 562 1233 vilissimo,
580 1187 619 1223 in
639 1186 844 1237 sagittariis
871 1185 1124 1235 equestribus,
1144 1198 1307 1230 merere;
1338 1192 1542 1236 postquam
1567 1192 1710 1233 autem,

256 1259 376 1284 causa
395 1247 444 1284 ad
465 1254 634 1285 vestrum
652 1247 818 1285 tribunal
835 1247 978 1291 delata,
994 1259 1054 1284 res
1072 1259 1118 1284 eo
1138 1246 1294 1284 devenit
1309 1254 1352 1283 ut
1373 1246 1508 1284 nefarii
1529 1246 1711 1284 facinoris

256 1320 321 1345 reo
341 1320 467 1357 poenae
485 1307 562 1345 sint
581 1308 734 1352 dandae,
755 1308 1017 1358 gratificantes
1039 1306 1230 1344 Alcibiadi
1250 1307 1406 1356 strategi
1425 1306 1565 1344 falsum
1583 1306 1711 1357 perhi-

257 1367 352 1405 bent
371 1367 645 1413 testimonium,
658 1381 681 1406 a
701 1375 821 1406 semet
839 1368 933 1418 ipsis
949 1380 1036 1405 eum
1056 1367 1094 1404 in
1112 1367 1282 1417 equestri
1303 1367 1438 1404 militia
1456 1368 1574 1404 fuisse
1593 1368 1712 1405 collo-

256 1436 400 1467 catum.
433 1430 598 1481 Indigna
612 1431 818 1477 enimvero,
832 1431 1002 1482 judiceS‚
1017 1437 1133 1480 atque
1147 1431 1314 1468 nefanda
1328 1443 1403 1467 res.
1447 1430 1523 1473 Qui
1539 1432 1710 1481 strategi,

257 1490 432 1540 quamvis
452 1492 500 1528 ab
515 1491 692 1530 universo
707 1492 853 1543 populo
875 1491 1027 1537 delecti,
1047 1503 1168 1541 penes
1189 1503 1303 1541 quem
1325 1491 1448 1528 solum
1469 1491 1534 1541 jus
1555 1497 1594 1528 et
1611 1492 1711 1529 arbi—

256 1550 371 1588 trium
392 1557 451 1590 est
468 1551 654 1590 honorum
675 1551 985 1597 deferendorum,
1000 1557 1129 1589 tamen
1149 1550 1276 1588 ausuri
1307 1551 1412 1601 prius
1441 1564 1518 1588 non
1547 1552 1624 1589 sint
1641 1551 1711 1589 im-

257 1612 403 1663 perium
424 1612 461 1649 in
482 1625 550 1650 vos
570 1613 732 1651 militare
749 1625 950 1663 capessere
978 1624 1092 1663 quarn
1119 1612 1156 1648 in
1177 1611 1357 1649 scrutinio
1377 1612 1546 1662 legitime
1566 1613 1713 1663 probati

258 1673 437 1719 fuissent,
453 1673 522 1711 hos
536 1674 692 1712 eosdem
714 1680 904 1723 strategos
922 1685 1025 1710 nunc
1040 1672 1195 1718 audere,
1212 1671 1395 1710 arbitratu
1411 1685 1494 1717 suo,
1511 1673 1616 1710 nulla
1630 1673 1712 1723 ejus

259 1734 312 1771 rei
331 1735 558 1773 auctoritate
573 1735 795 1780 instructos,
808 1734 942 1785 patriae
961 1734 1112 1783 legibus
1131 1733 1255 1770 invitis
1276 1740 1392 1783 atque
1406 1733 1714 1780 adversantibus,

260 1794 452 1833 Alcibiadi
472 1808 575 1833 nova
595 1796 725 1833 munia
745 1795 980 1832 demandare
999 1795 1201 1844 locumque
1220 1807 1360 1831 novum
1381 1795 1594 1844 assignare.
1636 1795 1714 1838 Qui

260 1854 462 1893 ferendum
482 1857 542 1902 sit,
559 1856 724 1906 judices,
745 1868 862 1907 penes
883 1868 983 1905 quos
1004 1862 1197 1905 strategos
1216 1867 1294 1893 non
1314 1861 1374 1892 est
1391 1868 1507 1906 quem
1531 1856 1650 1893 velint
1667 1869 1714 1894 ex

261 1916 394 1954 ordine
413 1917 600 1968 equitum,
622 1930 735 1967 quem
758 1916 794 1953 in
813 1916 986 1954 ordinem
1005 1929 1117 1954 nemo
1137 1922 1342 1966 cooptatur
1360 1929 1437 1953 non
1455 1917 1654 1967 probatus,
1675 1918 1712 1954 in

262 1977 433 2016 ordinem
456 1985 694 2016 scutatorum
711 1978 930 2022 transferre,
950 1977 1015 2014 ubi
1037 1977 1220 2014 scrutinio
1234 1976 1346 2027 plane
1366 1977 1419 2014 nil
1439 1990 1536 2028 opus
1557 1986 1627 2024 est,
1648 1990 1712 2016 eos

261 2045 454 2089 strategos
475 2052 497 2077 e
518 2039 696 2085 scutatis,
711 2052 871 2089 quorum
892 2038 1021 2075 nullus
1043 2044 1104 2075 est
1125 2038 1322 2088 probatus,
1342 2050 1573 2088 quemquam
1593 2038 1631 2075 in
1651 2051 1711 2076 or·
1759 2049 1761 2051 ’

258 2100 390 2138 dinem
405 2107 635 2151 equestrem,
651 2099 698 2138 ad
714 2113 826 2150 quem
845 2099 927 2137 sine
945 2111 1064 2136 censu
1079 2110 1193 2136 nemo
1208 2097 1430 2143 admittitur,
1446 2106 1575 2135 tamen
1589 2105 1712 2135 trans-

259 2160 358 2199 ferre
379 2174 495 2199 censu
523 2167 614 2199 ante
642 2173 720 2199 non
738 2160 892 2198 habito?
934 2159 1051 2202 Quod
1072 2159 1102 2196 si
1123 2159 1281 2209 strategi
1312 2164 1501 2209 potestate
1530 2159 1711 2197 militares

257 2222 414 2259 ordines
434 2236 501 2273 pro
520 2223 646 2260 lubitu
666 2221 913 2272 perturbandi
934 2220 1160 2271 gauderent,
1176 2220 1411 2257 conniveatis
1427 2219 1585 2256 forsitan
1606 2220 1712 2269 ipsis,

260 2294 477 2332 quanquam
509 2283 613 2321 haud
647 2283 729 2320 scio
760 2296 807 2320 an
838 2282 944 2319 nullo
969 2283 1069 2332 jure,
1096 2281 1125 2318 si
1159 2280 1372 2330 gaudentes
1404 2279 1474 2319 hae
1503 2286 1711 2330 potestate,

260 2342 388 2379 multis
409 2342 446 2378 in
466 2350 681 2393 equestrem
712 2342 884 2379 ordinem
912 2341 1107 2378 transferri
1135 2340 1398 2390 flagitantibus
1425 2340 1526 2378 hanc
1551 2341 1711 2390 gratiam

261 2402 531 2453 denegassent,
551 2404 615 2441 uni
636 2402 825 2440 Alcibiadi
845 2402 1111 2439 indulsissent.
1170 2401 1256 2438 Jam
1278 2413 1368 2438 vero
1388 2400 1461 2450 ipsi
1479 2407 1623 2450 negant
1644 2401 1713 2438 sibi

261 2469 491 2513 potestatem
512 2477 598 2501 esse
617 2463 747 2501 munia
766 2463 941 2501 militaria
962 2461 1226 2499 distribuendi.
1286 2461 1452 2512 Oportet
1471 2473 1561 2510 ergo
1576 2474 1643 2498 vos
1660 2474 1714 2498 re-

262 2523 428 2568 cordari,
446 2524 714 2575 jusjurandum
736 2537 820 2561 esse
836 2537 858 2560 a
876 2523 983 2561 vobis
1004 2523 1163 2567 dictum,
1184 2522 1463 2573 spondentibus
1485 2522 1714 2558 sententiam

263 2597 310 2621 ex
336 2597 449 2635 aequo
476 2592 515 2622 et
542 2597 632 2622 vero
653 2584 989 2634 pronuntiandam,
1010 2596 1085 2620 non
1106 2590 1219 2633 prout
1243 2582 1281 2619 hi
1301 2582 1408 2619 vobis
1429 2587 1605 2618 auctores
1625 2581 1719 2618 facti

261 2644 419 2682 fuerint.
477 2644 682 2683 Neminem
702 2644 916 2694 rogantium
937 2651 1052 2693 atque
1074 2642 1371 2693 supplicantium
1391 2642 1509 2692 pluris
1537 2643 1717 2679 convenit

265 2718 287 2742 a
306 2707 413 2743 vobis
438 2706 532 2751 fieri,
548 2718 662 2756 quam
682 2711 829 2742 vosmet
850 2704 954 2754 ipsos
974 2711 1012 2741 et
1038 2704 1260 2754 religionem
1285 2701 1534 2753 jurisjurandi
1563 2714 1586 2739 a
1607 2703 1714 2739 vobis

265 2765 369 2803 dicti.

320 2828 356 2863 3.
387 2827 502 2870 Quod
524 2828 554 2866 si
573 2827 634 2866 cui
654 2835 824 2865 vestrum
847 2825 996 2877 gravior
1016 2837 1130 2874 aequo
1152 2836 1267 2875 poena
1285 2823 1369 2861 haec
1390 2821 1579 2860 videbitur
1597 2828 1638 2859 et
1656 2821 1717 2859 lex

264 2886 375 2925 nimis
391 2887 526 2937 rigida,
545 2887 764 2927 meminisse
777 2894 943 2939 oportet,
959 2899 1025 2923 vos
1042 2898 1145 2923 nuuc
1167 2884 1314 2929 sedere,
1332 2897 1377 2922 ea
1398 2884 1444 2922 de
1459 2895 1591 2930 causa,
1605 2882 1717 2931 cujus
