1822 3219
227 161 276 196 96
796 162 1101 201 ANDOCIDIS

228 264 312 306 τοὺς
341 265 506 314 ἀτίμους,
530 264 671 303 honore
701 266 881 317 privatos,
906 269 1093 319 ἐπιτίμους
1125 265 1296 311 reddere,
1314 265 1386 308 hoc
1417 272 1488 313 est,
1509 266 1667 317 pristina

228 327 440 378 gaudentes
455 329 553 380 juris
573 329 692 368 civilis
721 344 838 370 usura
857 340 895 369 et
916 332 1058 370 honore
1083 339 1206 370 status
1231 330 1416 369 forensis:
1445 331 1554 381 cujus
1579 342 1664 367 sen·

225 390 354 428 tentiae
375 391 499 429 factus
520 398 579 429 est
599 400 732 430 auctor
754 393 1006 431 Patroclides.
1065 394 1221 432 Honore
1241 400 1367 430 autem
1389 400 1562 430 carentes
1580 392 1663 442 qui-

225 463 313 488 nam
332 458 372 489 et
389 452 629 503 quotuplices
650 454 802 499 suerint,
819 462 859 492 et
877 455 1015 505 quibus
1035 456 1158 493 modis
1177 455 1364 505 quibusve
1387 455 1434 492 de
1455 454 1581 492 causis
1600 454 1667 491 ho-

224 526 313 552 nore
334 521 457 552 status
479 514 639 552 forensis
661 515 846 560 mulctati,
868 517 903 554 id
931 530 998 555 vos
1028 517 1190 555 docebo.
1248 517 1386 554 Standi
1414 517 1452 554 in
1482 516 1564 554 foro
1585 516 1666 567 jus,

202 591 206 595 ·
222 588 287 613 seu
304 575 499 621 honorem,
515 577 739 615 amittebant
753 578 914 629 primum
932 579 1067 625 aerarii,
1079 592 1146 617 seu
1162 579 1345 631 pecunias
1362 578 1497 616 aerario
1512 577 1667 628 publico

224 637 432 679 debentes:
465 638 542 676 sive
569 639 687 689 quod,
707 639 894 677 honorum
914 653 937 678 a
958 654 998 678 se
1019 648 1211 691 gestorum
1233 648 1321 679 acta
1345 648 1385 678 et
1409 640 1574 677 rationes
1600 651 1668 690 ap-

223 700 384 751 probare
400 713 486 737 cum
500 702 737 750 nequissent,
749 701 834 741 ideo
849 703 1003 741 mulctae
1017 703 1245 754 pecuniariae
1257 710 1386 742 essent
1400 702 1665 745 condemnati:

223 760 300 799 sive
317 761 422 811 quod
442 762 490 799 ob
511 762 634 800 aliena
652 764 752 800 bona
773 776 840 814 per
858 765 933 802 vim
960 772 999 803 et
1017 765 1124 803 nefas
1148 774 1338 817 occupata
1366 773 1482 816 atque
1509 765 1668 803 detenta

225 822 366 860 mulcta
385 823 479 874 ipsis
506 823 643 862 fuisset
668 825 847 876 irrogata,
865 840 980 876 quam
1009 840 1087 865 non
1117 828 1290 877 luissent,
1311 828 1387 866 sive
1417 829 1467 865 ob
1495 827 1666 865 actiones

223 885 436 935 majestatis
454 885 514 923 vel
533 886 803 937 perduellionis
824 888 987 940 injustas
1007 897 1044 927 et
1065 889 1280 940 illegitimas
1297 889 1482 928 adversus
1498 889 1667 927 insontes

222 954 443 998 susceptas3
476 948 552 986 sive
578 949 681 1000 quod
709 950 862 988 mulctis
891 951 1108 998 arbitrariis‚
1131 952 1162 989 si
1190 965 1286 1003 quas
1314 952 1562 1003 magistratus
1587 951 1666 989 sine

222 1007 352 1059 legum
377 1010 603 1048 auctoritate
629 1018 668 1048 et
693 1011 774 1050 sine
796 1012 1027 1062 judiciorum
1056 1013 1270 1051 interventu
1294 1013 1542 1064 irrogassent,
1562 1012 1668 1051 haud

222 1068 520 1112 satisfecissent;
551 1070 628 1108 sive
647 1071 766 1120 quod,
786 1085 873 1121 quae
894 1085 916 1110 a
935 1085 1013 1124 rep.
1035 1073 1239 1123 vectigalia
1257 1074 1518 1119 redemissent,
1536 1086 1667 1115 eorum

222 1137 355 1181 pactas
375 1130 572 1169 mercedes
594 1144 667 1169 non
688 1132 982 1183 dependissent;
1015 1134 1094 1171 sive
1113 1134 1216 1184 quod
1236 1147 1304 1185 pro
1325 1135 1406 1172 aliis
1423 1135 1669 1186 fidejussores

223 1191 357 1229 aerario
379 1192 469 1230 facti
488 1192 673 1231 fuissent:
704 1193 761 1232 his
783 1195 958 1233 omnibus
977 1208 1210 1246 quocunque
1237 1195 1348 1234 titulo
1374 1208 1442 1234 seu
1467 1196 1668 1248 pecuniam

222 1266 291 1291 seu
312 1253 493 1291 mulctam
515 1254 648 1292 aerario
669 1255 897 1293 debentibus
914 1263 1002 1294 ante
1018 1265 1160 1293 nonum
1181 1257 1271 1294 anni
1287 1270 1454 1295 mensem
1472 1257 1668 1296 evolutum

221 1321 304 1352 erat
323 1314 494 1352 debitum
515 1316 711 1361 luendum,
733 1319 790 1354 sin
811 1318 950 1363 minus,
971 1318 1131 1369 duplum
1153 1318 1346 1356 debebant
1365 1327 1402 1356 et
1427 1319 1498 1371 ipsi
1525 1319 1668 1358 honore

222 1376 261 1414 in
289 1376 372 1414 foro
403 1377 578 1414 versandi
606 1378 851 1428 privabantur
882 1386 921 1418 et
951 1381 1051 1417 bona
1078 1380 1247 1431 ipsorum
1279 1380 1430 1431 publice
1461 1382 1667 1419 vaenibant.

225 1439 335 1476 Unus
355 1438 417 1477 hic
437 1448 519 1477 erat
539 1440 675 1478 modus
693 1441 923 1480 conditionis
945 1441 1159 1480 inhonestae
1180 1444 1266 1493 [seu
1295 1443 1429 1493 capitis
1456 1444 1669 1482 imminutio

225 1502 361 1553 major]
379 1514 388 1539 :
418 1501 515 1539 alter
534 1502 670 1540 modus
690 1503 761 1541 iste
782 1510 853 1550 est,
873 1517 960 1542 cum
982 1517 1144 1556 corpora
1162 1504 1317 1555 quidem
1338 1505 1422 1556 ipsa
1445 1504 1669 1556 delinquen-

223 1563 318 1601 tium
334 1562 477 1602 honore
497 1564 533 1601 in
549 1563 632 1601 soro
653 1565 779 1602 standi
796 1572 833 1604 et
852 1565 887 1602 in
905 1566 1131 1604 concionem
1149 1566 1399 1604 conveniendi
1412 1568 1672 1620 carent,'bona

224 1634 352 1664 autem
380 1625 471 1676 ipsis
496 1638 585 1675 quae
611 1627 813 1676 possident
837 1628 943 1666 salva
968 1635 1147 1666 manent:
1177 1627 1252 1665 hoc
1283 1641 1420 1678 genere
1453 1628 1671 1680 ignominiae

223 1688 470 1732 notabantur,
491 1688 540 1725 ob
561 1687 662 1725 furta
680 1689 736 1739 [in
764 1702 843 1740 rep.
864 1689 973 1741 puta]
995 1697 1061 1728 aut
1084 1690 1132 1728 ob
1161 1702 1361 1727 munerum
1388 1691 1672 1741 acceptationes

224 1749 380 1787 mulctae
400 1749 594 1786 damnati:
625 1749 695 1787 hos
715 1751 918 1802 oportebat
937 1759 976 1788 et
1004 1751 1108 1802 ipsos
1130 1758 1170 1788 et
1195 1764 1242 1789 ex
1268 1751 1360 1801 ipsis
1389 1758 1501 1789 natos
1528 1751 1672 1791 honore

224 1824 374 1850 carere:
405 1811 496 1848 item
523 1818 716 1862 quotquot
743 1812 913 1850 ordinem
943 1812 981 1849 in
1011 1812 1092 1850 acie
1121 1812 1393 1859 deseruissent,
1412 1819 1479 1851 aut
1505 1813 1673 1852 criminis

223 1879 354 1911 essent
372 1872 535 1911 convicti
554 1875 781 1924 α’στρατείας
801 1874 856 1924 [h.
876 1888 909 1912 e.
929 1874 1033 1925 quod
1054 1874 1166 1924 plane
1186 1874 1223 1911 in
1242 1882 1368 1912 castra
1389 1887 1464 1912 non
1493 1875 1673 1920 exissent,

223 1948 312 1974 cum
331 1935 500 1985 reliquis,
521 1948 607 1972 cum
628 1935 768 1986 quibus
789 1935 889 1974 exire
909 1937 956 1973 ab
978 1936 1271 1987 imperatoribus
1285 1936 1383 1987 jussi
1404 1936 1586 1985 fuissent]
1606 1945 1674 1976 aut

225 1997 364 2040 δειλίας
379 1997 437 2048 [h.
453 2010 486 2034 e.
502 1997 607 2048 quod
627 1998 753 2048 pavidi
773 2003 812 2036 et
830 1997 1000 2036 imbelles
1019 1997 1201 2047 fuissent]
1223 2004 1289 2036 aut
1307 1999 1548 2050 ἀναυμαχίου
1564 1999 1619 2050 [h.
1636 2013 1670 2038 e.

223 2058 326 2109 quod
346 2059 488 2097 militiae
509 2059 634 2098 navali
651 2060 775 2097 vocati
794 2059 948 2097 nomina
964 2073 1040 2097 non
1063 2057 1263 2098 dedissent
1280 2066 1324 2097 ut
1339 2059 1564 2109 debebant]‚
1581 2061 1670 2099 item

224 2128 417 2172 quotquot
433 2129 583 2160 scutum
604 2121 849 2173 abjecissent,
869 2129 936 2159 aut
952 2128 1009 2159 ter
1028 2122 1192 2160 fuissent
1209 2122 1246 2159 in
1260 2121 1409 2172 judicio
1427 2122 1671 2160 condemnati

224 2183 310 2221 falsi
330 2183 420 2221 dicti
440 2184 646 2222 testimonii
666 2191 733 2221 aut
751 2184 945 2222 ementitae
965 2184 1000 2221 in
1014 2176 1079 2232 jus
1099 2183 1302 2228 citationis,
1323 2195 1393 2220 nec
1412 2195 1488 2220 non
1515 2183 1580 2233 qui
1603 2196 1670 2234 pa-

225 2251 353 2283 rentes
373 2245 471 2282 male
490 2251 529 2283 et
553 2245 734 2294 injuriose
760 2252 876 2295 atque
904 2245 1152 2283 inclementer
1177 2251 1431 2282 tractassent:
1461 2243 1499 2281 hi
1523 2257 1672 2293 omnes,

223 2307 352 2358 quoad
373 2320 534 2358 corpora
553 2307 709 2358 quidem
729 2307 919 2346 inhonesti
947 2314 1070 2353 erant,
1091 2320 1159 2345 seu
1183 2307 1330 2345 honore
1356 2307 1551 2354 carebant,
1569 2308 1672 2347 bona

223 2377 350 2407 tamen
372 2369 465 2419 ipsis
486 2381 557 2406 sua
577 2369 684 2407 salva
704 2371 923 2407 manebant.
982 2369 1128 2407 Rursus
1149 2369 1211 2407 alii
1231 2369 1315 2420 [qui
1336 2376 1417 2407 erat
1435 2368 1614 2408 minimus
1634 2378 1673 2408 et

223 2430 437 2469 levissimus
466 2430 605 2468 modus
634 2431 822 2468 imminuti
853 2430 1006 2482 capitis]
1032 2431 1176 2469 honore
1205 2431 1399 2476 carebant,
1422 2443 1488 2468 seu
1517 2431 1671 2470 infamia

225 2499 335 2531 erant
355 2491 489 2536 notati,
509 2495 601 2530 κατὰ
620 2493 836 2543 προστάξεις
854 2492 892 2530 h.
911 2505 944 2531 e.
964 2492 1177 2531 secundum
1197 2499 1406 2544 praecepta,
1420 2505 1487 2530 seu
1505 2493 1671 2543 quadam

223 2561 337 2593 tenus
356 2554 427 2592 sub
448 2553 560 2592 certis
580 2553 863 2592 conditionibus
884 2555 1118 2593 denuntiatis
1139 2562 1178 2593 et
1195 2554 1414 2606 imperatis:
1443 2554 1482 2592 hi
1497 2567 1573 2592 non
1588 2555 1673 2593 fun-

225 2615 328 2654 ditus
343 2623 452 2654 erant
466 2615 589 2667 capite
601 2615 751 2661 minuti,
761 2616 828 2654 sed
840 2617 1080 2655 solummodo
1093 2616 1220 2667 quoad
1234 2626 1380 2667 partem
1393 2616 1475 2667 ejus
1488 2616 1670 2667 aliquam,

225 2691 258 2715 e.
278 2691 312 2716 e.
333 2677 481 2723 milites,
499 2678 530 2715 si
548 2677 614 2728 qui
634 2678 704 2715 sub
725 2678 927 2728 tyrannide
948 2679 1104 2730 triginta
1124 2679 1286 2716 virorum
1304 2678 1342 2715 in
1361 2678 1453 2715 urbe
1475 2684 1591 2729 atque
1607 2679 1675 2717 mi-

225 2738 316 2775 litiae
335 2738 533 2777 functione
552 2738 796 2784 mansissent,
815 2739 854 2776 hi
876 2739 1020 2777 caeteris
1040 2739 1193 2789 quidem
1209 2738 1358 2790 juribus
1378 2739 1532 2789 perinde
1554 2747 1670 2790 atque

224 2800 360 2850 reliqui
379 2801 480 2839 cives
506 2801 743 2846 fruebantur,
762 2813 893 2838 verum
913 2801 999 2852 jure
1028 2801 1067 2838 in
1095 2800 1281 2839 concione
1311 2801 1436 2838 standi
1466 2807 1533 2839 aut
1556 2815 1669 2840 sena-

226 2862 342 2900 torios
369 2862 532 2902 honores
561 2862 749 2902 ambiendi
779 2863 875 2900 iisve
902 2863 1088 2914 fungendi
1113 2864 1310 2901 carebant.
1369 2864 1570 2903 Hactenus
1596 2864 1668 2901 illis

225 2931 307 2961 erat
321 2923 444 2962 honos
456 2925 677 2963 imminutus
692 2925 748 2963 vel
763 2932 934 2976 ereptus:
966 2938 1052 2963 nam
1072 2925 1155 2963 haec
1175 2933 1255 2963 erat
1270 2925 1359 2976 ipsis
1376 2928 1586 2976 πρόσταξις,
1600 2938 1668 2963 seu
