1822 3219
713 128 993 165 FUNEBRIS.
1507 126 1576 165 157

136 227 289 276 quidem
311 241 331 265 e
353 240 510 265 numero
523 236 667 278 septem
683 227 732 265 ad
745 227 896 265 Thebas
911 227 1067 271 ducum,
1082 226 1146 275 qui
1163 226 1406 272 cecidissent,
1420 227 1581 277 majores

138 288 259 325 nostri
280 300 363 325 sese
383 295 599 338 gesserunt.

191 349 230 385 5.
259 348 446 399 Tempore
470 355 598 385 autem
624 347 823 398 interjecto
848 353 938 398 post
958 359 1047 385 cum
1071 345 1179 384 liberi
1210 346 1401 389 Herculis,
1420 360 1441 383 e
1467 347 1581 384 rebus

139 405 317 445 humanis
346 408 500 453 sublati,
526 408 575 444 ab
606 407 824 457 Eurystheo
850 407 1050 457 exagitati,
1073 412 1112 444 et
1138 419 1162 444 a
1190 406 1339 444 Graecis
1369 406 1582 456 quibusque

141 469 293 519 populis
312 469 456 518 rejecti,
474 481 552 506 non
571 468 644 505 illis
662 468 820 518 quidem
839 468 946 506 nullo
965 468 1078 506 motis
1104 468 1253 518 pudore
1279 473 1398 505 tantae
1420 467 1585 517 turpitu-

139 528 256 572 dinis,
270 535 310 566 at
325 528 658 566 reformidantibus
672 527 877 578 Eurysthei
890 527 1116 578 potentiam,
1129 528 1204 565 huc
1219 528 1331 577 igitur
1344 527 1463 565 delati
1477 527 1587 565 liberi

143 589 337 633 Herculis,
357 602 447 627 cum
467 590 505 626 in
525 589 599 627 aris
624 589 784 627 deorum
807 589 1075 627 consedissent
1101 589 1310 640 supplices,
1329 589 1586 626 Athenienses

139 661 206 686 eos
236 649 454 699 reposcenti
487 649 707 699 Eurystheo
738 649 890 687 tradere
922 655 1163 695 recusarunt,
1195 649 1373 686 virtutem
1406 649 1587 687 Herculis

138 709 264 759 magis
281 708 598 754 verecundantes,
615 722 729 759 quam
751 709 962 759 periculum
984 722 1096 748 suum
1115 709 1422 754 extimescentes,
1440 721 1588 759 suaque

136 769 351 806 censebant
367 781 533 819 persona
551 769 721 819 dignius,
737 769 976 814 infirmiores,
993 770 1221 819 quibuscum
1236 769 1301 820 jus
1322 776 1360 807 et
1377 770 1436 807 fas
1456 776 1588 816 staret,

137 828 250 866 armis
270 829 381 875 tueri,
392 841 506 879 quam
528 830 661 879 gratiae
679 829 939 880 potentiorum
954 830 1189 875 condonare,
1205 842 1270 879 per
1282 829 1442 880 injurias
1457 842 1589 867 eorum

135 901 366 939 oppressos;
408 890 704 941 Eurystheoque
732 903 820 928 cum
849 890 966 929 totius
994 890 1254 940 Peloponnesi
1281 891 1345 940 qui
1373 896 1453 927 tum
1479 896 1589 927 erant

135 951 274 989 incolis
301 952 376 989 vim
405 958 445 990 et
473 965 578 990 arma
606 965 722 1003 prope
751 953 997 999 admovente,
1011 953 1147 1004 judicii
1176 953 1233 991 sui
1259 953 1485 1003 poenitentia
1511 965 1589 990 non

137 1011 393 1058 ducebantur,
411 1012 580 1063 periculo
605 1013 780 1051 cominus
808 1020 984 1064 urgente,
1006 1014 1075 1052 sed
1102 1020 1325 1051 constantes
1353 1013 1424 1063 ipsi
1451 1013 1522 1051 sibi
1549 1014 1590 1050 in

139 1073 339 1122 proposito
358 1074 668 1123 perseverabant,
686 1074 842 1112 tametsi
860 1087 986 1125 neque
1011 1087 1034 1112 a
1058 1081 1164 1125 patre
1192 1073 1485 1112 Heraclidarum
1511 1073 1590 1124 pri-

138 1138 230 1169 vato
256 1133 426 1182 quodam
454 1134 716 1172 emolumento
744 1136 911 1173 fuissent
939 1135 1078 1179 ornati,
1102 1148 1228 1184 neque
1257 1140 1431 1180 nossent,
1453 1133 1590 1184 quales

140 1192 211 1242 ipsi
237 1193 460 1231 Heraclidae
483 1194 571 1230 olim
601 1194 822 1243 aliquando,
842 1195 892 1232 ad
921 1195 1066 1232 virilem
1093 1202 1249 1232 aetatem
1277 1194 1412 1239 adulti,
1431 1206 1523 1244 erga
1549 1206 1592 1231 se

141 1259 271 1289 essent
290 1253 420 1290 futuri.
477 1254 615 1303 Neque
635 1254 810 1292 simultas
828 1254 920 1304 ipsis
940 1262 1054 1292 antea
1072 1267 1157 1292 cum
1177 1254 1393 1305 Eurystheo
1412 1254 1594 1292 interces-

141 1311 268 1358 sisset,
287 1326 412 1363 neque
432 1313 536 1352 aliud
556 1314 628 1351 sibi
648 1313 823 1352 viderent
847 1315 994 1352 lucrum
1017 1317 1268 1366 propositum,
1287 1327 1403 1365 quam
1430 1314 1591 1365 gloriam

139 1372 255 1409 bonae
282 1373 596 1412 existimationis:
627 1374 696 1411 sed
725 1374 806 1411 sola
833 1376 925 1413 moti
953 1375 1038 1425 ejus
1066 1377 1226 1420 ratione,
1246 1375 1348 1425 quod
1370 1375 1438 1425 jus
1466 1381 1506 1412 et
1533 1374 1593 1412 fas

140 1438 262 1477 esset,
281 1439 432 1471 tantum
457 1433 662 1471 discrimen
692 1435 863 1481 adibant,
882 1435 1038 1485 parique
1064 1436 1140 1472 vim
1166 1448 1365 1486 passorum
1391 1435 1594 1473 commise-

142 1492 290 1531 ratione
309 1500 425 1548 atque
445 1494 536 1532 odio
554 1495 628 1532 vim
648 1495 904 1540 inferentium,
925 1495 996 1533 hos
1014 1496 1218 1546 reprimere
1244 1497 1498 1541 conabantur,
1517 1495 1593 1532 illis

142 1553 326 1590 auxilium
347 1554 445 1592 ferre
465 1555 712 1600 festinabant,
734 1554 999 1593 existimantes
1020 1562 1150 1593 notam
1169 1556 1355 1593 libertatis
1372 1556 1473 1593 hanc
1493 1568 1594 1601 esse,

142 1620 188 1651 ut
203 1613 256 1650 nil
275 1621 433 1653 coactus
453 1615 586 1660 facias,
598 1616 759 1665 justitiae
775 1622 916 1661 autem,
932 1623 976 1653 ut
993 1629 1062 1666 per
1082 1616 1190 1654 nefas
1210 1616 1359 1654 vexatis
1380 1628 1595 1662 succurras,

143 1673 380 1711 fortitudinis
410 1674 589 1724 denique,
619 1681 661 1712 ut
687 1687 758 1725 pro
785 1682 950 1724 utraque
979 1675 1108 1720 laude,
1137 1675 1169 1712 si
1197 1688 1358 1714 necesse
1387 1676 1447 1721 sit,
1472 1676 1595 1725 ipsam

144 1734 242 1771 adeo
258 1742 418 1772 mortem
432 1742 612 1784 oppetere
626 1734 730 1771 haud
746 1734 950 1772 detrectes.
979 1734 1093 1772 Tanti
1108 1741 1217 1772 erant
1233 1736 1410 1785 utrinque
1427 1734 1596 1785 spiritus,

146 1800 191 1831 ut
209 1793 427 1844 Eurystheo
447 1794 602 1844 quidem
618 1794 761 1831 addicti
776 1794 1018 1832 conditiones
1033 1807 1056 1832 a
1070 1795 1288 1833 volentibus
1302 1796 1451 1833 oblatas
1467 1808 1597 1846 asper·

146 1860 340 1899 narentur,
359 1855 406 1891 ab
426 1853 553 1891 invitis
573 1854 812 1904 iniquissima
842 1855 1052 1905 exprimere
1076 1855 1311 1900 laborantes,
1333 1856 1595 1894 Athenienses

145 1920 274 1951 autem
294 1913 509 1964 Eurystheo
528 1914 653 1964 legem
672 1915 774 1953 hanc
793 1915 1097 1965 praescriberent,
1117 1922 1173 1960 ut,
1195 1916 1260 1965 qui
1281 1916 1364 1966 ipse
1390 1916 1597 1966 aliquando

145 1974 308 2025 supplex
335 1981 527 2024 receptum
555 1974 606 2012 ad
635 1988 721 2012 aras
750 1988 837 2012 suas
865 1975 1078 2021 habuisset,
1096 1976 1272 2013 homines
1301 1976 1372 2013 sibi
1401 1976 1596 2026 supplices

148 2036 272 2073 factos
293 2034 425 2073 tutelae
454 2048 533 2073 suae
562 2048 609 2072 ne
637 2036 886 2073 contenderet
914 2036 1073 2086 eripere.
1131 2035 1294 2074 Collatis
1322 2035 1451 2085 itaque
1479 2035 1599 2085 signis

146 2095 278 2145 copias
298 2108 347 2132 ex
367 2095 546 2133 universa
561 2095 831 2146 Peloponneso
845 2095 1031 2133 collectas
1051 2094 1130 2133 suis
1145 2095 1366 2133 domesticis
1379 2095 1600 2141 vincebant,

148 2155 518 2205 Heraclidarumque
533 2168 610 2192 non
630 2168 792 2207 corpora
807 2155 924 2193 modo
943 2155 980 2192 in
1000 2161 1083 2192 tuto
1096 2155 1352 2201 collocabant,
1365 2154 1435 2192 sed
1449 2162 1598 2194 mentes

145 2227 300 2265 quoque
319 2221 425 2252 metu
446 2215 685 2254 detrahendo
713 2216 751 2253 in
776 2216 990 2253 libertatem
1016 2215 1276 2260 vindicabant,
1297 2215 1481 2253 memoria
1504 2216 1599 2253 moti

146 2276 299 2313 virtutis
325 2276 408 2325 ejus
428 2288 506 2325 qua
525 2283 632 2325 pater
650 2277 819 2327 ipsorum
845 2275 1101 2320 inclaruisset,
1122 2275 1278 2326 suisque
1304 2275 1391 2312 illos
1419 2275 1599 2325 periculis

149 2338 317 2376 victoriae
338 2349 481 2375 corona
500 2338 722 2376 induebant.
779 2338 867 2381 Quo
886 2337 994 2374 liberi
1015 2336 1192 2374 Herculis
1219 2342 1328 2386 patre
1355 2336 1500 2373 fiebant
1524 2335 1598 2373 hoc

147 2398 435 2443 fortunatior-es,
449 2398 599 2435 tametsi
615 2398 742 2436 adhuc
760 2397 889 2447 pueri3
917 2409 994 2446 quo
1009 2402 1117 2446 pater
1133 2396 1302 2445 quidem,
1317 2396 1489 2446 quamvis
1506 2396 1599 2432 nulli

149 2471 227 2497 non
245 2458 445 2496 hominum
467 2457 598 2508 generi
623 2459 726 2495 bona
749 2469 866 2507 quam
894 2456 1060 2507 plurima
1086 2457 1309 2507 peperisset,
1329 2457 1445 2494 vitam
1472 2463 1599 2493 tamen

149 2519 231 2570 ipse
251 2518 325 2557 sibi
352 2518 537 2556 molestiis
567 2518 772 2556 exercitam
801 2519 1171 2568 contentionumque
1204 2525 1319 2567 atque
1349 2516 1600 2555 certaminum

148 2579 305 2630 plenam
325 2579 604 2624 constituisset,
622 2587 661 2616 et
681 2578 839 2616 aliorum
868 2579 970 2616 ultus
999 2578 1159 2622 scelera,
1178 2591 1297 2615 unum
1327 2577 1600 2627 Eurystheum,

150 2639 344 2677 inimicum
358 2639 550 2677 hominem
563 2646 602 2677 et
613 2639 650 2676 in
666 2639 790 2690 ipsum
807 2652 892 2678 sese
905 2639 1062 2676 infanda
1072 2651 1220 2683 ausum,
1233 2637 1364 2674 ulcisci
1379 2638 1598 2687 nequisset;

150 2698 257 2736 liberi
276 2704 403 2736 autem
420 2699 598 2737 Herculis
617 2699 755 2737 eadem
775 2699 837 2738 die
857 2712 924 2750 per
943 2699 1136 2737 civitatem
1156 2698 1256 2735 hanc
1276 2703 1317 2734 et
1335 2697 1509 2736 libertate
1528 2713 1600 2738 sua

152 2758 360 2809 potirentur
378 2765 418 2796 et
434 2759 578 2797 ultione
596 2759 848 2798 inimicorum.

206 2818 242 2854 6.
273 2817 384 2866 Saepe
404 2818 553 2867 quidem
585 2833 658 2858 usu
678 2820 780 2857 venit
800 2820 1004 2870 majoribus
1025 2818 1164 2857 nostris
1188 2818 1392 2857 concordia
1412 2821 1600 2871 copulatis
