1822 3219
585 104 805 141 CONTRA
837 101 1141 139 PHILONEM.
1527 102 1602 137 351

146 209 259 252 atque
280 215 577 241 succenseamus
593 203 627 239 ei
648 202 893 251 maxime,qui
913 212 988 250 quo
1009 199 1132 236 minus
1149 199 1447 235 committeretur
1464 211 1597 236 cavere

144 264 352 312 potuisset3
382 263 613 313 pauperibus
634 272 762 299 autem
783 269 848 298 aut
867 272 1023 310 corpore
1043 258 1220 296 invalidis
1240 265 1374 307 parata
1394 266 1450 296 est
1479 271 1600 308 penes

146 336 278 362 omnes
298 324 422 369 venia,
442 322 848 371 censentes‚quicquid
865 321 1056 365 labantur,
1072 318 1211 355 invitos
1229 331 1294 355 eos
1308 319 1399 355 labi.
1426 356 1430 359 Α
1460 318 1597 356 Philon

144 396 236 433 ergo
255 383 365 421 venia
385 395 548 433 prorsus
575 390 632 419 est
660 382 864 430 indignus:
894 393 981 417 nam
1004 393 1127 428 neque
1147 391 1286 428 corpus
1306 379 1339 415 ei
1358 379 1405 416 ad
1427 380 1597 416 laborum

146 443 370 492 patientiam
390 443 503 479 molle
524 448 564 478 et
581 442 784 478 flaccidum
806 447 877 486 est,
894 440 932 476 id
950 440 1055 489 quod
1074 440 1145 489 ipsi
1160 438 1326 483 cernitis,
1343 452 1468 487 neque
1483 440 1600 489 copiis

147 502 199 539 rei
229 502 421 539 familiaris
448 501 667 539 destituitur
686 508 729 538 ut
756 500 975 537 muneribus
996 499 1155 536 edendis
1182 511 1317 548 parum
1348 499 1395 535 sit
1424 499 1600 548 idoneus,

146 560 186 597 id
204 561 309 610 quod
330 573 402 611 ego
422 573 508 598 mox
529 561 686 610 planum
708 567 821 609 atque
849 565 1027 596 testatum
1060 558 1211 595 faciam.
1270 559 1345 601 Qui
1364 572 1471 607 ergo,
1490 559 1598 608 igna-

146 620 208 658 via
240 627 396 671 torpens
428 627 466 657 et
504 620 743 670 malignitate
774 620 938 669 quadam
969 618 1084 655 animi
1111 618 1282 662 dolosus,
1312 619 1364 655 ibi
1389 619 1464 655 loci
1494 626 1533 655 et
1564 619 1598 654 in

147 688 294 718 tantum
326 681 510 731 prodesse
543 680 676 731 patriae
709 681 873 718 cessavit
903 686 1091 729 quatenus
1121 678 1306 728 prodesse
1344 686 1507 729 poterat,
1526 692 1601 728 quo

147 753 279 790 quaeso
308 748 421 790 pacto
452 741 589 790 poterit
609 741 640 778 is
667 741 793 777 facere
821 740 1024 789 quominus
1053 739 1218 776 omnium
1250 745 1418 776 vestrum
1448 739 1534 777 odio
1563 747 1602 777 et

145 801 409 838 exsecratione
428 800 637 837 obruatur?
684 800 905 837 Verendum
925 812 1036 849 porro
1057 799 1162 836 vobis
1182 811 1257 835 non
1278 807 1349 845 est,
1372 812 1419 836 ne
1439 799 1600 837 Philone

148 860 387 910 reprobando
425 860 563 897 civium
577 860 828 913 4yreliquorum
863 873 1081 910 quenquam
1114 859 1341 896 offendatis:
1384 873 1461 897 non
1498 861 1599 898 enim

151 921 302 965 alteros,
323 920 390 957 sed
412 922 544 958 ambos
565 923 661 971 [tam
683 921 912 965 Piraeenses,
940 934 1052 969 quam
1075 919 1274 967 urbanos]‚
1301 920 1347 956 ab
1368 933 1413 957 eo
1432 921 1602 970 proditos

152 994 237 1018 esse
257 981 383 1031 palam
404 987 487 1024 est3
519 988 752 1032 quapropter
782 994 907 1032 neque
938 982 984 1018 ab
1018 981 1061 1018 iis
1095 981 1159 1030 qui
1184 981 1222 1017 in
1256 981 1348 1019 urbe
1380 990 1602 1020 manserunt

152 1053 238 1077 eum
259 1041 375 1078 amari
394 1048 698 1079 consentaneum
720 1050 792 1085 est,
813 1042 948 1091 quibus
978 1041 1240 1078 laborantibus
1260 1048 1303 1078 ut
1329 1043 1546 1079 subveniret
1563 1043 1602 1080 in

151 1108 316 1139 mentem
339 1102 373 1139 ei
393 1115 469 1139 non
489 1103 605 1148 venit,
629 1115 755 1152 neque
775 1115 904 1139 rursus
925 1115 946 1139 a
969 1101 1238 1146 PiraeensibuS‚
1256 1101 1481 1151 quibuscum
1502 1103 1599 1140 redi-

151 1169 232 1200 tum
258 1162 296 1199 in
324 1162 485 1212 patriam
505 1163 616 1200 armis
643 1176 812 1212 quaerere
841 1163 893 1199 nil
924 1162 1085 1208 curavit,
1103 1162 1216 1211 idque
1238 1175 1338 1206 cum,
1361 1169 1402 1199 ut
1422 1163 1487 1206 ait,
1508 1163 1600 1200 civis

149 1229 266 1259 esset.
324 1223 390 1259 Sin
416 1230 542 1260 tamen
571 1223 697 1260 adhuc
718 1230 890 1273 superest
914 1222 1066 1260 tertium
1086 1222 1241 1271 aliquod
1260 1222 1395 1259 civium
1417 1236 1549 1273 genus,
1569 1223 1600 1260 si

151 1282 226 1332 fiat*
247 1283 517 1333 aliquando—
532 1284 635 1334 quod
665 1284 717 1321 dii
742 1290 934 1321 vetent—
949 1289 992 1320 ut
1018 1295 1139 1332 genus
1163 1282 1236 1319 hoc
1263 1295 1390 1319 rerum
1419 1283 1601 1333 potiatur,

151 1355 240 1391 cum
268 1343 333 1381 illo
362 1352 443 1381 tum
472 1357 610 1394 genere
629 1344 766 1381 civium
786 1343 1060 1393 rempublicam
1080 1354 1211 1392 gerere
1229 1348 1344 1392 atque
1365 1343 1514 1379 senatui
1544 1344 1600 1380 in-

150 1413 296 1442 teresse
314 1406 522 1455 postulato,
535 1405 608 1442 hoc
627 1418 737 1450 suum
758 1404 805 1442 de
825 1404 913 1454 ipsis
934 1404 1106 1441 meritum
1120 1402 1306 1452 allegans,
1323 1403 1427 1452 quod
1443 1416 1599 1441 causam

152 1464 325 1514 ipsorum
345 1465 544 1515 amplexus
561 1472 675 1503 esset.

208 1527 247 1560 4.
277 1525 365 1567 Quo
384 1525 508 1574 itaque
529 1526 622 1563 certi
643 1525 724 1562 sitis
744 1524 945 1562 Philonem
966 1524 1070 1574 apud
1090 1523 1261 1574 Oropum
1291 1523 1362 1560 sub
1388 1523 1509 1561 tutela
1534 1538 1601 1574 pa-

153 1585 252 1622 troni
271 1586 479 1623 incoluisse
496 1586 746 1636 fortunasque
766 1586 800 1623 ei
821 1585 913 1623 satis
934 1585 1081 1635 amplas
1102 1585 1303 1633 lautasque
1319 1596 1402 1621 esse
1423 1591 1461 1621 et
1480 1597 1602 1634 neque

154 1645 310 1683 urbanis
330 1658 416 1683 eum
436 1659 560 1696 neque
581 1646 837 1683 Piraeensibus
864 1651 1007 1696 praesto
1031 1645 1159 1691 fuisse,
1179 1644 1306 1682 audite
1324 1644 1395 1682 hos
1414 1645 1479 1695 qui
1497 1645 1601 1683 testi-

156 1706 285 1745 monio
303 1719 373 1744 suo
391 1706 504 1744 fidem
525 1719 548 1743 a
565 1719 625 1743 me
645 1706 756 1744 dictis
776 1705 987 1743 adstruent.

777 1816 994 1855 TESTES.

159 1893 407 1945 Relinquitur
426 1907 518 1944 ergo
536 1902 580 1932 ut
595 1902 788 1940 causetur,
807 1907 874 1945 per
899 1895 1154 1932 interventum
1173 1894 1404 1933 valetudinis
1426 1903 1603 1947 negatum

159 1955 315 2007 quidem
349 1955 419 1992 sibi
454 1955 573 1991 fuisse
611 1953 866 1992 Piraeensibus
901 1967 1135 2000 succurrere,
1162 1961 1424 1992 verumtamen
1456 1956 1503 1992 de
1534 1969 1604 1994 suo

159 2021 294 2066 sponte
313 2014 524 2052 contulisse
552 2014 656 2051 unde
683 2021 889 2064 paupertas
920 2014 1042 2064 plebis
1074 2020 1211 2051 vestrae
1244 2015 1517 2059 sublevaretur,
1539 2024 1605 2052 aut

158 2075 445 2125 municipalium
464 2075 650 2124 quosdam
678 2075 918 2120 instruxisse,
950 2074 1271 2124 quemadmodum
1296 2075 1434 2112 civium
1460 2083 1603 2113 vestro-

158 2149 241 2174 rum
260 2135 322 2173 alii
343 2148 496 2185 quoque
516 2135 620 2173 haud
646 2135 757 2185 pauci
789 2135 975 2178 fecerunt,
998 2134 1029 2172 si
1049 2134 1113 2184 qui
1133 2148 1200 2185 per
1220 2147 1420 2185 corporum
1450 2136 1604 2175 infirmi-

158 2203 276 2234 tatem
296 2195 368 2246 ipsi
385 2195 518 2233 militia
536 2195 643 2245 fungi
662 2195 876 2244 nequirent.
933 2195 1017 2245 Ego
1033 2207 1122 2232 vero
1137 2194 1171 2231 ei
1187 2195 1260 2232 hoc
1280 2208 1433 2245 quoque
1453 2196 1607 2233 menda-

159 2256 260 2292 cium
288 2255 457 2305 eripiam,
476 2268 552 2305 quo
582 2267 650 2292 vos
684 2267 728 2291 eo
754 2254 1029 2292 circumvenire
1054 2269 1101 2292 ne
1131 2255 1274 2305 possit;
1304 2255 1484 2304 quoniam
1513 2257 1603 2293 mihi

158 2315 406 2365 postmodum
432 2327 509 2352 non
526 2315 665 2352 >licebit
688 2314 770 2364 ejus
794 2315 981 2364 arguendi
1010 2327 1127 2353 causa
1152 2315 1227 2352 huc
1248 2316 1297 2353 ad
1316 2328 1384 2352 vos
1411 2317 1602 2366 progredi.

160 2375 248 2412 cita
277 2382 319 2411 tu
339 2373 431 2411 mihi
451 2374 660 2411 Diotimum
680 2374 985 2412 Archarnensem
1007 2388 1083 2412 una
1103 2388 1188 2412 cum
1208 2376 1361 2425 reliquis
1380 2376 1444 2425 qui
1466 2376 1605 2413 delecti

160 2447 248 2472 cum
269 2434 437 2472 Diotimo
459 2435 624 2480 fuerunt,
644 2441 687 2471 ut
713 2434 964 2485 municipales
985 2435 1098 2473 armis
1117 2435 1348 2473 instruerent
1370 2449 1442 2473 aere
1461 2435 1602 2473 collato

159 2497 402 2547 comparatis.

327 2596 662 2634 TESTIMONIA
693 2596 911 2634 DIOTIMI
942 2598 1010 2636 ET
1041 2597 1433 2636 COLLEGARUM.

212 2675 249 2709 5.
280 2672 386 2709 Nihil
405 2674 531 2725 itaque
547 2674 685 2711 Philon
706 2675 798 2724 reip.
816 2675 982 2725 profuit:
1013 2688 1140 2712 verum
1156 2687 1233 2712 non
1252 2674 1365 2711 modo
1384 2674 1422 2710 in
1436 2681 1600 2713 mentem

160 2733 193 2770 ei
216 2746 293 2771 non
323 2734 426 2770 venit
453 2743 496 2771 ut
522 2735 706 2785 prodesse
731 2735 948 2785 reipublicae
982 2735 1097 2773 vellet
1124 2735 1162 2771 in
1190 2734 1405 2771 istiusmodi
1432 2741 1601 2786 tempore

161 2800 276 2843 atque
304 2794 340 2831 in
367 2794 440 2831 ista
471 2807 592 2832 rerum
620 2796 920 2846 perturbatione,
940 2795 1008 2833 sed
1035 2795 1146 2832 etiam
1174 2794 1362 2832 commisit
1390 2802 1434 2833 ut
1453 2809 1473 2834 e
1492 2796 1600 2833 malis
