1822 3219
631 458 1079 515 ANDOCIDIS

420 590 731 640 CONTRA
796 588 1283 639 ALCIBIADEM

735 713 979 755 ORATIO.
1130 705 1159 728 ⁰

666 871 1053 901 ARGUMENTUM.

184 964 358 995 Andocides
382 965 572 995 Alcibiadem
589 965 695 995 Cliniae
712 965 803 994 filium
825 969 957 1000 accusat,
979 965 1093 1004 quippe
1106 964 1156 1003 qui
1173 968 1203 993 et
1220 963 1302 993 urbis
1315 968 1343 993 et
1360 963 1509 993 sociorum
1527 975 1576 994 res

141 1017 363 1056 pessumdaret,
385 1017 600 1056 luxurioseque
629 1016 768 1046 viveret:
792 1017 963 1056 populoque
991 1016 1190 1051 consultante,
1213 1020 1246 1044 ut
1268 1015 1365 1055 ipsum
1389 1016 1576 1045 Andocidem

141 1069 301 1108 relegaret,
323 1069 450 1108 primum
468 1069 573 1107 rejecit
589 1069 720 1108 seipsum
730 1069 790 1106 jam
806 1068 977 1097 defendisse
993 1067 1098 1096 dicens
1113 1067 1360 1105 innocentemque
1374 1077 1452 1096 esse.
1488 1067 1577 1105 Saepe

143 1120 222 1149 enim
235 1121 347 1150 dictum
365 1126 422 1156 est,
445 1131 512 1151 eum
529 1120 578 1159 qui
607 1120 671 1149 suis
697 1119 830 1159 propriis
846 1120 969 1149 delictis
988 1119 1138 1148 obnoxius
1154 1119 1204 1153 sit,
1226 1124 1258 1148 ut
1280 1129 1311 1147 se
1327 1119 1427 1158 ipsum
1447 1119 1577 1157 primum

142 1171 262 1207 liberet,
279 1172 387 1201 deinde
402 1172 480 1201 alios
493 1171 678 1201 calumniari.
722 1172 849 1201 Causam
862 1171 912 1199 alii
931 1170 1126 1205 definitivam,
1149 1170 1200 1199 alii
1216 1179 1286 1199 vero
1302 1170 1493 1208 negotialem,
1510 1180 1580 1199 esse

144 1220 258 1252 dicunt.
295 1223 446 1252 Accurata
457 1222 577 1260 quidem
590 1232 679 1251 causa
691 1227 746 1256 est,
759 1231 824 1250 nam
836 1232 852 1250 a
864 1221 1015 1259 principio
1025 1221 1182 1250 translatio
1195 1227 1239 1250 est
1249 1238 1291 1243 —-
1303 1221 1416 1250 refellit
1428 1222 1505 1251 enim
1518 1233 1578 1250 —:

143 1271 174 1300 in
195 1272 252 1302 fine
266 1283 337 1302 vero
352 1272 527 1312 negotialis,
550 1282 667 1312 aequum
684 1272 761 1301 enim
787 1272 862 1301 dicit
878 1277 908 1301 et
924 1272 1009 1307 utile,
1027 1272 1210 1302 Alcibiadem
1228 1272 1367 1311 relegari.

199 1418 232 1454 l.
263 1416 358 1453 Non
386 1428 488 1453 nunc
508 1415 644 1460 solum,
672 1416 709 1453 in
735 1415 807 1452 hac
827 1428 942 1465 quam
963 1427 1046 1452 cum
1070 1414 1230 1451 maxime
1249 1415 1438 1465 agitamus
1465 1427 1582 1452 causa

144 1478 271 1523 didici,
301 1491 378 1516 rem
409 1478 602 1529 publicam
628 1478 813 1527 attingere
844 1490 958 1528 quam
986 1477 1036 1514 sit
1057 1490 1196 1527 anceps
1221 1484 1259 1514 et
1292 1475 1423 1521 fallax,
1451 1490 1582 1514 verum

146 1539 261 1577 etiam
299 1539 444 1576 dudum
480 1545 582 1584 ante,
612 1552 723 1588 quam
759 1546 905 1589 partem
940 1538 1056 1575 ullam
1091 1538 1179 1589 reip.
1220 1538 1459 1576 tractandam
1494 1537 1584 1575 mihi

146 1615 349 1649 sumerem,
370 1614 447 1638 rem
469 1601 566 1639 hanc
583 1601 673 1639 duxi
691 1614 775 1639 esse
794 1601 1035 1652 perarduam.
1091 1601 1361 1639 Verumtamen
1382 1601 1473 1638 boni
1491 1601 1583 1638 civis

145 1670 260 1714 atque
285 1663 392 1701 fortis
420 1663 494 1701 hoc
527 1670 682 1701 autumo
709 1676 804 1709 esse,
829 1670 871 1699 ut
899 1670 1015 1714 caput
1041 1662 1216 1713 periculis
1242 1675 1311 1713 pro
1340 1662 1585 1700 multitudine

147 1725 313 1776 objicere
333 1725 384 1762 nil
414 1725 575 1771 dubitet,
600 1738 724 1775 neque
746 1731 847 1762 metu
868 1725 1097 1776 privatarum
1126 1725 1358 1763 simultatum
1381 1724 1584 1763 amandata

148 1787 243 1836 reip.
262 1800 354 1824 eura
372 1787 410 1823 in
431 1787 550 1824 otium
581 1787 760 1825 secedat:
790 1800 857 1838 per
877 1800 940 1824 eos
961 1786 1075 1832 enim,
1109 1788 1174 1835 qui
1194 1800 1318 1824 rerum
1344 1786 1586 1825 solummodo

149 1859 301 1885 suarum
332 1847 562 1898 privatarum
597 1854 789 1898 satagunt,
824 1848 995 1886 civitates
1021 1848 1138 1886 nihilo
1160 1847 1255 1885 fiunt
1275 1861 1395 1898 neque
1416 1848 1585 1899 splendi-

149 1908 274 1947 diores
293 1922 415 1959 neque
431 1909 714 1960 opulentiores;
745 1909 898 1960 publica
923 1923 1011 1947 vero
1032 1910 1183 1961 negotia
1201 1910 1265 1960 qui
1285 1909 1587 1948 administranda

151 1977 375 2020 capessunt,
413 1970 470 2007 his
505 1970 676 2007 civitates
714 1970 948 2008 incrementa
992 1983 1063 2008 sua
1103 1971 1390 2021 libertatemque
1429 1970 1586 2008 debent.

150 2030 321 2074 Quorum
342 2043 414 2081 ego
444 2030 602 2068 studens
627 2031 666 2067 in
687 2043 843 2068 numero
861 2032 991 2068 haberi
1009 2033 1194 2069 bonorum
1212 2031 1387 2075 virorum,
1409 2032 1587 2081 gravissi-

149 2105 212 2130 ma
240 2092 356 2130 incidi
392 2092 430 2130 in
467 2092 711 2134 discrimina3
742 2105 873 2142 aequos
909 2099 1036 2130 tamen
1069 2100 1183 2140 atque
1219 2092 1426 2130 benevolos
1455 2092 1486 2130 si
1519 2106 1587 2131 vos

148 2160 284 2192 nactus
304 2154 413 2192 fuero
428 2154 596 2205 judiees,
627 2154 679 2191 nil
707 2161 889 2200 metuam,
922 2154 989 2192 sed
1019 2154 1208 2192 confidam
1228 2161 1332 2191 certo
1358 2154 1526 2191 futurum
1547 2162 1589 2193 ut

150 2229 199 2254 ex
219 2215 333 2267 hujus
348 2215 482 2265 judicii
502 2215 716 2253 discrimine
746 2215 872 2253 salvus
893 2228 937 2253 ac
957 2228 1089 2266 sospes
1110 2215 1320 2260 discedam,
1350 2215 1501 2254 tametsi
1524 2229 1588 2254 ca-

149 2277 303 2315 lumniis
322 2276 561 2315 inimicorum
580 2284 619 2315 et
636 2276 883 2328 plurimorum
902 2284 939 2315 et
959 2276 1234 2315 teterrimorum
1256 2278 1440 2328 exagitet.
1495 2277 1589 2329 Agi-

148 2346 210 2377 tur
223 2339 352 2389 itaque
371 2337 445 2376 hoc
463 2339 567 2389 quod
581 2338 672 2376 mihi
687 2352 788 2392 nunc
802 2339 1023 2377 certandum
1038 2346 1098 2377 est
1111 2340 1331 2387 certamine,
1346 2352 1420 2378 non
1436 2352 1590 2385 corona,

150 2401 219 2439 sed
238 2400 326 2447 hoc,
346 2406 470 2437 utrum
490 2400 609 2451 patria
629 2413 694 2450 per
713 2400 939 2439 decennium
960 2402 1168 2439 carendum
1198 2401 1289 2439 mihi
1322 2402 1384 2448 sit,
1415 2415 1486 2440 nec
1513 2416 1560 2440 ne
1577 2416 1587 2446 ;

149 2463 360 2514 comparati
383 2474 531 2500 mecum
551 2469 640 2500 sunt
657 2462 730 2501 hoc
749 2464 787 2500 in
808 2463 1014 2501 certamine
1035 2463 1165 2502 Nicias
1194 2471 1234 2502 et
1255 2465 1474 2503 Alcibiades
1491 2478 1499 2503 ε
1521 2478 1589 2502 no·

151 2533 270 2564 strum
298 2539 401 2577 ergo,
429 2526 646 2577 quicunque
676 2526 707 2564 is
734 2527 817 2572 erit,
844 2540 963 2564 unum
991 2526 1157 2578 aliquem
1181 2540 1339 2566 necesse
1360 2534 1419 2565 est
1437 2528 1510 2565 hoc
1531 2528 1588 2564 in-

152 2588 314 2626 fortunio
340 2588 453 2626 feriri.

204 2653 242 2688 2.
270 2652 411 2703 Legem
430 2651 530 2691 hanc
543 2652 777 2691 testulariam
791 2653 918 2692 facere
931 2667 1006 2692 non
1021 2667 1176 2705 possum
1192 2653 1283 2705 quin
1299 2654 1587 2704 reprehendam,

154 2725 242 2762 quae
260 2713 409 2763 utrique
423 2714 675 2766 jurijurando,
697 2724 783 2753 cum
802 2715 855 2753 illi
875 2715 977 2763 quod
997 2715 1147 2761 civium,
1182 2722 1261 2751 turn
1281 2714 1341 2751 isti
1360 2714 1464 2764 quod
1484 2728 1591 2753 seua-

152 2781 277 2811 torum
306 2775 508 2825 unicuique
539 2776 744 2815 dicendum
777 2784 848 2824 est,
885 2777 1071 2815 contraria
1101 2775 1296 2814 sanxerit:
1326 2776 1377 2814 ibi
1407 2776 1519 2823 enim,
1552 2778 1589 2814 in

151 2833 227 2873 illis
247 2847 343 2885 quas
362 2838 652 2876 commemoravi
665 2838 913 2890 jurisjurandi
932 2838 1116 2882 formulis,
1146 2837 1354 2888 spondetis,
1379 2851 1445 2876 vos
1464 2852 1588 2890 neque

151 2896 303 2935 civitate
332 2896 467 2934 civium
493 2910 708 2948 quenquam
735 2913 820 2938 esse
845 2900 1157 2938 exterminaturos
1177 2912 1298 2950 neque
1318 2899 1353 2937 in
1374 2901 1588 2939 custodiam
