1822 3219
529 108 751 147 CONTRA
783 107 1118 146 AGORATUM.
1465 108 1536 143 ‘241

97 216 281 260 edidisse,
298 213 430 252 nullus
441 214 573 251 dubito
588 214 676 263 quin
696 213 776 263 ipse
797 223 866 250 suo
885 212 934 249 sit
953 224 1017 248 ore
1037 211 1282 249 confessurus
1299 224 1309 250 ι
1331 212 1387 261 sin
1401 212 1542 256 minus,

93 276 254 328 perinde
283 274 500 313 convictum
528 273 646 311 caedis
686 286 775 310 eum
805 272 920 317 dabo,
950 283 994 309 ac
1024 271 1055 308 si
1080 271 1163 320 ipso
1182 271 1219 307 in
1239 272 1383 310 scelere
1410 272 1544 310 fuisset

95 336 370 387 deprehensus.
427 334 638 383 Responde
658 333 759 370 mihi.

151 398 190 433 7.
219 395 413 433 Volebant
431 394 601 443 quidam,
626 406 648 430 ο
662 393 830 442 judices,
850 393 975 430 adhuc
999 392 1162 442 plurium
1182 392 1336 428 nomina
1355 393 1402 429 ab
1423 405 1468 430 eo
1485 392 1543 428 in-

97 455 240 494 dicari:
270 462 348 492 tam
379 465 482 491 saevo
511 453 637 490 furore
659 454 795 490 ruebat
825 452 890 489 ille
919 458 1074 490 senatus
1104 452 1153 489 ad
1184 452 1318 488 noxias
1349 458 1389 488 et
1414 458 1543 501 pestes

97 515 280 559 dandum,
297 521 338 551 ut
357 526 434 550 non
452 519 511 550 sat
528 513 668 549 multos
689 513 882 549 indicasse
902 513 1103 550 videbatur
1119 513 1334 562 Agoratus:
1353 512 1433 561 qui,
1454 525 1542 548 cum

96 577 240 626 priores
259 575 346 611 illos
366 573 482 619 ultro,
501 573 610 610 nulla
630 580 786 610 coactus
806 573 1052 616 necessitate,
1072 572 1294 616 indicasset,
1313 572 1374 609 isti
1404 571 1543 609 indicio

96 635 338 687 postmodum
352 633 480 672 adhuc
498 634 658 670 aliorum
674 632 837 682 plurium
856 632 996 669 civium
1015 632 1169 669 nomina
1183 631 1345 669 addidit.
1401 632 1543 668 Verum

95 709 145 734 ne
161 697 233 733 hoc
252 695 408 745 quidem
428 693 520 731 satis
539 693 748 737 habebant,
769 692 872 741 quod
892 691 1086 741 Agoratus
1106 692 1144 728 in
1165 698 1302 729 senatu
1322 691 1544 735 indicasset,

95 756 163 794 sed
183 768 336 805 operam
356 753 512 799 dabant,
533 759 575 790 ut
600 754 640 790 in
666 751 852 790 concione
873 764 1040 802 quoque,
1073 752 1285 789 secundum
1305 751 1391 789 haec
1420 751 1458 788 in
1483 764 1543 788 se-

96 823 190 854 natu
209 822 309 861 aeta,
334 815 454 865 prima
473 814 510 851 in
531 814 678 851 theatro
712 812 984 864 Munychiensi
1012 812 1203 857 habenda,
1234 813 1393 862 strategi
1419 812 1547 849 saltim

96 882 136 914 et
155 875 341 914 taxi-archi
374 874 798 912 indicarentur—nam
818 873 866 910 de
890 872 1043 922 reliquis
1063 872 1208 911 factum
1236 871 1275 908 in
1297 878 1433 909 senatu
1447 871 1547 908 indi-

96 937 198 975 cium
218 935 394 973 sufficere
414 935 617 972 videbatur
632 956 679 962 —
700 947 710 977 ;
739 933 959 984 producunt
977 933 1107 982 itaque
1127 933 1342 982 Agoratum
1363 932 1477 969 etiam
1507 930 1546 967 in

97 997 203 1034 illam
230 1009 350 1045 quam
382 996 470 1033 dieo
503 994 743 1033 concionem.
807 993 1030 1043 Responde,
1061 993 1246 1042 Agorate,
1278 1005 1368 1029 vera
1394 991 1545 1040 loquor,

99 1069 171 1094 nec
200 1055 275 1093 ne?
305 1056 394 1093 Non
414 1056 514 1093 enim
533 1056 668 1105 opinor
687 1062 724 1091 te
755 1067 801 1091 ea
821 1053 966 1091 inficias
986 1053 1127 1090 iturum
1157 1065 1244 1103 quae
1269 1064 1398 1089 eoram
1425 1051 1545 1088 Athe-

97 1116 284 1154 niensium
304 1116 482 1154 universo
501 1115 644 1166 populo
668 1114 705 1151 in
727 1115 955 1153 concionem
981 1125 1189 1164 congresso
1210 1111 1349 1150 fecisti.

603 1215 1037 1253 INTERROGATIO.

101 1296 242 1333 Verum
265 1295 470 1332 confitetur
499 1294 595 1344 ipse,
627 1300 670 1330 ut
698 1293 867 1331 cernitis.
924 1293 976 1329 At
1009 1303 1082 1341 ego
1113 1289 1229 1327 nihilo
1258 1289 1384 1326 minus
1418 1294 1546 1326 tamen

97 1356 232 1393 scribae
250 1354 444 1392 mandabo
464 1360 507 1391 ut
525 1353 656 1404 populi
676 1365 828 1403 quoque
843 1352 1000 1389 decreta
1017 1351 1124 1389 vobis
1145 1349 1344 1400 praelegat.

666 1456 987 1495 DECRETUM.

83 1548 85 1550 ·
150 1538 192 1573 8.
221 1536 355 1574 Certos
380 1539 459 1587 jam
479 1536 632 1574 confido
651 1548 720 1573 vos
738 1547 837 1580 esse,
868 1535 1080 1584 Agoratum
1107 1533 1210 1570 hune
1230 1532 1423 1582 geminum
1442 1530 1547 1567 illurn

96 1596 263 1634 indicem
281 1597 463 1641 edidisse,
490 1605 568 1634 tam
588 1597 752 1647 priorem
773 1595 810 1632 in
831 1603 965 1632 senatu
986 1606 1101 1643 quam
1133 1593 1379 1644 posteriorem
1401 1592 1438 1629 in
1457 1604 1548 1630 con·

99 1656 223 1701 cione‚
258 1669 383 1705 eoque
414 1656 599 1693 latronem
621 1662 660 1693 et
689 1654 866 1692 sicarium
887 1667 972 1691 esse
993 1654 1138 1691 sactum
1170 1665 1299 1689 eorum
1324 1664 1421 1702 quos
1438 1651 1550 1688 detu-

98 1715 217 1753 lerat:
247 1723 423 1766 superest
462 1724 506 1754 ut
535 1716 765 1754 brevissimis
796 1729 865 1753 vos
898 1715 1073 1759 doceam,
1106 1714 1348 1751 funestorum
1379 1713 1549 1751 omnium

100 1782 313 1826 temporum
334 1790 422 1826 quae
448 1789 566 1826 remp.
595 1777 842 1826 postmodum
867 1781 1103 1825 exceperunt
1126 1775 1230 1811 hunc
1259 1775 1474 1823 Agoratum
1495 1785 1552 1809 ar·

98 1836 305 1874 chitectum
338 1837 457 1874 fuisse
487 1850 613 1886 eoque
642 1836 843 1886 indignum
875 1843 1003 1873 vestra
1033 1835 1361 1873 commiseratione
1388 1834 1547 1870 factum.

101 1897 158 1934 Ut
188 1898 286 1935 enirn
319 1898 373 1935 ilii
402 1898 467 1934 viri
496 1898 612 1935 fortes
641 1898 679 1934 in
710 1898 862 1934 vincula
896 1897 975 1934 dati
1003 1904 1125 1941 erant,
1157 1895 1356 1946 Lysander
1382 1893 1550 1931 classem

101 1957 329 2007 Spartanam
343 1958 392 1994 ad
409 1964 538 2008 portus
552 1964 700 1994 vestros
715 1957 943 2006 appellebat,
959 1956 1090 1994 classis
1107 1963 1234 1992 vestra
1250 1954 1552 1991 Lacedaemoniis

100 2018 333 2063 tradebatur,
371 2025 408 2054 et
428 2018 568 2054 moenia
597 2017 679 2054 solo
701 2018 968 2065 aequabantur,
1002 2023 1041 2052 et
1058 2015 1386 2063 Trigintatyranni
1406 2013 1553 2050 consti-

100 2079 319 2122 tuebantur,
340 2077 556 2126 malumque
575 2077 670 2113 illud
690 2081 851 2121 tantum,
873 2075 921 2112 de
941 2087 1018 2124 quo
1039 2073 1149 2111 nimis
1170 2086 1311 2124 gnaros
1332 2085 1552 2110 commone-

100 2137 227 2175 facere
263 2137 314 2174 nil
355 2137 505 2182 attinet,
543 2137 798 2174 conflabatur.
867 2135 922 2173 Ut
958 2135 1122 2185 primum
1158 2134 1274 2184 igitur
1310 2133 1554 2185 Trigintaviri

100 2204 210 2235 erant
232 2197 408 2242 instituti,
440 2203 640 2247 coeperunt
660 2196 848 2246 judicium
869 2195 1031 2245 capitale
1051 2195 1089 2231 in
1109 2194 1194 2231 illos
1224 2206 1322 2244 quos
1343 2194 1422 2231 dixi
1448 2194 1549 2231 viros

99 2258 218 2294 fortes
251 2258 299 2294 ab
331 2258 500 2307 Agorato
533 2257 679 2294 delatos
712 2257 750 2293 in
782 2255 889 2293 curia
923 2267 1123 2292 exercere:
1152 2254 1318 2307 populus
1350 2261 1477 2291 autem
1510 2254 1549 2290 in

99 2317 290 2359 tribunali,
304 2331 370 2368 per
383 2318 439 2355 bis
456 2317 561 2354 mille
576 2317 738 2354 virorum
754 2328 957 2366 personam
973 2314 1102 2365 populi
1123 2315 1351 2364 gerentium,
1369 2314 1550 2364 suffragia

100 2377 384 2428 pronuntiabat,
422 2377 633 2414 seeundum
665 2376 864 2414 decretum
897 2388 944 2413 ea
974 2375 1021 2412 de
1056 2387 1094 2412 re
1127 2374 1336 2426 scr1ptum;
1366 2374 1468 2425 quod
1505 2380 1547 2410 tu

101 2437 205 2482 mihi,
226 2437 363 2484 scriba,
382 2437 571 2475 recitabis.

663 2532 979 2570 DECRETUM.

103 2612 273 2652 Judicati
291 2616 323 2653 si
341 2621 529 2666 nusquam
545 2615 632 2654 alibi
648 2629 764 2666 quam
780 2618 817 2653 in
831 2616 912 2653 foro
927 2617 1060 2667 populi
1077 2616 1234 2666 ejusque
1249 2614 1356 2651 liberi
1371 2614 1547 2660 fuissent,

105 2673 251 2711 nullum
271 2683 332 2712 est
349 2676 520 2722 dubium,
548 2676 639 2728 quin
670 2677 835 2715 absoluti
856 2677 1049 2715 abissent:
1080 2676 1223 2712 noratis
1253 2674 1353 2712 enim
1385 2674 1469 2711 illos
1488 2675 1546 2711 in-

103 2739 232 2771 sontes
263 2747 371 2773 esse:
399 2749 526 2774 verum
556 2739 637 2784 jam
672 2737 841 2782 tandem,
879 2748 1098 2787 quanquam
1128 2747 1226 2780 sero,
1248 2734 1548 2786 'intelligebatis‚

106 2805 224 2842 quam
243 2793 420 2833 luctuosa
444 2795 486 2832 >in
507 2802 679 2847 tempora
706 2810 805 2848 resp.
826 2797 1036 2843 incidisset,
1055 2807 1172 2845 quum
1197 2794 1341 2833 mederi
1360 2795 1460 2832 :nalo
1468 2795 1548 2845 jam

788 2859 814 2895 2
834 2869 849 2893 1
