1822 3219
247 138 298 175 66
778 136 1155 176 ANTIPHONTIS

244 238 381 276 horum
409 237 693 276 criminationes
713 237 871 276 diluam.
931 235 1049 276 Hunc
1078 238 1178 276 enim
1204 235 1523 288 agendi.modum
1544 241 1709 274 autumo

246 311 335 336 cum
355 297 447 335 mihi
477 298 599 336 decus
620 306 734 349 atque
755 299 934 345 salutem,
953 306 1034 336 tum
1057 298 1229 343 inimicis,
1250 309 1412 348 quorum
1432 295 1647 347 petulantia
1665 300 1707 333 et

245 359 462 397 immanitas
478 360 679 397 vexatione
701 360 772 397 mei
787 351 1017 405 delectatur,
1037 360 1284 410 ignominiam
1299 365 1415 408 atque
1429 358 1606 395 ruborem
1618 368 1708 395 esse

246 420 474 458 allaturum:
506 428 545 458 et
566 421 740 471 profecto
756 421 916 472 indigna
928 428 1042 471 atque
1059 421 1218 459 infanda
1235 419 1328 458 mihi
1349 420 1397 457 ab
1418 418 1477 456 his
1493 417 1624 457 oblata
1643 422 1706 455 est

246 481 394 529 injuria.
453 482 616 527 Quibus,
631 482 833 520 honestate
854 483 976 528 salva,
989 483 1144 527 licebat,
1163 483 1194 519 si
1206 481 1298 532 quid
1312 492 1400 531 ego,
1415 479 1535 518 autin
1547 479 1704 517 edendo

245 555 400 580 munere
420 550 487 580 aut
506 542 580 580 alio
601 543 781 593 quopiam
805 543 892 581 loco
908 544 943 580 in
967 543 1242 594 rempublicam
1264 542 1528 590 deliquissem,
1547 540 1587 578 id
1602 540 1705 578 indi-

244 616 331 641 care
353 611 467 654 atque
488 616 711 654 coarguere,
725 604 826 651 quod
844 606 1031 643 facientes
1052 617 1129 642 una
1149 604 1419 651 hominemque
1435 603 1506 640 sibi
1522 602 1705 640 infestum

245 672 378 703 essent
400 665 468 702 ulti
487 672 526 702 et
543 665 591 702 de
612 666 806 716 republica
827 667 925 703 bene
939 666 1082 709 meriti;
1114 665 1153 703 hi
1173 666 1220 702 ab
1233 665 1306 703 hac
1321 665 1381 701 via
1400 664 1474 701 mei
1489 663 1708 703 insectandi

245 739 330 764 sese
361 727 464 764 cauti
495 727 775 772 abstinuerunt,
809 734 1009 765 cernentes
1042 727 1111 764 sibi
1143 734 1340 777 negatum,
1371 733 1415 762 ut
1444 725 1560 762 ullam
1576 737 1616 762 ·a
1641 737 1705 762 me

245 788 386 826 factam
406 789 627 839 reipublicae
652 790 844 842 injuriam,
865 790 944 827 sive
966 802 1145 840 magnam
1168 790 1246 826 sive
1266 801 1437 840 parvam,
1457 788 1706 826 demonstra-

243 856 351 892 rent;
382 849 445 887 hic
477 857 607 888 autem
641 851 790 888 actione
820 850 1014 888 homicidii
1046 863 1106 888 me
1139 850 1353 894 incessunt,
1371 861 1448 898 quo
1477 848 1515 886 in
1546 848 1704 899 negotio

241 922 426 960 perquam
446 918 484 948 et
504 910 739 948 illiberaliter
760 917 798 948 et
811 924 833 948 a
854 911 1064 961 morejuris
1077 910 1198 948 civilis
1211 909 1461 947 abhorrenter
1475 914 1702 947 versantur:

242 971 329 1021 lege
350 972 543 1017 edicente,
566 979 608 1009 ut
627 979 830 1010 accusator
850 972 956 1009 aliud
982 971 1089 1017 nihil,
1107 984 1222 1022 quam
1245 971 1370 1021 ipsum
1387 971 1533 1008 crimen
1552 969 1602 1008 de
1626 981 1704 1021 quo

243 1033 382 1082 agitur,
403 1040 556 1084 arguat,
578 1034 617 1070 hi
637 1034 872 1071 accusationi
894 1046 975 1070 suae
994 1033 1275 1071 commentitias
1303 1033 1435 1071 nescio
1461 1039 1559 1083 quas
1579 1039 1619 1070 et
1636 1032 1705 1070 fri-

239 1095 347 1132 volas
379 1095 598 1133 immiscent
629 1095 922 1145 praetensiones,
947 1095 1083 1144 quibus
1117 1107 1222 1132 meas
1253 1094 1291 1131 in
1312 1094 1511 1145 republica
1539 1093 1706 1132 admini-

239 1156 398 1194 stranda
410 1163 540 1206 partes
555 1156 783 1193 infamatum
802 1163 906 1195 eunt.
964 1156 1054 1199 Quo
1076 1156 1129 1194 rei
1148 1155 1317 1206 publicae
1332 1153 1704 1205 quidem‚querendi

237 1216 366 1254 locum
387 1217 660 1268 relinquentes,
679 1217 835 1254 ultionis
857 1217 1008 1268 copiam
1031 1217 1210 1268 eripiunt,
1226 1217 1297 1267 ipsi
1317 1223 1444 1255 autem
1465 1216 1704 1267 injuriarum,

245 1290 342 1327 quas
363 1278 457 1329 reip.
471 1279 621 1316 oblatas
641 1278 760 1324 aiunt,
775 1291 909 1329 poenas
932 1285 1150 1329 repetentes
1170 1277 1377 1315 ditescunt.
1434 1277 1556 1328 Atqui
1576 1290 1705 1328 neque

239 1339 315 1376 fide
346 1352 474 1390 neque
502 1340 711 1390 gratiarum
745 1340 896 1378 actione
926 1340 1056 1390 dignae
1082 1347 1172 1377 sunt
1197 1339 1388 1390 ejusmodi
1415 1339 1701 1378 accusationes.

239 1400 354 1446 Nam,
389 1401 451 1437 ubi
473 1401 619 1438 fructus
650 1413 698 1438 ex
719 1401 864 1438 ultione
891 1401 1112 1451 injuriarum
1134 1401 1226 1451 reip.
1247 1400 1464 1438 oblatarum
1497 1399 1546 1438 ad
1579 1400 1705 1451 ipsam

238 1468 475 1511 remp.esset
501 1468 770 1512 perventurus,
797 1462 847 1498 ibi
871 1467 1026 1504 tacent3
1059 1473 1136 1511 quo
1155 1461 1242 1499 loco
1268 1460 1299 1498 si
1320 1460 1581 1511 loquerentur,
1608 1460 1704 1512 reip.

239 1522 400 1571 gratiam
424 1521 555 1571 utique
585 1530 850 1565 mererentur;
884 1531 963 1567 aut,
985 1522 1213 1560 transmisso
1240 1529 1468 1572 argumento
1494 1521 1703 1572 praecipuo‚

239 1584 343 1633 quod
359 1584 491 1621 titulus
512 1585 712 1630 mentitur,
728 1584 765 1621 in
787 1597 846 1622 res
867 1586 893 1622 a'
909 1584 1150 1635 professione
1172 1597 1254 1621 suae
1267 1583 1527 1622 accusationis
1545 1583 1711 1622 alienis-·

238 1645 353 1682 simas
386 1652 624 1696 evagantur:
656 1646 760 1696 atqui
789 1646 825 1682 in
847 1645 1033 1696 ejusmodi
1067 1658 1198 1690 causa,
1229 1645 1295 1696 qui
1327 1645 1402 1683 alia
1426 1652 1700 1683 accusaturum

235 1705 451 1755 professus,
471 1705 546 1742 alia
571 1719 707 1756 reapse
729 1713 902 1750 accuset,
928 1705 1081 1756 dignior
1102 1705 1132 1742 is
1158 1713 1230 1750 est,
1258 1705 1320 1741 cui
1349 1704 1446 1742 fides
1471 1705 1711 1756 denegetur,

236 1778 350 1816 quam
370 1767 431 1803 cui
449 1766 648 1803 habeatur.
699 1766 783 1816 Ego
800 1779 890 1804 vero
907 1767 937 1803 si
958 1767 1106 1804 animos
1121 1773 1267 1804 vestros
1289 1766 1382 1803 satis
1401 1766 1504 1811 novi,
1518 1766 1711 1804 videmini

236 1826 328 1864 mihi
344 1827 380 1863 in
397 1826 658 1877 dicendojure
675 1827 766 1864 nihil
780 1827 1025 1875 aliud‚quam
1041 1835 1215 1865 naturam
1228 1827 1349 1878 ipsius
1362 1828 1704 1876 causae,vsecuturi,

236 1894 274 1924 et
293 1893 407 1934 prout
428 1886 676 1937 illajusserit‚
699 1894 767 1924 aut
788 1887 1000 1925 absoluturi
1020 1895 1086 1925 aut
1105 1888 1411 1926 condemnaturi.
1444 1923 1447 1925 .

291 1949 327 1984 3.
359 1947 603 1985 Constitutus
624 1948 816 1998 choregus
837 1949 1066 1986 instantibus
1088 1949 1322 1999 Thargeliis,
1336 1955 1476 2000 praeter
1491 1961 1618 1988 meam
1635 1949 1705 1989 tri-

235 2010 341 2054 bum,
358 2022 445 2060 quae
462 2017 521 2047 est
538 2009 778 2054 Erechtheis,
794 2011 909 2048 etiam
930 2010 1185 2061 Cecropidem
1202 2023 1280 2048 una
1293 2023 1381 2048 cum
1397 2011 1582 2062 magistro
1596 2011 1710 2050 Pan-2

235 2070 336 2108 tacle
352 2071 485 2109 sortito
500 2071 756 2122 accipiebam;
788 2071 977 2110 faciebam
992 2078 1181 2123 sumptus,
1193 2071 1382 2123 fungebar
1397 2085 1568 2118 munere,
1582 2085 1706 2120 quam>

233 2139 406 2182 poteram
428 2133 571 2183 optime
592 2140 710 2183 atque
729 2133 1028 2183 religiosissime.
1087 2134 1185 2176 Quae
1201 2146 1291 2184 pars
1313 2146 1482 2172 mearum
1502 2133 1645 2171 aedium
1666 2134 1701 2172 ei

234 2193 288 2230 rei
309 2193 508 2231 videbatur
529 2194 945 2239 accommodatissima,
959 2207 1044 2231 eam
1065 2193 1340 2232 consecrabam
1360 2193 1700 2232 exercitationibus

233 2253 414 2300 saltandi,
429 2260 480 2299 et,
493 2260 536 2290 ut
551 2254 795 2304 ibijuventus
812 2254 942 2292 doceri
959 2261 1107 2304 posset,
1119 2254 1315 2292 tridinium
1331 2255 1581 2306 apparabam,
1595 2255 1699 2294 idem

233 2314 344 2361 illud,
364 2316 403 2353 in
426 2329 503 2364 quo
523 2316 771 2354 erudiendam
786 2317 1030 2367 juventutem
1046 2318 1126 2368 jam
1147 2325 1260 2356 antea
1280 2331 1434 2369 quoque
1455 2331 1706 2366 curaveram,-

230 2375 441 2426 choregatu
465 2376 503 2413 in
524 2376 719 2428 Dionysiis
740 2376 932 2428 fungens:
960 2377 1102 2416 deinde
1121 2378 1279 2416 chorum
1300 2379 1531 2430 colligebam
1550 2386 1700 2431 quanta

230 2442 402 2487 poteram
426 2438 592 2474 maxima
623 2438 818 2483 civilitate,
840 2439 1029 2476 neminem
1055 2440 1277 2490 pecuniaria
1297 2440 1443 2478 mulcta
1468 2439 1651 2488 afficiens,
1673 2454 1697 2480 a

233 2497 383 2535 nemine
398 2498 559 2548 pignora
575 2511 642 2549 per
657 2499 732 2535 vim
749 2498 954 2545 aufferens,
967 2513 1053 2537 cum
1070 2501 1222 2538 nemine
1240 2501 1454 2539 simultates
1467 2500 1697 2552 suscipiens,

233 2559 301 2596 sed
325 2559 377 2596 ita
393 2560 605 2610 agebantur
621 2560 760 2605 omnia,
778 2568 894 2610 prout
914 2561 1066 2611 utrique
1087 2562 1185 2611 parti
1204 2568 1244 2599 et
1263 2561 1572 2612 acceptissimum
1588 2569 1628 2600 et
1641 2562 1698 2601 fa-

232 2626 296 2657 ctu
321 2628 426 2658 esset
453 2621 796 2672 expeditissimum3
828 2622 959 2658 citanti
979 2622 1067 2659 mihi
1093 2629 1210 2670 atque
1237 2623 1499 2673 praescribenti
1515 2629 1693 2673 parentes

230 2680 369 2718 liberos
392 2683 608 2728 mittebant,
626 2682 800 2720 volentes
816 2689 930 2732 atque
951 2683 1141 2721 lubentes.
1178 2684 1258 2721 Sed
1277 2683 1463 2722 interesse
1480 2684 1697 2735 disciplinae

230 2753 434 2791 puerorum
468 2757 534 2794 per
563 2744 719 2794 negotia
745 2743 833 2780 mihi
865 2756 941 2781 non
973 2744 1126 2789 licebat,
1149 2744 1297 2782 intento
1329 2745 1472 2782 actioni
1499 2745 1697 2784 adversus.

230 2800 468 2840 Aristionern
489 2811 603 2855 atque
623 2804 815 2842 Philinum
839 2812 1047 2855 occoeptae:
1079 2818 1176 2855 quos
1200 2805 1375 2844 homines
1405 2806 1585 2854 quoniam
1615 2819 1686 2857 pu-

226 2861 326 2900 blice
346 2875 560 2914 receperam
584 2866 785 2915 peculatus
806 2878 892 2904 reos
915 2865 1128 2912 faciendos,
1148 2867 1347 2918 permagni
1370 2880 1455 2906 mea
1480 2868 1705 2914 referebat„
