1822 3219
543 100 769 138 CONTRA
801 99 1154 137 ANDOCIDEM.
1512 102 1578 137 131

127 217 199 243 suo
220 204 375 242 nomine
394 217 462 255 per
480 205 629 242 dierum
650 205 834 242 festorum
864 202 1189 253 opportunitatem
1211 202 1360 248 offerre,
1382 203 1461 240 sive
1481 204 1585 253 quod

125 265 372 304 solummodo
403 278 597 304 sacrarum
627 264 942 303 caeremoniarum
970 263 1201 315 spectaculis
1233 263 1418 311 interesse
1450 263 1586 303 decre-

126 326 298 365 vissent?
345 328 533 365 Auctores
553 327 653 364 enim
673 323 886 364 facinorum
905 326 982 363 sive
999 325 1047 362 ad
1069 324 1224 362 laudem
1248 323 1325 361 sive
1344 325 1392 362 ad
1414 325 1586 365 dedecus

125 388 335 439 insignium
349 400 508 426 necesse
523 401 611 425 cum
630 389 680 425 sit
698 389 746 425 ab
766 387 810 424 iis
830 386 1093 431 inclarescere,
1108 398 1185 423 non
1206 384 1404 436 patiuntur
1425 388 1585 432 scelera,

125 451 263 501 quibus
284 449 502 487 Andocides
533 450 692 487 numina
719 449 877 487 deorum
900 448 1067 493 violavit,
1087 460 1172 485 eum
1194 447 1373 497 cuiquam
1396 448 1473 485 sive
1494 449 1587 487 foris

127 512 207 549 sive
226 510 329 548 domi
348 510 522 561 ignotum
540 523 640 548 esse.
699 510 845 548 Multos
862 517 1050 561 praeterea
1069 522 1222 560 quoque
1241 509 1405 559 populos
1426 509 1463 546 in
1484 523 1587 548 erro-

127 573 230 610 ribus
257 571 322 609 ille
349 571 427 608 suis
447 571 668 621 exagitavit,
691 571 868 617 Siciliam,
889 570 1055 616 Italiam,
1078 570 1402 621 Peloponnesum,
1422 570 1588 610 Thessa-

124 634 226 677 liam,
259 633 574 683 Hellespontum,
603 633 763 678 loniam,
784 633 958 684 Cyprum
990 632 1222 685 concitavit:
1266 633 1420 683 regibus
1453 633 1585 671 multis

124 694 318 733 blanditus
348 701 419 740 est,
445 695 676 744 quibuscum
710 707 876 744 usquam
901 694 1073 732 locorum
1094 692 1406 743 congrederetur,
1429 702 1587 744 praeter·

122 768 236 806 quam
255 756 322 793 uni
343 756 586 806 Syracusano
609 756 813 807 Dionysio.
870 755 946 799 Qui
965 755 1135 793 omnium
1161 761 1228 791 aut
1257 754 1585 794 fortunatissimus

121 822 190 854 aut
215 816 488 854 callidissimus
508 823 582 859 est,
601 830 647 854 eo
675 817 780 867 quod
805 830 852 855 ex
871 816 1047 854 omnibus
1068 815 1282 853 Andocidis
1302 818 1585 856 consuetudine

120 877 201 915 usis
220 877 302 929 ipse
322 878 426 915 solus
447 879 495 916 ab
516 879 706 930 ejusmodi
727 878 951 916 circulatore
971 891 1048 915 non
1069 877 1325 928 deciperetur,
1339 878 1441 916 hanc
1461 886 1583 917 artem

121 947 337 986 exercente,
363 948 406 978 ut
438 940 599 978 inimicis
619 940 777 990 quidem
795 940 849 977 nil
870 939 1144 985 incommodet,
1165 939 1298 977 amicis
1318 946 1449 977 autem
1468 941 1587 979 malo-

122 1013 207 1037 rum
238 1001 306 1038 det
331 1014 447 1051 quam
480 1002 605 1051 possit
633 1001 853 1052 plurimum.
911 1001 1157 1052 Quapropter
1191 1000 1301 1038 facile
1336 1000 1443 1039 factu
1474 1003 1584 1040 vobis

123 1073 202 1098 non
222 1062 304 1109 erit,
324 1063 449 1113 siqua
477 1063 514 1100 in
536 1075 575 1100 re
595 1063 629 1100 ei
655 1076 722 1114 per
749 1063 911 1113 gratiam
929 1070 1062 1100 contra
1087 1063 1151 1113 jus
1178 1069 1217 1099 et
1244 1061 1304 1099 fas
1330 1063 1585 1110 conniveatis,

122 1129 166 1159 ut
193 1122 231 1160 id
253 1124 447 1161 occultum
469 1123 619 1161 Graecis
638 1131 808 1161 maneat.
866 1124 1010 1162 Facere
1033 1137 1126 1174 ergo
1146 1136 1224 1160 non
1256 1123 1441 1173 poteritis,
1462 1125 1584 1163 Athe-

119 1183 284 1229 nienses,
304 1185 410 1234 quin,
429 1185 502 1222 hoc
522 1185 570 1222 de
589 1185 745 1223 homine
768 1184 860 1235 quid
883 1185 1076 1230 statuatis,
1097 1184 1302 1234 diligenter
1321 1191 1434 1235 atque
1454 1199 1585 1224 severe

120 1244 339 1283 deliberetis
357 1259 366 1289 ;
398 1246 463 1296 qui
484 1247 602 1297 probe
623 1246 770 1289 noritis,
787 1253 973 1297 negatum
1001 1246 1074 1284 hoc
1094 1246 1202 1283 vobis
1223 1258 1322 1291 esse,
1344 1255 1387 1283 ut
1418 1260 1497 1284 una
1528 1247 1584 1285 le-

118 1318 264 1356 gesque
283 1307 427 1357 patrias
447 1314 487 1345 et
507 1307 754 1345 Andocidem
777 1308 973 1353 tueamini,
995 1307 1064 1345 sed
1084 1306 1311 1345 alterutrum
1340 1321 1425 1345 esse
1445 1315 1584 1359 optan-

118 1366 226 1412 dum,
245 1374 289 1404 ut
307 1374 374 1405 aut
394 1367 498 1418 leges
519 1368 706 1406 aboleatis
726 1376 794 1406 aut
812 1368 1004 1406 hominem
1025 1368 1128 1405 hunc.
1149 1367 1394 1406 amoliamini.

173 1429 210 1466 3.
242 1428 302 1466 Eo
331 1441 420 1466 vero
446 1442 674 1480 progressus
704 1437 762 1467 est
793 1430 980 1474 audaciae,
1001 1436 1044 1466 ut
1075 1429 1164 1475 aiat,
1184 1429 1220 1466 in
1248 1442 1288 1467 se
1315 1430 1435 1467 latam
1455 1431 1582 1482 legem

107 1488 192 1539 jam
213 1489 360 1527 dudum
380 1490 570 1528 sublatam
593 1504 679 1528 esse
701 1491 944 1541 sibiquejam
971 1491 1086 1528 licere
1109 1491 1233 1528 forum
1263 1498 1302 1529 et
1331 1492 1476 1542 templa
1508 1494 1582 1531 fre-

116 1559 303 1601 quentare
321 1552 404 1573 *³⁵⁶*
425 1553 540 1589 etiam
556 1566 658 1590 nunc
678 1553 973 1590 Atheniensium
995 1552 1031 1589 in
1048 1559 1200 1590 senatu.
1257 1553 1377 1602 Atqui
1393 1553 1581 1592 Periclem

116 1613 225 1650 aiunt
244 1613 453 1663 aliquando
475 1613 580 1650 vobis
601 1620 800 1650 auctorem
827 1613 985 1658 factum,
1006 1621 1048 1650 ut
1067 1613 1104 1650 in
1125 1612 1336 1663 sacrilegos
1358 1627 1433 1650 non
1456 1615 1581 1652 solum

115 1674 264 1725 legibus
294 1675 342 1712 de
370 1675 456 1725 jure
491 1674 591 1711 civili
621 1675 853 1725 perscriptis,
876 1676 944 1713 sed
970 1675 1045 1712 illis
1075 1688 1230 1725 quoque
1259 1676 1473 1721 uteremini,
1492 1690 1580 1727 quae

114 1736 232 1773 literis
258 1736 363 1773 haud
388 1737 624 1786 consignatae
652 1738 834 1775 custodes
860 1745 974 1788 atque
1004 1739 1232 1788 interpretes
1252 1737 1398 1776 habent
1418 1738 1580 1777 Eumol-

114 1797 226 1848 pidas
259 1797 307 1834 de
330 1797 416 1848 jure
447 1811 556 1835 sacro
590 1798 880 1837 consulentibus
910 1799 1204 1850 respondentes,
1225 1812 1321 1850 quas
1341 1799 1449 1850 leges
1471 1800 1519 1838 ad
1541 1801 1580 1839 id

113 1858 190 1897 diei
211 1859 402 1896 neminem
421 1872 594 1910 unquam
613 1860 780 1898 valuisse
796 1860 1014 1898 convellere
1034 1874 1158 1911 neque
1180 1873 1318 1898 ausum
1339 1874 1425 1899 esse
1444 1874 1580 1912 quem-

113 1932 229 1970 quam
250 1919 294 1957 iis
315 1920 512 1971 refragari,
530 1935 655 1972 neque
675 1928 849 1960 constare
871 1935 893 1959 a
909 1935 985 1972 quo
1006 1922 1192 1973 profectae
1214 1922 1301 1967 sint,
1319 1929 1396 1960 tam
1419 1923 1497 1960 alta
1513 1936 1579 1962 eas

112 1994 198 2019 esse
219 1982 445 2032 antiquitate
476 1983 741 2021 venerabiles:
773 1983 845 2020 hoc
875 1984 977 2020 enim
1007 1991 1121 2034 pacto
1154 1984 1323 2020 futurum
1356 1983 1426 2020 sibi
1448 1984 1579 2029 videri,

113 2050 154 2080 ut
175 2044 354 2093 sacrilegi
374 2057 507 2094 poenas
526 2044 620 2082 dent
639 2058 716 2081 non
736 2045 952 2083 hominibus
975 2045 1090 2082 modo
1113 2044 1180 2082 sed
1205 2044 1296 2095 ipsis
1315 2058 1468 2095 quoque
1490 2045 1577 2083 diis.

113 2105 258 2143 Verum
279 2104 502 2143 Andocides
523 2106 620 2144 adeo
641 2106 812 2157 deosque
833 2106 939 2157 parvi
961 2105 1054 2143 facit
1085 2118 1229 2155 eosque
1257 2106 1398 2156 quibus
1419 2105 1578 2144 manda-

113 2173 195 2204 tum
238 2173 300 2205 est
345 2167 571 2205 violatarum
605 2168 831 2218 religionum
861 2167 1046 2205 vindicias
1078 2166 1250 2218 exsequi,
1284 2172 1324 2204 ut
1353 2166 1578 2217 priusquam

113 2227 248 2266 decem
264 2228 353 2279 plus
369 2229 494 2266 minus
511 2229 592 2267 dies
613 2229 652 2266 in
672 2230 766 2267 urbe
782 2242 956 2280 reversus
975 2229 1023 2267 ab
1041 2228 1175 2266 exsilio
1194 2227 1402 2278 exegisset,
1417 2241 1577 2266 causam

112 2288 323 2339 impietatis
354 2288 404 2327 ad
433 2302 564 2339 regem
595 2302 792 2328 sacrorum
820 2290 1000 2337 deferret,
1022 2290 1252 2341 judicesque
1273 2296 1374 2327 sorte
1394 2289 1578 2328 constitui

112 2358 278 2395 curaret,
299 2351 474 2401 quamvis
507 2351 731 2389 Andocides
763 2358 881 2397 esset,
899 2351 974 2389 hoc
999 2358 1072 2395 est,
1101 2351 1131 2388 is
1164 2351 1228 2398 qui
1264 2350 1448 2389 adversus
1480 2350 1575 2388 deos

112 2418 193 2449 tam
222 2412 393 2450 nefanda
425 2418 528 2450 esset
561 2426 702 2450 ausus:
742 2413 981 2463 Archippum
1011 2412 1155 2459 (dicam
1193 2413 1308 2458 enim,
1341 2425 1418 2463 quo
1452 2411 1575 2461 magis

113 2473 285 2511 animum
304 2473 531 2521 attendatis)
551 2474 679 2511 aiebat
705 2474 742 2510 in
763 2474 909 2512 Herma
935 2474 1006 2511 sibi
1034 2474 1166 2524 gentili
1193 2481 1232 2512 et
1259 2474 1357 2511 avito
1379 2473 1486 2510 nefas
1507 2486 1575 2523 pa-

116 2539 253 2572 trasse.
308 2535 526 2586 Archippus
546 2542 697 2582 contra,
719 2535 902 2573 Hermam
922 2535 1031 2572 illum
1052 2535 1199 2572 salvum
1232 2541 1347 2585 atque
1381 2534 1573 2584 integrum

115 2605 316 2643 superesse
354 2596 526 2647 nihilque
563 2610 722 2647 passum
756 2610 886 2634 earum
921 2596 1244 2635 contumeliarum
1278 2608 1374 2645 quas
1417 2595 1574 2632 Hermae

115 2653 252 2704 reliqui
273 2658 534 2709 accepissent:
561 2667 600 2697 et
632 2659 878 2696 nihilominus
905 2665 1048 2703 tamen,
1074 2666 1115 2695 ut
1145 2658 1216 2696 sibi
1246 2671 1333 2695 cum
1357 2657 1576 2703 Andocide‚

113 2714 268 2755 homine
285 2719 358 2758 hoc
379 2722 520 2768 animo,
539 2721 599 2759 his
621 2723 788 2760 moribus
810 2721 987 2774 praedito,
1005 2721 1232 2759 certandum
1254 2733 1302 2757 ne
1322 2727 1439 2765 esset,
1457 2732 1572 2759 vexa-

114 2777 257 2815 tionem
278 2782 441 2820 nummis
461 2782 562 2820 datis
584 2783 756 2821 redemit.
812 2785 932 2834 Atqui
957 2796 997 2820 se
1026 2782 1185 2832 dignum
1205 2782 1269 2832 qui
1291 2782 1442 2820 censuit
1462 2790 1506 2820 ut
1524 2783 1573 2820 ab

112 2839 187 2877 alio
207 2853 342 2891 poenas
359 2841 564 2892 impietatis
583 2851 784 2895 repeteret,
799 2846 848 2883 ab
867 2857 914 2883 eo
933 2844 1025 2882 alios
1043 2856 1201 2894 quoque
1221 2844 1378 2882 sceleris
1397 2843 1572 2894 ejusdem
