1822 3219
556 402 1102 458 ANTIPHONTIS

387 532 497 580 DE
557 533 804 584 NECE
864 531 1292 583 HERODIS

717 645 963 686 ORATIO.

647 798 1045 842 ARGUMENTUMJ

150 871 251 906 Helas
271 873 396 913 quidam
418 874 615 913 Mitylenaeus
633 875 762 906 Athenis
783 876 890 906 eadem
908 876 978 906 navi
998 886 1068 906 cum
1085 876 1213 906 Herode
1227 876 1339 906 AEnum
1355 876 1466 907 solvit:
1491 888 1560 908 cum

108 925 278 965 navigando
297 926 503 964 Methymnam
521 926 613 955 Lesbi
627 927 850 965 pervenissent,
864 927 1004 965 quoniam
1017 927 1102 957 navis
1116 931 1195 957 tecta
1206 937 1264 957 nnn
1279 932 1356 963 erat,
1372 928 1460 958 aliam
1473 939 1564 968 oper-

107 978 169 1005 tam
185 976 376 1006 invenientes
389 977 638 1006 conscenderunt.
685 977 784 1014 Quam
799 977 941 1018 ingressi,
955 978 1037 1008 circa
1053 984 1171 1008 noctem
1186 979 1312 1008 Herode
1325 990 1451 1018 egresso
1462 991 1561 1018 neque

107 1025 240 1065 amplius
258 1025 461 1064 ingrediente,
489 1027 630 1066 Heloque
652 1027 721 1066 ipso
748 1028 813 1057 solo
829 1028 985 1063 redeunte,
1013 1029 1115 1058 affines
1132 1029 1242 1058 mortui
1259 1030 1372 1058 Helum
1390 1035 1422 1059 ut
1438 1030 1561 1059 malefa-

108 1078 225 1105 ctorem
243 1081 483 1106 accus-averunt:
507 1081 537 1106 et
559 1078 587 1106 in
605 1077 723 1115 judicio
748 1082 899 1107 certantes
921 1079 1079 1113 dixerunt,
1096 1089 1163 1107 eum
1191 1079 1348 1109 Herodem
1365 1080 1563 1112 interfecisse.

110 1124 173 1155 Hic
190 1134 262 1155 vero
286 1125 464 1155 translative
479 1126 594 1157 crimen
608 1127 713 1163 diluit,
738 1128 856 1163 dicens,
880 1128 1092 1158 malefactores
1115 1129 1178 1158 dici
1201 1130 1285 1159 fures
1310 1134 1341 1160 et
1365 1135 1563 1169 grassatores,

110 1184 238 1215 qnorum
253 1186 379 1214 operum
395 1187 443 1206 me
468 1177 543 1207 nibil
566 1177 679 1209 secisse
695 1178 902 1208 ostenderunt.
947 1179 1069 1208 Transit
1084 1179 1195 1209 deinde
1219 1181 1258 1209 ad
1277 1180 1436 1209 homicidii
1454 1181 1565 1211 *defen-

109 1223 238 1262 sionem,
255 1230 285 1256 et
301 1226 430 1258 solerter
446 1231 553 1256 certat.
599 1229 676 1265 Quae
692 1227 792 1257 omnia
808 1238 826 1257 a
840 1228 990 1267 principio
1009 1239 1104 1267 usque
1120 1229 1158 1258 ad
1175 1229 1262 1259 finem
1280 1234 1352 1260 sunt
1365 1230 1550 1260 communia.

166 1356 203 1394 1.
231 1355 434 1402 Vnum,
455 1357 537 1402 viri,
559 1357 853 1408 facundiamque
879 1372 1082 1409 rerumque
1108 1372 1222 1397 usum
1249 1360 1340 1398 mihi
1359 1373 1460 1411 esse,
1480 1375 1563 1400 ma-

110 1415 301 1466 gnitudini
329 1417 516 1455 malorum
541 1430 711 1455 meorum
737 1431 892 1468 parem:
926 1420 1007 1470 jam
1029 1432 1118 1457 vero
1144 1421 1395 1470 experientia,
1422 1422 1490 1460 sed
1517 1436 1564 1461 ea

111 1478 250 1517 misera
268 1485 308 1516 et
326 1479 578 1525 infructuosa,
595 1492 672 1517 non
691 1493 838 1525 carens,
854 1481 941 1531 plus
959 1481 1060 1519 enim
1075 1482 1261 1520 malorum
1279 1490 1458 1534 expertus
1479 1497 1562 1523 sum

112 1550 227 1590 quam
246 1541 462 1590 oportebat,
482 1540 665 1578 facundia
683 1554 796 1579 careo
811 1542 897 1593 plus
909 1555 1021 1593 quam
1039 1555 1142 1580 nunc
1161 1542 1406 1593 expediebat.
1462 1544 1564 1582 Nam

113 1599 152 1638 in
173 1611 326 1638 carcere
343 1613 439 1639 usus
458 1613 585 1638 rerum
606 1602 658 1638 nil
679 1601 770 1639 mihi
790 1602 942 1651 profuit,
965 1602 1027 1639 abi
1053 1614 1212 1652 corpore
1237 1615 1324 1640 meo
1352 1603 1563 1641 tolerandae

111 1660 379 1699 mansuetum
405 1661 606 1707 molestiae,
631 1662 681 1699 ob
702 1663 842 1700 crimen
862 1662 971 1713 cujus
991 1662 1084 1699 nihil
1111 1663 1160 1700 ad
1188 1675 1250 1699 me
1275 1663 1465 1713 pertinett
1498 1664 1563 1702 ubi

110 1727 244 1761 autem
260 1720 370 1761 salus
389 1734 476 1760 mea
489 1729 665 1760 versatur
679 1723 716 1759 in
731 1723 969 1760 enarratione
985 1723 1037 1760 rei
1054 1729 1172 1772 gestae
1190 1735 1277 1760 cum
1293 1723 1454 1762 veritate
1472 1737 1564 1763 con·

110 1787 314 1826 sentanea,
334 1781 462 1820 ibime
480 1782 588 1819 iaedit
615 1782 848 1821 infacundia.
903 1783 1019 1825 Quod
1049 1783 1130 1821 fieri
1160 1783 1271 1820 solet.
1329 1783 1445 1820 Multi
1465 1786 1561 1834 jam,

112 1841 240 1881 causis
266 1841 486 1892 justissimis
512 1842 692 1888 fidentes,
710 1856 757 1881 eo
778 1844 883 1895 quod
902 1857 1004 1888 vera,
1023 1856 1112 1893 quae
1138 1843 1305 1881 dicenda
1334 1856 1404 1894 pro
1434 1857 1476 1883 se
1493 1845 1564 1882 ha-

112 1904 262 1947 berent,
286 1915 365 1941 non
397 1910 554 1953 possent
572 1904 716 1942 diserte
744 1905 934 1956 proloqui,
959 1905 1074 1942 fidem
1102 1917 1180 1942 non
1208 1905 1459 1952 invenientes,
1485 1919 1565 1944 non

111 1965 292 2004 obstante
305 1977 439 2004 causae
460 1978 610 2004 summa
623 1968 820 2016 aequitate,
836 1974 961 2004 tamen
983 1966 1186 2017 perierunt,
1206 1967 1313 2016 quod
1333 1979 1418 2004 eam
1437 1968 1562 2006 verbis

114 2023 310 2063 declarare
329 2025 545 2064 nescirent:
575 2027 684 2064 multi
698 2034 833 2065 contra
841 2028 1027 2066 facundia
1043 2027 1249 2078 pollentes,
1266 2028 1443 2077 quamvis
1456 2041 1564 2066 men-

113 2082 311 2123 daciorum
337 2084 537 2135 praestigiis
559 2084 709 2135 judices
738 2087 930 2132 luderent,
957 2094 1085 2124 tamen
1113 2100 1159 2124 eo
1183 2087 1281 2137 ipso,
1301 2087 1405 2136 quod
1427 2088 1563 2125 menti-

111 2151 257 2190 rentur,
270 2146 341 2184 sed
363 2146 535 2196 speciose
559 2153 602 2184 et
621 2147 772 2194 callide,
800 2148 894 2185 salvi
924 2148 1200 2186 discesserunt.
1257 2147 1428 2186 Necesse
1448 2148 1564 2198 igitur

109 2211 170 2244 eet
189 2204 332 2244 homini
347 2206 536 2244 indisemo
557 2212 595 2244 et
616 2209 663 2245 ab
684 2221 755 2245 usu
779 2209 1008 2258 eloquentiae
1029 2208 1189 2246 forensis
1209 2207 1406 2253 destituto,
1424 2215 1467 2245 ut
1484 2209 1562 2246 for-

108 2272 208 2305 tuna
224 2267 531 2317 ejuscwsaeque
561 2269 686 2306 exitus
705 2269 828 2319 magis
857 2270 896 2306 in
917 2269 1071 2306 arbitrio
1098 2275 1366 2306 accusatorum
1387 2269 1564 2307 crimina-

113 2326 282 2380 tionibus
314 2328 545 2378 urgentium,
573 2341 690 2379 quam
723 2342 842 2380 penes
879 2341 1004 2366 rerum
1034 2336 1235 2379 gestarum
1265 2329 1461 2366 veritatem
1499 2330 1561 2367 sit.

113 2391 243 2431 thne
258 2401 329 2426 vos
348 2402 457 2439 mogo,
471 2390 639 2440 judices,
670 2404 747 2429 non
773 2391 811 2428 id
829 2390 1000 2441 quidem,
1016 2390 1123 2440 quod
1143 2389 1314 2443 plerique
1337 2403 1486 2427 reorum
1508 2403 1566 2428 ro-

112 2463 207 2501 gare
226 2463 293 2488 vos
313 2450 453 2496 solent,
472 2457 515 2487 ut
532 2452 663 2489 audire
678 2465 718 2489 se
739 2452 884 2495 velitis;
913 2458 1093 2501 rogantes
1109 2449 1146 2486 hi
1165 2450 1322 2500 quidem
1338 2450 1439 2497 ideo,
1458 2451 1563 2500 quod

109 2522 243 2550 causae
258 2524 340 2548 suae
350 2510 542 2557 diffidunt,
556 2518 598 2550 et
614 2512 820 2562 iniquitatis
835 2511 1061 2563 praejudicio
1072 2511 1146 2562 ipsi
1161 2523 1249 2548 sese
1264 2510 1562 2548 feriunt—nam

112 2572 289 2622 profecto
317 2580 624 2610 consentaneum
641 2580 726 2611 erat
745 2586 843 2618 rem,
864 2585 991 2610 coram
1006 2572 1096 2610 viris
1115 2570 1287 2609 honestis
1308 2578 1347 2608 et
1373 2570 1484 2607 bonis
1504 2570 1562 2607 di-

111 2638 261 2678 centes,
278 2632 399 2669 etiarn
425 2633 505 2671 sine
529 2633 736 2670 audientiae
750 2633 1025 2684 deprecatione
1045 2633 1086 2670 id
1110 2633 1212 2670 idern
1238 2630 1435 2680 consequi,
1456 2631 1561 2681 quod

112 2700 359 2730 accusatores
372 2693 473 2731 ultro
483 2695 530 2732 ab
543 2695 681 2732 *iisdem
692 2694 888 2744 judicibus
905 2694 1183 2745 adipiscuntur,
1198 2692 1347 2730 tametsi
1363 2703 1561 2741 nunquam

112 2762 246 2789 eornm
263 2753 442 2791 audiendi
454 2755 757 2792 benevolentiam
770 2755 948 2805 precibus
960 2755 1213 2792 ambiunt—:
1244 2752 1312 2789 sed
1329 2751 1402 2789 hoc
1416 2765 1484 2789 vos
1498 2765 1558 2790 ro-

113 2810 232 2860 gabo,
249 2818 293 2848 ut
308 2813 344 2849 si
358 2813 453 2863 quid
471 2814 613 2865 linguae
633 2815 739 2852 labor
759 2808 896 2861 errore,
918 2815 1007 2852 mihi
1035 2813 1259 2865 ignoscatis,
1280 2812 1557 2859 existimantes,

117 2884 192 2917 me,
212 2872 318 2922 quod
346 2885 419 2910 usu
449 2875 603 2914 dicendi
629 2887 791 2921 caream,
809 2876 953 2925 potius,
970 2888 1086 2924 quarn
1107 2872 1210 2923 quod
1236 2873 1446 2911 sceleratus
1469 2874 1552 2919 sim,

779 2948 804 2971 G
