1822 3219
255 157 329 194 192
916 163 1084 202 LYSllE

250 262 327 301 alia
349 263 460 301 nobis
481 263 583 302 mala
603 277 717 315 quam
736 265 899 316 plurima
918 266 1119 311 conscivit,
1140 264 1194 302 ita
1213 265 1252 302 in
1267 276 1387 302 causa
1400 277 1556 316 quoque
1570 265 1652 312 suit,
1671 271 1713 303 ut

247 336 338 362 cum
358 326 494 376 procul
515 327 564 364 ab
583 328 676 365 urbe
696 327 832 366 dissita
849 341 872 366 a
892 326 1198 366 Lacedaemoniis
1220 333 1500 374 evastarentur,
1519 334 1600 366 tum
1620 341 1711 380 pro-

245 385 352 436 piora
364 387 411 424 ab
428 387 559 426 amicis
575 388 839 427 differrentur:
871 402 1028 440 aequum
1041 402 1132 440 ergo
1153 390 1221 440 qui
1241 389 1324 434 erit,
1340 389 1473 428 clades
1489 389 1709 441 reipublicae

246 453 329 486 tum
349 448 475 488 illatas
495 463 555 488 me
575 463 677 489 nunc
693 451 826 489 luere?
866 451 1079 503 praesertim
1096 464 1184 489 cum
1205 451 1348 490 fundus
1368 451 1431 490 hic
1452 453 1587 490 aerario
1601 453 1709 491 addi·

248 516 349 555 ctus,
364 516 445 549 toto
460 511 622 550 triennio
640 519 678 550 et
693 512 808 559 ultra,
824 520 980 551 tenente
993 513 1110 558 bello,
1131 513 1276 551 venalis
1292 513 1527 564 pependerit.
1585 513 1712 558 Quare

244 570 461 609 mirandum
492 585 569 610 non
596 580 668 618 est,
688 579 770 611 tum
790 574 909 613 fuisse
938 575 1004 626 qui
1029 574 1132 613 oleas
1154 587 1284 613 sacras
1302 575 1570 626 exstirparent,
1590 588 1710 625 quum
1755 585 1758 587 ’

244 633 317 683 ipsi
350 647 420 672 nos
450 642 584 673 nostra
615 636 764 686 privata
794 637 890 674 tueri
920 650 995 675 non
1023 649 1239 687 possemus.
1299 637 1504 687 Quotquot
1529 645 1712 681 vestrum,

245 695 462 742 Senatores,
483 710 638 748 operam
659 697 842 750 imprimis
869 699 922 737 rei
938 699 1088 737 rusticae
1109 698 1218 745 dant,
1241 699 1360 755 nostis
1382 699 1504 736 multa
1523 698 1608 736 loca
1627 706 1708 736 tum

245 758 425 808 temporis
458 758 698 809 privatisque
725 750 969 812 publicisque
995 760 1145 798 olivetis
1175 760 1301 798 obsita
1327 760 1459 806 fuisse,
1488 773 1576 810 quae
1607 773 1709 798 nunc

247 825 337 855 sunt
356 819 571 870 exstirpata
592 820 754 871 agrique
774 833 906 860 eorum
939 822 1109 873 ipsorum
1129 821 1330 868 denudati,
1357 822 1420 872 qui
1442 822 1556 860 iidem
1580 835 1714 860 eorum

245 878 389 916 domini
406 879 442 917 in
455 881 637 932 belloque
653 889 691 920 et
710 883 748 920 in
767 896 864 935 pace
881 892 1034 929 essent3
1064 899 1131 924 vos
1149 893 1273 924 autem
1295 886 1408 938 hujus
1429 887 1481 924 rei
1503 900 1640 938 poenas
1661 888 1710 925 ab

242 940 316 979 illis
337 941 462 980 nullas
475 944 660 994 repetitis,
674 946 858 995 quoniam
873 959 948 984 non
963 946 1046 998 ipsi,
1063 947 1131 985 sed
1148 947 1226 993 alii,
1242 948 1517 999 exstirparunt.
1576 948 1708 999 Atqui,

245 1002 277 1040 si
296 1016 362 1041 vos
389 1003 516 1055 culpae
537 1005 702 1044 eximitis
732 1020 799 1045 eos
819 1008 850 1045 si
883 1008 948 1058 qui
968 1021 1038 1059 per
1068 1009 1371 1047 immemorabile
1403 1016 1553 1060 tempus
1573 1023 1709 1061 posse-

244 1064 397 1112 derunt,
430 1066 552 1105 multo
586 1067 710 1118 magis
731 1069 911 1107 convenit
939 1069 1116 1120 impunes
1144 1082 1212 1108 eos
1240 1083 1328 1108 esse
1362 1071 1393 1108 si
1423 1071 1488 1120 qui
1513 1071 1658 1116 fundos
1687 1084 1711 1109 a

243 1133 413 1164 vestrum
429 1128 610 1179 quopiam
628 1137 716 1180 post
735 1129 954 1168 restitutam
975 1131 1129 1169 demum
1145 1143 1283 1182 pacem
1302 1131 1475 1168 emerint.

298 1189 337 1227 3.
366 1187 723 1238 Verumenimvero,
753 1191 1026 1229 vetustioribus
1059 1191 1214 1243 quidem
1251 1191 1326 1229 illis
1357 1191 1406 1229 de
1443 1192 1559 1230 rebus
1590 1192 1710 1231 multa

244 1249 370 1288 dicere
404 1264 489 1288 cum
519 1251 696 1298 habeam,
726 1253 887 1292 arbitror
919 1261 1048 1292 tamen
1076 1254 1159 1305 jam
1184 1253 1289 1291 dicta
1319 1254 1519 1294 sufficere:
1551 1268 1598 1293 ex
1628 1268 1707 1306 quo

244 1318 371 1350 autern
392 1326 465 1364 ego
481 1313 645 1351 fundum
666 1327 689 1352 a
703 1327 764 1352 me
785 1321 957 1366 emptum
977 1315 1015 1352 in
1037 1328 1193 1352 manum
1213 1322 1521 1366 potestatemque
1541 1329 1664 1354 meam
1687 1329 1710 1354 a

243 1373 366 1425 priore
382 1374 538 1412 domino
565 1375 744 1414 traditum
767 1377 912 1428 accepi,
934 1377 995 1414 vix
1024 1376 1238 1427 interjectis
1258 1376 1430 1427 quinque
1459 1376 1595 1415 diebus
1620 1384 1710 1428 post

243 1435 435 1474 elocatum
457 1436 680 1475 Callistrato
698 1438 868 1488 permisi,
883 1438 1110 1489 Pythodoro
1127 1437 1325 1475 archonte.
1382 1438 1627 1476 Callistratus
1647 1439 1709 1476 hic

242 1496 398 1535 biennio
429 1497 550 1535 coluit
577 1511 663 1535 eum
697 1498 876 1545 fundum,
905 1500 942 1536 in
971 1512 1047 1550 quo
1078 1498 1332 1549 conspicuam
1361 1511 1487 1549 neque
1519 1498 1708 1549 privatam

243 1557 363 1596 ullam
380 1558 505 1596 oleam
525 1572 651 1610 neque
671 1559 867 1611 publicam
882 1573 1008 1611 neque
1024 1573 1157 1599 secum
1172 1572 1195 1597 a
1209 1572 1270 1597 me
1285 1559 1356 1596 sibi
1373 1560 1554 1598 traditum
1573 1574 1706 1599 susce·

242 1619 377 1670 pisset.
434 1620 565 1659 Tertio
582 1633 681 1659 anno
696 1621 905 1660 colendum
922 1622 1110 1660 conduxit
1131 1621 1351 1659 Demetrius
1374 1621 1435 1660 hic
1449 1635 1562 1672 quem
1576 1636 1705 1661 coram

242 1682 351 1720 vobis
386 1682 560 1729 exhibeo,
587 1691 624 1721 et
649 1696 716 1734 per
750 1697 893 1721 annum
925 1684 1066 1723 coluit:
1109 1690 1246 1735 quarto
1277 1682 1424 1721 elocavi
1448 1684 1572 1722 Alciae
1594 1684 1706 1722 Anti-

243 1743 391 1781 sthenis
403 1743 555 1789 liberto,
571 1744 635 1795 qui
651 1743 781 1782 Alcias
795 1744 1002 1783 triennium
1018 1754 1077 1784 est
1088 1759 1137 1784 ex
1153 1757 1230 1796 quo
1250 1744 1327 1781 vita
1341 1744 1522 1784 decessit.
1578 1745 1706 1783 Etiam

244 1804 404 1843 Proteas
421 1805 556 1844 iisdem
577 1805 861 1846 conditionibus
889 1807 1077 1846 conduxit
1097 1816 1213 1857 atque
1234 1806 1464 1857 superiores·
1518 1807 1705 1846 Adestote

245 1873 376 1905 testes.

790 1965 1146 2004 TESTIMONIA.

245 2040 393 2079 Exacto
431 2047 603 2093 tempore
641 2042 691 2080 ad
729 2043 834 2094 quod
866 2044 1025 2082 Proteas
1057 2044 1245 2083 culturam
1277 2046 1388 2084 fundi
1422 2043 1496 2082 mei
1537 2043 1608 2081 sibi
1637 2042 1707 2080 de-

243 2111 381 2154 pactus
410 2105 591 2143 mercede
614 2104 796 2144 condicta
820 2106 958 2152 fuerat,
979 2107 1058 2157 ipse
1080 2120 1153 2158 ego
1179 2120 1268 2146 eum
1299 2121 1404 2146 nunc
1425 2106 1522 2144 colo.
1579 2105 1706 2143 Accu-

244 2171 349 2204 sator
378 2173 507 2205 autem
537 2166 601 2213 ait,
624 2167 809 2206 archonte
841 2167 1014 2206 Suniade
1044 2182 1176 2207 secum
1197 2182 1219 2208 a
1238 2183 1298 2207 me
1330 2170 1580 2218 exstirpatum
1608 2178 1704 2203 esse.

242 2226 374 2276 Atqui,
391 2241 489 2277 quos
510 2235 626 2266 testes
646 2241 775 2266 coram
793 2229 903 2267 vobis
924 2229 1090 2276 exhibui,
1106 2231 1143 2267 hi
1162 2239 1303 2281 negant
1321 2244 1365 2267 eo
1380 2231 1413 2266 in
1435 2228 1558 2265 fundo
1574 2239 1704 2264 secum

243 2300 340 2333 esse,
361 2302 474 2338 quem
495 2303 516 2327 a
535 2303 596 2327 me
623 2290 803 2328 mercede
824 2291 1063 2328 conductum
1095 2292 1224 2329 multis
1247 2293 1355 2329 annis
1386 2291 1457 2341 ipsi
1484 2289 1706 2326 coluissent.

242 2348 369 2399 Ecqui
391 2356 520 2388 autem
542 2351 627 2401 quis
658 2351 855 2402 liquidius,
877 2365 993 2402 quam
1027 2353 1093 2398 sic,
1115 2353 1256 2391 doceat
1283 2359 1553 2393 accusatorem
1579 2358 1711 2401 aperte

242 2411 424 2449 mentiri?
509 2412 608 2450 Fieri
630 2413 729 2450 enim
747 2413 894 2464 nequit,
914 2420 957 2451 ut
977 2427 1065 2464 quae
1087 2424 1200 2452 antea
1224 2415 1263 2451 in
1282 2414 1406 2451 fundo
1426 2412 1531 2451 nulla
1550 2411 1707 2456 suerint,

242 2485 289 2510 ea
303 2473 488 2524 posterior
505 2473 686 2512 dominus
705 2473 811 2512 illinc
832 2474 1015 2513 eliminet.

296 2537 336 2572 4.
367 2534 571 2585 Quotquot
600 2535 705 2581 olim,
734 2535 954 2582 Senatores,
976 2537 1170 2574 sollertem
1192 2551 1253 2575 me
1277 2537 1578 2587 diligentemque
1599 2532 1703 2570 dice-

245 2604 342 2642 rent,
363 2604 402 2635 et
429 2597 754 2648 circumspectum
784 2604 1031 2649 cautumque,
1052 2607 1196 2637 temere
1217 2599 1309 2636 nihil
1337 2604 1529 2649 agentem,
1554 2596 1598 2632 iis
1619 2607 1710 2641 suc-

247 2660 467 2705 censebam,
486 2667 530 2697 ut
544 2672 611 2698 eas
626 2659 667 2696 in
683 2671 743 2696 me
759 2659 895 2697 laudes
915 2661 1215 2707 conferentibus,
1230 2674 1327 2712 quas
1347 2673 1436 2697 cum
1452 2657 1710 2708 intelligerem·

243 2720 334 2757 mihi
364 2722 505 2759 debere
534 2722 675 2768 inesse,
702 2728 783 2760 tum
801 2721 928 2760 nullas
960 2736 1077 2773 penes
1099 2737 1159 2761 me
1188 2722 1406 2774 reperirem,
1428 2720 1706 2759 conscientiam

245 2795 370 2820 meam
397 2783 625 2822 excutiens:
649 2784 731 2834 jam
750 2796 839 2821 vero
860 2797 928 2821 vos
953 2797 1108 2835 quoque
1129 2784 1312 2835 pervelim
1341 2783 1483 2834 pariter
1503 2784 1555 2820 ita
1575 2782 1624 2820 de
1642 2794 1707 2819 me

246 2845 401 2891 sentire,
434 2854 476 2884 ut
498 2847 594 2884 nulli
623 2847 821 2894 dubitetis,
845 2847 876 2884 si
903 2846 979 2885 tale
999 2847 1092 2897 quid
1118 2860 1287 2897 unquam
1321 2859 1438 2885 ausus
1463 2846 1547 2892 sim,
1579 2857 1625 2882 ea
1643 2856 1704 2881 me

243 2906 361 2945 fuisse
381 2909 586 2959 prudentia
614 2916 730 2960 atque
755 2908 1111 2961 circumspectione,
1134 2916 1176 2947 ut
1196 2915 1401 2960 antequam
1425 2909 1572 2947 facinus
1592 2917 1704 2944 exse-
