1822 3219
494 128 713 167 CONTRA
744 127 1154 166 PHILOCRATEM.
1478 132 1549 168 341

100 244 200 276 esse,
221 230 450 269 malevolum
469 243 561 281 erga
578 243 647 268 vos
665 229 835 266 animum
856 239 933 265 non
952 232 1109 272 exuent,
1130 227 1393 266 existimantes
1414 233 1553 279 praeter

102 292 278 342 publicas
307 291 544 329 calamitates
576 289 680 327 aliud
711 288 805 325 nihil
830 298 915 325 esse
935 285 1040 336 quod
1060 292 1163 323 metu
1184 300 1225 325 se
1243 288 1381 326 liberet
1398 288 1556 326 rationis

103 365 230 390 rerum
250 365 273 389 a
291 364 330 389 se
350 358 543 401 gestarum
564 349 671 386 vobis
692 348 846 386 tandem
866 346 1076 398 aliquando
1096 348 1313 385 necessario
1331 348 1555 386 reddendae.

155 415 193 449 4.
225 411 356 455 Quid?
385 411 488 460 quod
520 415 690 455 autumo,
718 407 881 458 judices,
913 408 979 457 jus
1010 419 1166 457 aequum
1198 413 1237 444 et
1263 420 1393 445 verum
1420 409 1492 446 hac
1517 409 1556 446 in

102 486 220 511 causa
239 472 269 510 si
290 471 474 515 obtineat,
490 482 566 507 non
579 469 673 506 satis
689 481 771 506 esse
788 475 830 505 ut
847 467 1086 504 Philocrates
1104 466 1308 517 peculatus
1328 468 1556 517 postuletur,

102 533 170 570 sed
189 533 301 570 etiam
325 538 514 581 oportere,
534 537 577 567 ut
596 528 802 567 necessitas
821 541 891 578 pro
911 528 1037 578 capite
1057 526 1211 565 dicendi
1231 527 1304 578 ipsi
1325 527 1556 577 imponatur.

104 593 154 630 Et
179 593 351 644 profecto
371 604 487 642 grave
508 591 557 628 sit
578 599 695 640 atque
713 603 790 627 non
821 588 1036 633 ferendum,
1068 589 1112 634 si,
1138 601 1225 626 cum
1256 588 1413 639 privatis
1431 596 1470 626 et
1488 589 1557 626 mi-

102 654 204 691 nutis
223 653 259 689 in
279 653 402 690 causis
419 652 604 688 furtorum
622 651 766 692 conscii
782 649 903 700 poenis
920 655 1124 687 teneantur
1138 648 1272 686 iisdem
1294 649 1435 698 quibus
1454 648 1558 686 fures

102 714 186 765 ipsi,
209 720 288 750 tum
310 713 565 756 Philocrates,
586 711 652 761 qui
678 710 835 761 Ergocli
857 709 1035 748 conscius
1056 709 1105 747 sit
1125 716 1163 747 et
1187 709 1389 759 peculatus
1411 715 1448 746 et
1466 721 1559 746 cau-

101 782 267 825 ponatus
294 773 435 823 jurium
467 779 693 817 vestrorum,
722 785 800 809 non
831 770 948 808 modo
977 783 1054 807 non
1083 769 1218 808 eadem
1247 782 1360 820 poena
1385 781 1463 819 qua.
1494 769 1559 807 ille

102 834 306 878 afficiatur,
321 833 390 871 sed
404 833 560 883 insuper
574 845 727 883 quoque
743 831 958 869 mercedem
972 830 1151 880 nequitiae
1167 831 1215 868 ab
1229 831 1314 881 ipso
1333 831 1371 867 in
1386 829 1558 868 celandis

100 895 280 946 -Ergoclis
311 895 421 932 furtis
455 894 727 932 demonstratae
756 893 851 931 ferat
875 892 1093 942 habeatque
1124 892 1296 929 relictam
1317 892 1364 929 ab
1383 891 1448 929 illo
1467 893 1558 929 sub-

101 956 297 993 stantiam.
355 955 432 993 Sed
454 962 513 992 est
532 955 606 993 alia
625 954 751 992 adhuc
769 966 922 1004 quoque
942 966 1074 998 causa,
1097 952 1264 1003 judices,
1285 953 1335 990 ob
1355 965 1471 1002 quam
1491 964 1559 991 vos

101 1029 171 1067 par
189 1023 246 1053 est
272 1016 375 1053 hunc
396 1015 653 1052 Philocratem
672 1015 831 1065 ejusque
851 1020 1048 1050 consortes
1067 1013 1215 1063 punire,
1235 1024 1332 1062 quos
1350 1011 1405 1048 nil
1424 1012 1561 1062 puduit

102 1083 269 1114 vestram
303 1075 520 1112 castitatem
550 1073 943 1112 contumeliosissimis
974 1073 1213 1109 sermonibus
1246 1072 1445 1119 infamare,
1464 1085 1509 1111 ac
1529 1074 1560 1112 si

104 1136 234 1187 cupidi
252 1135 483 1185 venalesque
504 1135 602 1173 sitis.
659 1133 854 1184 Superiori
877 1133 978 1170 enim
998 1132 1147 1183 judicio
1171 1133 1316 1184 populi,
1336 1146 1423 1171 cum
1442 1146 1561 1172 causa

103 1197 279 1247 Ergoclis
307 1197 345 1233 in
378 1196 562 1233 concione
594 1195 817 1246 agitaretur,
840 1194 1070 1232 dictitabant
1100 1194 1331 1244 quingentos
1358 1206 1380 1232 e
1411 1194 1559 1232 Piraeeo

101 1271 190 1296 esse
207 1257 473 1308 largitionibus
493 1270 516 1294 a
536 1270 578 1295 se
597 1262 812 1307 corruptos,
829 1262 868 1293 et
886 1255 925 1292 in
944 1256 1037 1293 urbe
1057 1254 1151 1292 alios
1172 1255 1275 1292 mille
1295 1262 1335 1292 et
1354 1262 1559 1293 sexcentos

102 1331 284 1362 numer03
313 1318 511 1368 magisque
532 1331 574 1356 se
596 1318 674 1355 suis
695 1317 832 1367 opibus
860 1315 994 1361 fidere,
1015 1329 1130 1366 quam
1156 1323 1319 1367 peccata
1344 1329 1413 1354 sua
1439 1316 1559 1354 refor-

104 1379 262 1425 midare,
278 1392 357 1429 prae
376 1392 417 1416 se
436 1378 623 1417 ferebant.
680 1378 840 1416 Fecistis
859 1390 925 1415 vos
946 1376 1102 1428 quidem
1114 1377 1197 1428 jam
1216 1384 1312 1423 tum,
1332 1390 1419 1416 cum
1441 1377 1562 1427 Ergo-

105 1440 203 1478 clem
221 1440 541 1493 condemnaretiS,
562 1439 621 1477 his
654 1439 813 1490 planum
846 1445 961 1489 atque
991 1443 1187 1484 testatum,
1207 1450 1339 1475 verum
1359 1439 1408 1475 ad
1426 1450 1559 1476 omnes

106 1500 278 1538 homines
308 1500 423 1538 etiam
456 1500 730 1538 declarandum
764 1500 871 1538 vobis
910 1506 981 1546 est,
1020 1499 1165 1537 nullam
1194 1511 1278 1536 esse
1309 1498 1560 1549 pecuniarum

107 1567 253 1599 tantam
269 1561 358 1606 vim,
378 1573 465 1611 quae
484 1573 552 1598 vos
571 1561 619 1597 ab
639 1574 771 1598 eorum
790 1560 1042 1611 castigatione
1063 1565 1211 1604 avocet,
1227 1559 1256 1596 si
1276 1572 1371 1610 quos
1391 1559 1428 1597 in
1447 1559 1562 1597 male-

107 1622 194 1659 ficio
231 1621 489 1672 deprehensos
526 1627 737 1659 vestrarum
773 1621 998 1659 tabellarum
1033 1620 1213 1671 potestati
1244 1620 1429 1658 obnoxios
1459 1621 1562 1658 nacti

105 1683 199 1720 sitis.
255 1683 328 1720 His
357 1688 497 1732 negate
517 1683 738 1720 facultatem
759 1689 883 1720 vestra
904 1683 1007 1720 bona.
1030 1680 1183 1718 furandi
1207 1687 1323 1731 atque
1343 1680 1561 1731 diripiendi.

111 1743 207 1781 Haec
236 1756 311 1793 ego
338 1743 444 1780 vobis
473 1742 631 1788 suadeo,
661 1742 710 1780 ad
741 1743 826 1780 haec
849 1755 918 1780 vos
948 1742 1139 1780 cohortor.
1196 1741 1331 1778 Nostis
1363 1741 1463 1779 enim
1493 1754 1561 1779 vos

107 1817 243 1842 omnes
274 1803 474 1854 Ergoclem
505 1816 591 1840 cum
620 1803 745 1841 classe
774 1803 863 1840 hinc
893 1801 1156 1840 discedentem
1185 1800 1258 1838 hoc
1285 1801 1355 1838 sibi
1381 1795 1561 1840 habuisse

107 1865 356 1915 propositum,
374 1870 508 1901 utrem
522 1864 667 1902 faceret
680 1876 795 1913 quam
810 1863 1096 1913 amplissimam,
1108 1875 1184 1900 non
1201 1868 1245 1899 ut
1259 1861 1433 1911 largitate
1445 1868 1560 1912 atque

111 1925 395 1976 magnificentia
409 1938 489 1962 suae
509 1938 600 1976 erga
620 1938 740 1975 remp.
759 1924 998 1962 liberalitatis
1018 1922 1177 1973 gloriam
1197 1928 1408 1972 quaereret:
1440 1923 1560 1960 nostis

110 1986 199 2023 item
220 1987 322 2023 bona
342 1986 517 2035 Ergoclis
552 1999 672 2037 penes
706 1986 822 2023 alium
856 1984 1005 2022 nullum
1034 1997 1133 2029 esse,
1163 1996 1277 2033 quam
1309 1995 1427 2033 penes
1458 1982 1560 2020 hunc

111 2046 384 2085 Philocratem.
441 2047 556 2089 Quod
583 2048 615 2085 si
646 2060 741 2097 ergo
767 2046 910 2098 sapitis,
933 2058 1087 2097 operam
1107 2044 1245 2084 dabitis
1265 2050 1308 2082 ut
1327 2044 1374 2082 ab
1394 2056 1439 2082 eo
1458 2044 1561 2082 bona

110 2114 238 2147 vestra
256 2108 503 2158 recuperetis.
