1822 3219
248 144 298 178 70
779 139 1159 179 'ANTlPHONTIS

249 242 364 279 nibus
385 241 594 280 carissimae
615 249 706 280 sunt
725 243 939 293 summique
959 242 1079 285 fiunt;
1111 255 1134 279 a
1154 241 1271 279 servis
1293 245 1423 278 autem
1447 239 1526 277 'veri
1551 239 1702 278 confes·

245 303 392 341 sionem
418 309 644 353 extorquere
665 304 785 341 modis
810 304 922 341 liceat
941 304 1040 349 aliis,
1059 302 1225 354 equuleo
1245 308 1284 339 et
1300 300 1480 346 fidiculis,
1495 313 1519 338 a
1535 311 1698 350 quarum

245 363 453 402 acerbitate
472 363 598 401 coacti
620 377 748 401 verum
768 364 897 407 edere,
919 363 1071 401 tametsi
1090 362 1334 414 postmodum
1355 361 1590 399 cruciatibus
1608 372 1702 398 con·

245 424 335 462 fecti
353 425 560 474 exspirent,
581 424 678 462 tanti
705 424 743 461 id
768 436 845 461 non
863 423 1038 461 habetur.
1095 423 1301 460 Cruciatus
1321 421 1422 459 enirn
1442 432 1644 470 quemque·
1664 419 1704 456 iu

243 485 449 536 praesentia
465 498 578 522 urens
599 492 748 522 tantum
774 484 889 530 valet,
922 492 967 522 ut
992 483 1198 522 discrimen
1225 482 1486 534 postfuturum
1504 480 1705 519 oblivisca-

243 552 319 584 tur.
378 546 541 584 Constat
567 545 696 595 itaque
716 545 786 583 hos
817 558 840 582 a
868 557 926 582 me
956 544 1002 583 ad
1033 545 1180 582 nullam
1202 557 1279 582 non
1301 543 1560 594 aequissimam
1576 540 1707 580 condi-

242 607 389 646 tionem
408 607 601 650 invitatos,
616 614 656 644 et
670 606 815 644 nullum
829 619 907 644 non
927 618 1051 657 genus
1070 605 1329 656 inquisitionis
1348 605 1406 642 his
1426 604 1598 642 delatum
1616 604 1705 641 esse

244 667 348 705 unde
366 667 497 706 datum
525 675 585 706 est
603 667 822 705 hominibus
841 680 974 705 verum
993 673 1032 704 et
1049 679 1206 717 aequum
1225 666 1431 717 indagare:
1462 664 1571 702 nulla
1589 663 1707 702 relin-

242 728 432 778 quebatur
470 728 731 766 excusationis
764 728 924 765 latebra.
982 727 1067 778 Ego
1101 727 1364 766 criminatione
1400 726 1610 777 impetitus,
1640 725 1708 776 qui

246 788 401 826 dedisse
422 788 570 826 dicerer
588 788 778 839 injuriam,
798 796 956 840 paratus
984 801 1088 826 eram
1121 788 1212 839 ipsis
1241 787 1394 838 copiam
1421 787 1511 825 dare
1531 786 1708 837 aequissi-

245 861 318 886 mae
340 848 594 898 inquisitionis
615 848 800 886 adversus
822 856 964 886 memet
981 848 1132 898 ipsum:
1162 847 1201 884 hi
1217 854 1359 892 autem,
1381 847 1537 885 tametsi
1556 859 1617 885 me
1635 846 1711 885 cri-

245 910 481 948 minarentur
497 916 537 947 et
555 922 578 948 a
592 922 652 947 me
667 917 919 960 quererentur
937 910 1113 958 injuriam
1133 909 1345 960 accepisse,
1365 909 1553 947 nolebant
1578 915 1709 946 tamen

244 970 350 1008 illam
369 984 392 1008 a
411 983 472 1008 me
488 970 659 1008 oblatam
679 970 997 1008 adminiculorum
1018 970 1199 1021 amplecti
1227 970 1394 1020 copiam,
1411 982 1480 1021 per
1512 982 1600 1020 quae
1631 969 1705 1008 cri·

244 1031 475 1069 minutiones
508 1044 601 1069 suas
632 1032 904 1082 approbarent.
959 1031 1113 1074 Quodsi
1145 1043 1232 1082 ego,
1261 1031 1522 1082 sponsionem·
1538 1030 1611 1068 illis
1639 1030 1709 1068 de-

243 1091 471 1137 ferentibus,
492 1104 730 1130 recusassem
751 1097 817 1129 aut
831 1091 988 1128 nomina
1003 1104 1199 1129 servorum
1219 1092 1334 1130 edere
1353 1093 1419 1142 qui
1435 1092 1538 1130 actui
1551 1091 1712 1130 interfu-
1730 1095 1738 1102 ”

244 1161 369 1200 erunt,
386 1160 453 1192 aut
471 1166 602 1191 servos
618 1153 723 1204 ipsos
745 1152 818 1190 illis
837 1153 989 1191 tradere
1005 1152 1322 1203 deposcentibus,
1343 1160 1412 1192 aut
1433 1153 1548 1191 aliam
1573 1164 1710 1203 quam-

244 1216 349 1266 piam
368 1215 668 1265 postulationem
687 1226 839 1264 aequam
852 1213 1105 1264 defugissem‚
1128 1227 1188 1251 nae
1202 1214 1255 1251 illi
1268 1214 1368 1252 hanc
1385 1226 1510 1252 meam
1527 1212 1711 1263 tergiver-

246 1276 433 1314 sationem
454 1275 738 1326 interpretaturi
766 1281 898 1312 essent
915 1287 985 1325 pro
1003 1274 1311 1312 luculentissimo
1333 1280 1575 1325 argumento,
1602 1286 1713 1312 suam

246 1350 406 1375 causam
419 1338 561 1374 bonam
573 1349 673 1381 esse,
685 1349 746 1373 me
756 1349 853 1373 meae
864 1335 1053 1373 diffidere:
1068 1336 1150 1386 jam
1162 1343 1297 1374 contra
1311 1342 1390 1379 est;
1407 1348 1605 1385 quam-ego
1619 1335 1712 1386 ipsis

247 1398 370 1436 detuli
389 1397 489 1435 ultro
506 1398 812 1447 inquisitionem,
831 1396 869 1434 hi
888 1409 973 1434 eam
994 1396 1255 1447 defugerunt:
1286 1397 1421 1448 quidni
1441 1409 1534 1447 ergo
1562 1406 1631 1448 par
1650 1397 1714 1444 sit,

247 1472 308 1497 me
325 1464 594 1509 argumentum
606 1458 807 1503 invertere,
821 1465 859 1495 et
876 1458 914 1495 in
933 1458 1037 1508 ipsos
1052 1457 1170 1495 telum
1187 1458 1262 1496 hoc
1278 1465 1511 1508 retorquere,
1531 1471 1580 1496 ex
1591 1470 1713 1508 eoque

246 1520 450 1565 conficere,
472 1519 557 1557 falsi
578 1526 617 1556 et
635 1519 885 1557 commentitii
906 1532 965 1556 me
986 1518 1154 1557 criminis
1175 1520 1222 1556 ab
1242 1519 1336 1570 ipsis
1357 1519 1582 1558 insimulari.

300 1584 338 1619 7.
369 1580 504 1627 Porro,
518 1580 687 1631 judices,
706 1587 824 1617 testes
842 1579 894 1625 hi,
916 1580 979 1630 qui
1006 1593 1109 1618 nunc
1129 1593 1197 1630 pro
1218 1593 1277 1617 me
1298 1587 1503 1626 testantur,
1525 1582 1557 1619 si
1581 1586 1717 1619 contra

247 1655 306 1680 me
326 1642 457 1680 testati
480 1648 624 1687 essent,
643 1641 880 1679 certissimus
910 1654 1011 1686 sum,
1033 1649 1116 1679 tum
1142 1642 1261 1679 fuisse
1281 1642 1466 1688 futurum,
1486 1649 1530 1680 ut
1548 1641 1587 1679 hi
1607 1641 1715 1679 testi-

248 1704 384 1742 moniis
405 1703 479 1741 illis
500 1715 560 1741 me
575 1703 679 1741 velut
698 1702 784 1740 telis
800 1702 1033 1752 quibusdam
1050 1703 1242 1740 acerrimis
1254 1703 1538 1754 impugnarent,
1554 1702 1716 1746 aientes,

248 1766 470 1804 testimonio
492 1764 581 1802 mihi
602 1765 765 1802 adverso
784 1777 860 1801 non
879 1776 994 1813 posse
1011 1764 1131 1801 ullum
1153 1764 1256 1802 aliud
1279 1765 1490 1816 excogitari
1509 1765 1717 1802 documen-

249 1835 331 1865 tum
353 1827 442 1864 fidei
470 1825 651 1876 liquidius
679 1833 795 1875 atque
813 1825 1000 1862 validius:
1026 1825 1107 1876 jain
1127 1838 1218 1863 vero
1240 1826 1367 1863 videte
1395 1825 1486 1863 mihi
1504 1838 1638 1876 quaeso
1657 1824 1716 1861 in-

248 1888 468 1927 credibilem
485 1900 614 1924 eorum
628 1887 871 1936 iniquitatem
884 1893 1000 1937 atque
1014 1886 1311 1936 impudentiam:
1332 1887 1490 1925 testibus
1507 1887 1565 1925 his
1580 1886 1715 1925 iisdem

251 1949 440 1988 aientibus
455 1948 666 1985 orationem
684 1961 805 1985 meam
820 1961 973 1998 aequam
985 1954 1024 1985 et
1038 1960 1166 1985 veram
1181 1961 1279 1994 esse,
1295 1949 1454 1986 istorum
1475 1948 1716 1993 mendacem,

252 2011 393 2049 docere
414 2022 481 2047 vos
504 2009 759 2055 contendunt,
779 2009 1000 2046 testimonio
1019 2009 1112 2046 mihi
1140 2009 1310 2047 secundo
1331 2010 1448 2048 fidem
1463 2023 1618 2048 omnem
1634 2021 1716 2048 esse

251 2071 529 2122 derogandam,
551 2071 588 2108 in
615 2070 935 2122 proetensionibus
965 2078 1094 2108 autem
1123 2084 1146 2108 a
1171 2083 1213 2108 se
1233 2071 1409 2110 confictis
1428 2085 1498 2110 vos
1514 2079 1620 2110 certa
1639 2071 1716 2108 fide

252 2145 465 2184 securaque
493 2132 635 2170 debere
661 2132 931 2181 acquiescere;
960 2144 1058 2180 quas
1079 2144 1154 2182 ego
1175 2131 1454 2182 praetensiones
1476 2132 1507 2169 si
1525 2132 1715 2182 jactarem

254 2194 360 2231 nulla
382 2193 536 2230 testium
559 2193 785 2230 auctoritate
807 2192 1082 2238 communitas,
1112 2205 1171 2228 nae
1205 2191 1260 2229 illi
1285 2199 1328 2229 ut
1360 2192 1477 2230 falsas
1505 2200 1545 2230 et
1573 2201 1717 2230 temere

254 2268 278 2293 a
305 2267 365 2292 me
385 2253 572 2292 confictas
592 2260 723 2290 essent
750 2254 1003 2301 aspernaturi.
1059 2253 1178 2302 Atqui
1208 2265 1268 2290 res
1295 2254 1420 2303 gravis
1450 2253 1583 2304 utique
1603 2261 1719 2305 atque

255 2315 416 2365 indigna
443 2315 504 2357 sit,
527 2314 557 2350 si
588 2320 704 2350 testes
732 2313 861 2357 iidem,
883 2314 946 2350 ubi
980 2313 1073 2364 ipsis
1101 2313 1267 2360 faveant,
1297 2322 1378 2362 tum
1409 2315 1524 2352 fidem
1546 2328 1720 2353 merean-

256 2384 332 2421 tur,
351 2375 416 2412 ubi
443 2382 570 2412 autern
606 2387 665 2411 me
705 2373 936 2419 secundent,
969 2382 1050 2411 turn
1085 2374 1244 2412 nullam.
1305 2376 1472 2421 Quodsi,
1506 2377 1614 2414 casui
1638 2383 1718 2414 tam

257 2437 396 2475 misero
412 2449 499 2473 cum
521 2442 640 2473 testes
659 2448 814 2485 prorsus
837 2435 932 2473 nulli
949 2434 1164 2482 affuissent,
1179 2449 1253 2486 ego
1267 2444 1394 2475 tamen
1415 2438 1565 2488 aliquos
1579 2438 1721 2489 produ-

257 2510 399 2542 cerem,
419 2498 524 2534 aiens
552 2509 618 2534 eos
635 2496 869 2540 interfuisse,
883 2503 961 2540 aut,
980 2496 1025 2543 si,
1038 2509 1124 2533 curn
1138 2496 1401 2535 interfuissent
1415 2499 1572 2536 omnino
1587 2506 1719 2544 testeS‚

259 2572 333 2610 ego
352 2571 430 2596 non
441 2570 521 2602 eos,
540 2557 606 2607 qui
622 2569 710 2594 vere
727 2557 1002 2602 interfuissent,
1016 2558 1084 2595 sed
1098 2557 1207 2603 alios,
1225 2558 1459 2604 exhiberem,
1474 2566 1578 2598 recte
1591 2559 1720 2610 utique

260 2634 329 2659 vos
358 2619 540 2670 majorem
562 2617 676 2655 fidem
697 2617 847 2655 illorum
868 2618 1147 2668 praedicationi,
1167 2631 1282 2667 quam
1303 2620 1395 2657 meis
1416 2621 1594 2665 testibus,
1611 2621 1722 2659 adhi-

261 2680 421 2720 beretis:
443 2679 548 2729 atqui
561 2678 810 2729 fatenturipsi
820 2684 938 2716 testes
950 2679 1105 2729 negotio
1115 2679 1350 2724 interfuisse,
1361 2687 1400 2717 et
1413 2694 1486 2730 ego
1501 2689 1621 2720 testes
1633 2695 1720 2721 eos-

265 2743 352 2780 dem
372 2741 532 2778 exhibeo
547 2739 612 2790 qui
632 2751 718 2777 vere
734 2738 1001 2784 interfuerunt,
1024 2746 1062 2776 et
1083 2746 1250 2785 constat,
1265 2753 1401 2790 meque
1422 2749 1460 2779 et
1482 2755 1586 2780 meos
1601 2750 1722 2781 testes

265 2814 399 2842 omnes
419 2808 641 2838 constanter
661 2799 798 2838 eadem
814 2807 853 2838 et
882 2799 948 2837 illa
967 2800 1088 2849 prima
1107 2800 1236 2838 statim
1258 2799 1318 2838 die
1341 2815 1418 2852 prae
1447 2804 1557 2841 nobis
1578 2803 1723 2849 tulisse,

266 2870 306 2902 et
324 2861 543 2901 adhucdum
559 2861 673 2900 hodie
693 2874 771 2912 prae
792 2860 901 2899 nobis
921 2860 1041 2899 ferre:
1073 2860 1302 2911 ecquaejam
1323 2862 1397 2901 alia
1421 2864 1529 2911 ratio,
1551 2864 1723 2915 judices,
