1822 3219
273 176 352 211 278
693 169 867 206 LYSIAE
899 170 972 206 DE
1005 169 1168 205 BONIS
1200 169 1318 205 ETC.

270 280 423 324 ceptum
445 272 599 316 habere,
632 283 750 321 quam
775 271 825 308 ad
845 283 927 316 eos,
955 282 1118 320 quorum
1149 269 1314 307 consilia
1332 276 1372 307 et
1400 271 1574 311 instituta
1598 272 1727 311 omnia

268 334 514 374 consentiunt
532 333 582 370 ad
602 345 687 371 eam
707 333 887 371 tuendam
907 333 1000 382 reip.
1022 331 1203 381 gerendae
1221 332 1394 377 formam,
1411 345 1480 383 pro
1494 345 1572 382 qua
1590 347 1725 373 neces-

269 397 357 434 sarii
373 394 493 433 nostri
508 401 668 432 mortem
683 393 958 445 oppetierunt?
999 393 1175 436 Quorum
1192 393 1363 431 omnium
1377 393 1597 430 meritorum
1609 407 1725 433 unam

268 457 368 494 hanc
387 469 455 494 vos
476 469 580 493 nunc
596 468 778 506 rogamus
795 455 972 505 gratiam,
992 461 1034 491 ut
1052 467 1101 492 ne
1120 454 1253 492 sinatis
1275 467 1345 492 nos
1365 454 1415 492 ad
1440 454 1578 492 incitas
1599 455 1727 494 delabi

268 530 395 567 neque
416 517 636 555 necessariis
653 517 740 554 vitae
758 515 948 566 praesidiis
974 527 1120 560 carere,
1139 527 1234 553 neve
1265 515 1455 565 majorum
1474 515 1631 552 beatam
1649 515 1727 553 for-

268 586 402 617 tunam
430 579 467 616 iu
493 578 604 616 nobis
635 577 907 627 exstinguatiS‚
936 576 1007 614 sed
1033 577 1160 627 potius
1190 577 1230 614 in
1255 577 1366 614 nobis
1397 576 1580 614 ornandis
1612 583 1728 626 atque

269 640 512 679 demetendis
541 640 758 690 exemplum
787 639 1012 690 proponatis
1039 638 1137 684 aliis,
1164 639 1267 676 unde
1288 639 1455 684 discant,
1474 650 1589 688 quam
1610 638 1727 676 sortes

269 709 308 741 et
323 715 443 740 navos
464 709 580 752 atque
599 701 700 739 fidos
729 713 798 738 vos
819 701 986 738 habituri
1015 700 1093 738 sint
1112 701 1191 738 suis
1211 700 1248 737 in
1276 699 1457 751 periculis
1476 705 1727 750 protectores,

268 764 300 801 si
321 764 386 813 qui
399 765 499 801 bene
515 763 563 800 de
584 763 706 812 patria
719 761 910 799 voluerint
929 762 1076 800 mereri.

325 826 362 860 8.
394 823 502 860 Nulli
529 823 621 860 mihi
647 829 736 860 sunt
755 822 1045 872 deprecatores,
1072 834 1171 872 quos
1201 822 1240 858 in
1271 821 1376 859 hunc
1399 827 1627 873 suggestum
1661 819 1728 858 ad-

268 883 455 922 scendere
474 884 648 934 jubeam,
668 882 848 933 judices:
878 883 1185 920 necessariorum
1217 882 1317 920 enim
1337 882 1413 929 alii,
1441 894 1529 920 cum
1560 881 1662 918 viros
1687 893 1728 918 se

267 952 445 984 strenuos
484 952 523 983 et
564 957 670 982 acres
705 945 743 981 in
778 945 894 982 armis
927 944 1142 994 gessissent
1181 943 1454 995 proeclarisque
1497 941 1729 981 facinoribus

266 1008 415 1045 virtutis
444 1006 594 1044 bellicae
613 1019 734 1057 remp.
759 1006 1073 1056 amplificassent,
1104 1005 1253 1043 fortiter
1283 1004 1507 1043 dimicantes
1537 1004 1730 1042 occubue-

266 1076 367 1114 runt,
388 1069 451 1106 alii
469 1081 538 1120 pro
570 1068 719 1106 tuenda
743 1067 867 1118 plebis
896 1074 1033 1105 vestrae
1064 1067 1241 1106 libertate
1270 1073 1384 1117 atque
1410 1066 1611 1117 majestate
1637 1077 1730 1103 con-

266 1130 471 1168 tendentes
505 1143 528 1168 a
564 1129 912 1180 Trigintatyrannis
955 1129 1123 1168 cicutam
1161 1129 1293 1166 bibere
1332 1127 1457 1165 coacti
1493 1132 1605 1169 sunt3
1653 1137 1730 1176 quo

265 1192 430 1237 factum,
450 1199 493 1228 ut
511 1191 611 1228 hanc
633 1191 743 1228 nobis
774 1190 1021 1229 solitudinem
1048 1191 1138 1227 hinc
1157 1190 1272 1227 fortia
1289 1190 1480 1244 majorum
1499 1188 1602 1224 facta
1625 1186 1731 1223 illinc

265 1253 432 1302 publicae
465 1252 599 1302 patriae
633 1251 874 1286 calamitates
908 1250 1193 1286 contraherent.
1250 1250 1351 1288 Quae
1374 1245 1452 1285 'vos
1483 1245 1731 1284 recordantes

266 1313 395 1357 decet,
409 1312 576 1362 judices,
591 1316 748 1346 strenue
769 1308 880 1344 nobis
900 1313 1156 1357 prompteque
1173 1305 1366 1357 opitulari,
1387 1307 1667 1353 existimantes,
1691 1307 1731 1345 in

265 1376 339 1412 hac
360 1374 453 1424 reip.
473 1373 649 1410 libertate
671 1377 778 1407 recte
799 1383 821 1406 a
841 1368 950 1406 vobis
969 1369 1183 1418 meritoque
1205 1369 1345 1413 ornari,
1367 1368 1398 1405 si
1418 1369 1484 1418 qui
1507 1370 1579 1407 sub
1599 1376 1733 1421 tyran-

266 1449 402 1474 norum
423 1433 685 1472 dominatione
706 1430 947 1469 calamitates
968 1430 1142 1480 publicas
1165 1430 1362 1467 vobiscum
1383 1443 1451 1480 pro
1471 1443 1542 1468 sua
1565 1431 1729 1481 quisque

266 1498 363 1537 virili
384 1504 492 1547 parte
513 1494 722 1533 tolerarint.
779 1492 857 1530 Sed
873 1499 912 1530 et
930 1491 1001 1529 hos
1022 1504 1133 1542 rogo,
1147 1491 1230 1529 fisci
1250 1491 1476 1537 advocatos,
1494 1491 1730 1543 dignumque

244 1561 359 1613 “ipsis
380 1570 537 1603 censeo,
557 1564 598 1594 ut
618 1555 728 1594 nobis
744 1554 819 1592 sint
841 1554 1008 1605 propitii,
1028 1553 1274 1591 recordantes
1302 1552 1405 1589 illius
1423 1552 1621 1603 temporis,
1641 1562 1730 1591 cum

267 1636 336 1660 vos
357 1620 481 1673 patria
507 1619 620 1670 ejecti
647 1617 837 1667 bonisque
859 1614 1046 1653 denudati
1074 1615 1172 1651 viros
1198 1613 1423 1651 fortissimos
1447 1613 1642 1651 haberetis
1662 1626 1729 1652 eos

270 1686 300 1722 si
321 1684 385 1734 qui
407 1695 474 1734 pro
498 1680 608 1717 vobis
639 1679 927 1721 occumberent,
949 1676 1097 1726 diisque
1119 1682 1208 1712 vota
1232 1674 1412 1712 faceretis
1437 1680 1481 1711 ut
1499 1674 1634 1712 liceret
1659 1674 1728 1712 ali-

270 1746 429 1796 quando
449 1742 556 1780 vobis
581 1753 713 1779 eorum
744 1738 872 1777 soboli
890 1737 1045 1775 meritas
1071 1743 1200 1787 grates
1223 1736 1455 1787 persolvere.
1513 1735 1596 1773 Has
1622 1748 1730 1774 nunc

268 1814 399 1859 grates
421 1818 487 1843 vos
508 1803 764 1854 reposcimus,
787 1813 832 1838 ex
853 1800 927 1837 illis
957 1800 1036 1836 nati
1063 1807 1101 1836 et
1119 1811 1207 1835 cum
1233 1798 1308 1835 illis
1329 1796 1619 1835 necessitudine
1640 1809 1730 1835 san-

270 1868 396 1920 guinis
410 1865 608 1916 conjuncti
628 1864 692 1914 qui
714 1862 842 1912 capita
862 1874 932 1899 sua
951 1873 1022 1911 pro
1036 1866 1167 1898 vestra
1186 1859 1361 1897 libertate
1382 1858 1530 1896 tuenda
1547 1857 1730 1909 periculis

268 1929 448 1969 extremis
468 1927 705 1978 objecerunt,
731 1936 989 1974 rogamusque
1009 1935 1092 1968 vos,
1113 1929 1156 1959 ut
1183 1920 1312 1959 nolitis
1332 1934 1400 1971 per
1423 1920 1532 1958 nefas
1551 1932 1623 1958 nos
1642 1933 1728 1971 pes-

269 1991 464 2034 sumdare,
479 1988 548 2026 sed
561 1992 705 2038 praesto
722 1985 831 2022 nobis
846 1984 926 2035 poti
933 1997 976 2021 us
990 1997 1076 2021 esse
1096 1983 1222 2020 velitis
1242 1983 1306 2032 qui
1324 1990 1469 2020 vestras
1488 1982 1729 2020 calamitates

268 2050 638 2104 participaverimus.
697 2047 784 2096 Ego
805 2045 984 2096 equidem
1012 2057 1106 2095 rogo
1131 2057 1199 2083 vos
1232 2044 1478 2093 obtestorque
1502 2049 1542 2081 et
1568 2044 1728 2081 obsecro

270 2113 446 2165 supplex,
466 2118 510 2148 ut
528 2115 664 2160 rogata
691 2107 782 2145 mihi
808 2106 1065 2156 indulgeatis:
1096 2118 1174 2143 non
1200 2106 1304 2144 enim
1329 2105 1378 2144 de
1397 2118 1437 2143 re
1455 2105 1603 2143 minuta
1628 2104 1729 2156 peri-

271 2177 460 2221 clitamur,
478 2172 547 2212 sed
562 2172 610 2211 de
628 2170 791 2210 fortunis
811 2169 952 2208 nostris
972 2168 1164 2207 omnibus.
