1822 3219
276 157 352 192 242
919 153 1086 190 LYSIAE

266 269 343 294 non
376 255 541 306 amplius
572 256 763 306 possetis:
795 255 1138 292 introducebantur
1167 251 1325 289 enimin
1347 257 1523 289 senatum
1538 250 1719 294 ‚nefandis

267 316 603 367 Trigintavirorum
623 316 791 366 imperiis
822 316 1064 358 famulatum,
1086 313 1149 350 ubi
1164 312 1351 363 judicium
1376 311 1550 349 habitum
1566 318 1634 350 -est
1649 310 1722 349 hu-

261 377 448 425 jusmodi,
465 390 533 427 pro
550 389 655 414 more
676 376 786 413 istius
807 375 1048 425 tempestatis
1067 373 1225 411 nimium
1244 372 1352 410 vobis
1372 379 1477 414 noto.
1531 371 1723 422 Triginta-

267 438 334 475 viri
354 438 485 476 iisdem
505 438 544 478 in
566 437 759 475 subselliis
780 436 982 480 sedebant,
1001 435 1038 472 in
1068 435 1209 484 quibus
1229 440 1410 484 prytanes
1440 445 1543 471 nunc
1563 432 1722 470 sedent:

267 511 398 537 coram
423 499 597 548 Triginta
621 499 778 535 stabant
802 497 891 534 duae
919 508 1080 539 mensae,
1115 496 1253 544 quibus
1280 495 1316 532 in
1346 495 1489 532 mensis
1515 493 1640 544 palam
1661 492 1725 530 de-

268 559 457 610 ponendae
478 565 609 596 essent
625 558 774 596 testulae
789 560 883 606 (non
907 556 1009 593 enim
1029 556 1173 592 licebat.
1187 567 1267 600 eas,
1285 561 1328 592 ut
1341 562 1456 592 antea
1471 554 1614 592 factum
1627 557 1724 598 erat,

268 620 307 658 in
328 620 518 670 sportulas
540 618 708 669 conjici),
729 624 767 655 et
785 617 1089 654 condemnantes
1108 615 1262 664 quidem
1283 615 1436 653 tabellae
1457 615 1494 652 in
1510 625 1645 652 mensa
1663 624 1727 650 an-

269 682 404 720 teriore
428 681 672 719 absolventes
689 688 819 717 autem
840 680 878 717 in
900 678 1105 729 posteriore
1124 677 1368 728 deponendae
1392 684 1526 715 erant:
1555 687 1724 726 quonam

270 742 400 792 itaque
433 749 548 792 pacto
569 748 636 779 aut
654 741 734 779 fieri
752 746 904 791 poterat
921 746 988 777 aut
1007 738 1167 789 sperari,
1189 744 1232 775 ut
1265 751 1414 776 reorum
1433 737 1635 787 quisquam
1654 736 1723 773 ab·

270 801 507 840 solveretur?
564 802 621 839 Ut
663 813 740 838 uno
778 802 895 839 verbo
934 798 1274 850 comprehendam,
1314 805 1504 849 quotquot
1537 796 1726 848 judicium

272 862 411 912 capitis
443 863 515 900 sub
550 861 608 899 his
641 860 809 912 tyrannis
844 860 1035 905 adierunt,
1066 860 1220 897 omnino
1253 866 1344 897 sunt
1377 871 1510 896 omnes
1541 855 1728 902 damnati,

270 923 538 974 neminemque
568 922 622 959 illi
649 921 910 966 absolverunt,
932 927 1072 972 praeter
1091 921 1193 958 hunc
1211 933 1331 957 unum
1353 921 1599 970 Agoratum;
1621 918 1726 955 hunc

271 991 400 1023 autem
421 984 685 1028 absolverunt,
705 983 814 1033 quasi
833 983 1045 1021 referendae
1063 982 1195 1034 gratiae
1215 994 1323 1032 ergo,
1342 994 1414 1020 ceu
1428 981 1549 1018 virum
1568 979 1726 1018 mirifice
1760 1011 1764 1014 .

270 1046 320 1087 de
342 1058 384 1083 se
404 1045 580 1082 meritum
596 1057 605 1082 :
626 1057 703 1094 quo
718 1049 863 1088 autem,
880 1056 995 1094 quam
1015 1043 1124 1081 multi
1143 1056 1212 1093 per
1230 1042 1346 1092 hujus
1363 1042 1523 1092 Agorati
1542 1040 1727 1080 indicium

271 1107 463 1157 perierint,
481 1106 625 1151 sciatis,
646 1117 777 1144 eorum
797 1105 953 1143 nomina
970 1105 1080 1143 vobis
1099 1104 1285 1142 recitabo.

875 1176 1117 1238 NOMINA.

325 1285 362 1320 9.
393 1283 446 1320 Ut
474 1284 603 1333 itaque
634 1283 792 1320 indicati
819 1283 868 1320 ab
902 1283 1078 1332 Agorato
1100 1282 1210 1320 morti
1229 1280 1400 1319 damnati
1421 1285 1543 1325 erant,
1569 1278 1728 1328 jamque

270 1351 424 1395 tempus
456 1345 623 1382 instabat
654 1357 732 1394 quo
769 1344 852 1381 dira
880 1344 964 1381 haec
1001 1344 1193 1382 sententia
1225 1343 1263 1380 in
1298 1343 1467 1393 ipsorum
1505 1340 1728 1391 corporibus

271 1412 378 1444 esset
407 1405 668 1455 exsequenda,
698 1405 947 1442 arcessebant
973 1404 1102 1442 miseri
1130 1405 1170 1441 in
1197 1415 1404 1448 carcerem,
1430 1401 1525 1440 alius
1544 1413 1728 1447 sororem,

272 1466 368 1503 alius
399 1472 575 1512 matrem,
598 1465 695 1503 alius
726 1478 899 1511 uxorem,
928 1473 995 1502 aut
1031 1477 1272 1515 quaecunque
1293 1464 1367 1500 alia
1394 1463 1532 1512 cuique
1560 1461 1730 1499 necessi-

271 1527 366 1564 tudo
399 1534 493 1571 erat,
524 1534 566 1563 ut
597 1525 841 1564 necessarios
873 1538 1096 1576 supremum
1123 1525 1302 1575 amplexi,
1330 1537 1398 1561 ave
1422 1530 1591 1561 extremo
1613 1522 1731 1568 dicto,

273 1589 344 1625 iter
365 1586 602 1625 irremeabile
624 1586 930 1636 ingrederentur.
987 1585 1281 1637 Dionysodorus
1301 1585 1429 1633 itaque
1449 1595 1622 1628 uxorem,
1642 1595 1730 1633 quae

271 1648 405 1686 eadem
427 1660 512 1685 mea
525 1660 631 1686 soror
644 1654 716 1691 est,
731 1647 769 1683 in
790 1659 984 1684 carcerem
998 1647 1046 1684 ad
1062 1660 1102 1684 se
1120 1646 1351 1683 arcessebat.
1411 1644 1555 1681 Audito
1570 1644 1636 1681 illa
1651 1657 1731 1683 ma·

271 1709 333 1746 riti
352 1721 445 1747 casu
463 1708 570 1746 venit
589 1707 749 1758 pullata,
766 1714 809 1744 ut
828 1720 897 1757 par
916 1716 996 1745 erat
1016 1708 1053 1744 in
1077 1713 1185 1745 tanto
1209 1706 1290 1757 ejus
1312 1705 1530 1744 infortunio.
1589 1705 1728 1742 Coram

271 1770 344 1807 hac
364 1770 479 1819 igitur
498 1781 627 1807 sorore
647 1781 733 1806 mea
753 1767 1055 1818 Dionysodorus
1074 1768 1122 1806 de
1138 1780 1179 1804 re
1193 1766 1449 1804 suasamiliari
1469 1778 1514 1803 ex
1536 1764 1650 1803 animi
1671 1766 1731 1803 sui

270 1829 468 1868 sententia
486 1829 763 1873 constituebat,
795 1836 909 1878 prout
935 1842 1099 1879 quaeque
1120 1836 1208 1879 post
1227 1839 1430 1865 excessum
1456 1839 1567 1863 suum
1587 1827 1650 1877 agi
1669 1839 1734 1877 ge-

272 1891 380 1941 rique
407 1891 537 1935 vellet,
558 1897 598 1928 et
617 1890 690 1928 hoc
711 1889 758 1926 de
780 1890 952 1939 Agorato
974 1890 1156 1940 imprimis
1177 1889 1230 1926 ita
1248 1887 1535 1939 pronuntiabat,
1552 1900 1640 1924 eum
1660 1887 1732 1925 sibi

273 1959 353 1990 tam
381 1953 532 1990 acerbae
558 1952 663 1989 necis
690 1951 841 1988 fabrum
870 1964 969 1997 esse,
1002 1951 1170 2000 mihique
1204 1951 1288 2000 [per
1317 1961 1474 1986 uxorem
1504 1947 1632 1996 suam]
1653 1947 1733 1986 fra-

273 2015 399 2064 trique
419 2027 490 2052 suo
511 2012 700 2062 Dionysio
717 2011 930 2049 mandabat
949 2012 1178 2060 caeterisque
1205 2009 1336 2047 amicis
1357 2007 1548 2052 omnibus,
1577 2014 1621 2044 ut
1641 2020 1730 2045 san-

275 2075 431 2124 guinem
458 2085 571 2110 suum
592 2071 805 2120 aliquando
838 2071 1026 2120 sanguine
1052 2069 1214 2120 Agorati
1233 2080 1596 2118 compensaremus:
1625 2068 1734 2106 uxori

274 2142 417 2181 autem,
447 2146 564 2185 quam
595 2132 865 2183 suspicabatur
897 2137 1006 2168 utero
1037 2144 1085 2168 ex
1113 2144 1153 2168 se
1184 2143 1329 2180 gerere,
1362 2128 1599 2179 injungebat,
1631 2135 1674 2166 ut
1700 2128 1732 2166 si

274 2208 418 2233 marem
449 2194 673 2245 peperisset,
708 2205 795 2230 eum
821 2191 998 2230 adultum
1025 2191 1142 2241 patris
1175 2189 1332 2228 nomine
1358 2188 1557 2226 certiorem
1575 2188 1731 2234 faceret,

276 2264 424 2307 patrem
453 2258 500 2295 ab
524 2255 684 2306 Agorati
707 2255 842 2305 lingua
867 2267 939 2293 ceu
970 2255 1050 2292 sica
1074 2253 1284 2291 cecidisse:
1309 2252 1446 2302 jubere
1464 2251 1594 2302 itaque
1614 2259 1733 2302 atque

275 2319 463 2367 imperare
482 2317 572 2361 filio,
605 2322 650 2352 ut
681 2327 812 2352 manes
834 2315 954 2365 patris
982 2313 1141 2364 Agorati
1171 2312 1358 2363 sanguine
1390 2312 1576 2363 placaret.
1631 2313 1733 2350 Vera

276 2392 337 2416 me
356 2378 442 2415 haec
461 2377 602 2422 dicere,
622 2381 744 2413 testes
760 2376 1043 2414 confirmabunt
1062 2387 1084 2412 a
1103 2387 1164 2412 me
1183 2373 1439 2424 producendi.

900 2462 1116 2499 TESTES.

336 2550 396 2585 10.
427 2547 478 2584 Hi
511 2559 617 2596 ergo,
640 2546 743 2596 quod
765 2559 809 2583 ex
830 2545 973 2583 indicio
1004 2546 1165 2596 Agorati
1185 2558 1208 2583 a
1226 2544 1558 2583 commentariensi
1578 2544 1730 2594 publico

278 2611 316 2646 in
337 2608 487 2647 tabulas
506 2600 777 2657 perduellionis
797 2619 948 2644 reorum
980 2612 1111 2644 essent
1130 2605 1254 2650 relati,
1285 2612 1496 2642 extremum
1521 2605 1732 2642 tolerarunt

280 2669 534 2719 supplicium:
564 2673 608 2704 ut
634 2674 762 2704 autem
792 2666 861 2703 hos
880 2666 1125 2717 Trigintaviri
1145 2665 1392 2709 sustulerant,
1421 2666 1543 2703 nostis
1564 2665 1635 2717 ipsi
1662 2678 1730 2704 vos

279 2743 392 2780 quam
415 2728 538 2766 multa
556 2734 596 2765 et
613 2740 730 2778 quam
749 2726 832 2764 dira
851 2726 951 2764 mala
982 2740 1103 2777 remp.
1134 2725 1394 2778 oppresserint
1412 2739 1421 2769 ;
1453 2739 1615 2777 quorum
1649 2738 1730 2764 om·

279 2790 385 2841 nium
416 2801 534 2827 causa
552 2788 644 2827 huic
660 2789 833 2839 Agorato
854 2794 912 2825 est
932 2788 1148 2834 referenda,
1175 2787 1240 2837 qui
1258 2785 1354 2824 istos
1375 2787 1528 2825 occidit.
1587 2786 1730 2825 invitus

279 2850 456 2900 equidem
477 2849 590 2896 facio,
609 2849 788 2889 moestitia
807 2855 846 2887 et
863 2848 970 2888 luctu
990 2855 1242 2899 repugnante,
1271 2853 1315 2885 ut
1341 2848 1516 2898 publicas
1545 2847 1674 2888 clades
1693 2848 1731 2885 in
