1822 3219
650 495 1053 551 LYSIAE

276 647 660 697 CONTRA
715 646 1407 696 PHILOCRATEM

689 769 1008 812 EPILOGUS.

176 958 210 995 l.
239 957 488 995 CERTAMEN
510 957 598 1002 hoc,
623 955 793 1006 judices,
820 962 880 994 est
909 954 949 992 id
977 953 1133 1005 quidem
1157 951 1248 990 mihi
1267 966 1382 1005 quam
1401 954 1572 993 futurum

115 1031 356 1068 speraveram
373 1019 423 1056 ad
443 1017 575 1065 amicis
595 1017 798 1056 desertius.
855 1016 1040 1054 Omnium
1059 1016 1172 1061 enim,
1194 1016 1258 1066 qui
1280 1015 1387 1054 multi
1407 1017 1571 1063 fuerant,

116 1091 231 1117 nemo
249 1080 373 1117 verbis
399 1079 478 1116 suis
504 1079 620 1116 fidem
649 1092 690 1116 re
716 1091 818 1116 nunc
845 1078 962 1116 fecit:
993 1083 1238 1114 accusatores
1272 1075 1497 1114 Philocratis
1530 1090 1572 1115 se

116 1139 198 1177 fore
216 1152 304 1177 cum
324 1139 414 1177 mihi
433 1139 708 1184 condixissent,
736 1140 885 1190 copiam
916 1138 974 1177 sui
1001 1150 1103 1175 nunc
1133 1137 1278 1175 nullam
1309 1137 1467 1175 faciunt.
1526 1138 1570 1176 Id

114 1200 219 1250 quod
239 1213 354 1250 penes
376 1213 435 1240 me
456 1200 609 1251 quidem
629 1207 899 1251 argumentum
918 1206 978 1237 est
998 1198 1105 1236 nullo
1120 1198 1194 1236 alio
1209 1198 1408 1244 infirmius,
1424 1199 1461 1236 in
1477 1212 1573 1237 con-

115 1261 280 1299 ficiendo
302 1261 428 1300 indice
453 1263 639 1300 bonorum
666 1263 712 1300 ab
745 1261 907 1311 Ergocle
934 1260 1152 1298 relictorum
1174 1266 1215 1296 et
1234 1273 1257 1296 a
1274 1260 1383 1297 vobis
1404 1260 1570 1310 proscri—

113 1327 280 1371 ptorum,
299 1322 364 1372 qui
383 1322 499 1360 index
520 1322 643 1360 aerarii
663 1321 778 1360 vestri
798 1320 1058 1371 quaestoribus
1079 1319 1268 1358 exhibitus
1289 1327 1361 1366 est,
1381 1333 1571 1358 summam

113 1381 229 1421 fidem
255 1395 339 1420 esse
368 1390 561 1422 versatam
589 1395 757 1433 eumque
776 1382 926 1420 veritati
955 1381 1008 1419 rei
1033 1394 1119 1419 esse
1146 1387 1470 1418 consentaneum:
1502 1381 1571 1419 Er-

114 1443 235 1494 goclis
255 1444 356 1481 enim
376 1445 562 1482 bonorum
581 1445 652 1482 nisi
672 1444 827 1495 grandis
848 1443 971 1495 portio
995 1455 1112 1494 penes
1140 1441 1398 1480 Philocratem
1419 1442 1569 1488 fuisset,

112 1510 190 1543 tam
211 1505 322 1543 facile
342 1506 514 1556 profecto
541 1506 629 1544 huic
657 1518 734 1543 non
764 1505 902 1542 fuisset
932 1510 1177 1541 accusatores
1209 1502 1425 1552 profligare.
1484 1502 1571 1551 Ego

111 1577 201 1615 vero
220 1578 286 1604 vos
305 1579 438 1604 omnes
454 1580 569 1604 nosse
589 1572 760 1610 autumo,
774 1565 942 1616 judices,
958 1563 1165 1613 Ergoclem
1185 1562 1272 1599 ideo
1288 1575 1311 1600 a
1327 1561 1431 1600 vobis
1445 1569 1570 1600 morte

112 1626 337 1669 mulctatum
365 1639 462 1672 esse,
487 1627 591 1677 quod
628 1626 811 1677 peculatu
837 1625 1089 1663 substantiam
1119 1622 1277 1672 triginta
1309 1623 1462 1661 talentis
1489 1635 1570 1660 am-

109 1686 271 1736 pliorem
297 1688 622 1725 corrotundasset.
681 1687 803 1736 Cujus
823 1687 860 1724 in
882 1686 973 1723 urbe
993 1697 1065 1722 nec
1086 1685 1172 1722 vola
1190 1696 1261 1721 nec
1282 1684 1484 1734 vestigium
1505 1697 1571 1722 su-

111 1753 244 1797 perest
263 1748 527 1798 conspicuum.
583 1748 670 1788 Quo
690 1753 818 1784 autem
846 1746 921 1784 alio
950 1745 1120 1783 converti
1146 1751 1213 1782 aut
1230 1744 1307 1782 rubi
1334 1757 1426 1794 opes
1455 1745 1573 1783 inter-

111 1821 240 1847 versas
260 1821 432 1858 quaerere
451 1807 631 1859 oportet?
687 1807 788 1845 Nam
810 1807 841 1843 si
863 1805 1019 1856 Ergocli
1039 1807 1142 1843 bona
1162 1806 1318 1843 fuerunt
1343 1818 1432 1854 quae
1452 1806 1570 1844 fuisse

109 1876 274 1915 constat,
295 1883 507 1920 eorumque
533 1871 721 1907 bonorum
742 1868 836 1905 nihil
856 1880 1019 1917 usquam
1039 1867 1077 1903 in
1096 1866 1302 1917 propatulo
1321 1873 1480 1917 prostat,
1501 1880 1569 1905 ne—

110 1944 221 1970 cesse
248 1939 311 1969 est
335 1931 475 1970 alicubi
505 1932 680 1969 latitare:
711 1937 749 1968 et
782 1930 813 1968 si
845 1929 1011 1973 latitant,
1040 1928 1160 1966 multo
1189 1935 1249 1965 est
1277 1929 1568 1966 convenientius

111 1993 214 2043 apud
234 1993 391 2038 amicos,
410 1993 558 2038 affines,
577 1999 692 2042 atque
711 1991 917 2028 familiares
937 1990 1102 2035 latitare,
1123 2001 1238 2039 quam
1258 1989 1359 2039 apud
1381 1989 1568 2028 inimicos.

111 2053 327 2096 Quemnam
343 2066 431 2092 vero
442 2053 638 2091 hominum
655 2052 821 2090 omnium
834 2064 953 2088 unum
967 2051 1120 2101 majoris
1136 2050 1228 2087 fecit
1242 2050 1436 2099 Ergocles,
1452 2064 1568 2100 quam

110 2115 401 2154 Philocratem?
430 2129 635 2166 quemnam
652 2115 785 2153 habuit
800 2115 982 2152 cariorem
1001 2113 1016 2150 ’ξ
1044 2126 1158 2164 quem
1173 2113 1296 2163 magis
1317 2113 1569 2152 familiarem?

110 2175 216 2223 Non,
234 2190 348 2228 quem
378 2177 516 2215 civium
550 2176 718 2215 omnium
753 2174 1043 2225 egentissimum
1076 2174 1170 2211 urbe
1205 2186 1338 2211 secum
1369 2173 1570 2220 eduxerat,

110 2236 215 2275 hunc
231 2237 396 2275 eundem
416 2238 567 2275 reduxit
586 2237 930 2288 locupletissimum
946 2235 962 2272 ἲ
989 2247 1068 2273 non
1084 2247 1169 2272 eum
1186 2240 1415 2284 quaestorem
1430 2235 1568 2286 opibus

108 2297 189 2335 suis
208 2298 414 2347 praefecit?
442 2311 519 2335 non
548 2305 742 2348 postremo
772 2296 1021 2336 trierarchum
1054 2294 1224 2333 creavit?
1253 2296 1486 2345 Quanquam
1507 2309 1567 2335 res

106 2358 282 2409 profecto
303 2358 352 2396 sit
372 2358 559 2404 miranda,
575 2372 652 2408 quo
672 2367 846 2409 ternpore
865 2358 929 2395 alii
949 2356 1185 2408 patrimoniis
1204 2356 1448 2406 amplissimis
1471 2370 1568 2407 prae-

110 2419 180 2457 diti
206 2432 275 2469 per
303 2419 620 2457 trierarchatuum
649 2419 844 2468 impendia
870 2419 919 2456 ad
945 2424 1154 2467 egestatem
1175 2417 1402 2456 deciderunt
1421 2417 1469 2454 de
1489 2431 1566 2467 qua

109 2494 235 2518 amare
254 2488 479 2531 queruntur,
497 2494 542 2518 eo
562 2488 736 2531 tempore
755 2481 873 2527 hunc,
886 2479 951 2530 qui
971 2486 1084 2517 antea
1103 2478 1217 2529 plane
1233 2478 1324 2515 nihil
1344 2479 1381 2515 in
1402 2477 1565 2517 fortunis

109 2542 317 2588 habuisset,
347 2542 542 2580 trierarchi
573 2548 842 2593 sumptuosum
875 2554 1012 2578 munus
1043 2540 1249 2591 expetisse.
1307 2538 1407 2575 Nam
1433 2538 1564 2589 utique

110 2603 357 2640 trierarchum
389 2603 576 2654 Ergocles
606 2603 712 2641 hunc
740 2602 996 2641 Philocratem
1027 2614 1073 2639 eo
1101 2600 1258 2644 creavit,
1288 2611 1365 2635 non
1395 2611 1470 2648 quo
1502 2611 1564 2637 res

109 2663 228 2714 ipsius
248 2662 442 2701 familiaris
465 2664 714 2709 minueretur,
733 2662 800 2702 sed
821 2677 896 2714 quo
917 2668 1107 2714 quaestum
1128 2673 1174 2696 ex
1195 2672 1241 2697 eo
1262 2671 1417 2696 munere
1438 2658 1566 2697 Philo-

107 2731 233 2761 crates
253 2723 398 2761 faceret
422 2724 730 2775 pinguissimum,
745 2737 867 2775 eoque
888 2723 1036 2762 fidelius
1057 2733 1128 2758 sua
1148 2719 1363 2770 [Ergoclis]
1381 2720 1484 2757 bona
1501 2733 1564 2758 cu-

106 2784 270 2823 stodiret
289 2791 401 2835 atque
423 2786 726 2829 administraret;
755 2799 842 2823 cum
872 2796 984 2822 nemo
1014 2780 1173 2831 Ergocli
1201 2787 1317 2826 esset,
1338 2793 1413 2831 quo
1439 2782 1563 2830 magis

104 2846 261 2892 fideret,
294 2853 408 2897 atque
440 2846 512 2885 hoc
538 2847 768 2887 Philocrate.
827 2846 900 2885 Cui
930 2857 1006 2882 non
1036 2847 1183 2894 patent,
1204 2849 1246 2879 ut
1270 2842 1447 2893 equidem
1474 2840 1562 2879 mihi
