1822 3219
641 107 747 145 PRO
780 106 987 145 MILITE.
1470 106 1545 141 205

93 218 228 255 iterum
249 216 461 260 adducunt,
481 222 533 262 et,
553 216 600 253 ab
632 213 863 265 argumentis
885 211 1058 250 destituti
1088 211 1225 261 quibus
1250 211 1402 261 culpam
1425 223 1554 248 meam

94 278 284 322 evincant,
315 278 489 316 convitiis
519 284 558 314 et
576 275 776 315 calumniis
802 288 864 313 me
891 275 1064 312 nituntur
1094 273 1268 318 obruere,
1296 286 1390 323 quas
1419 273 1458 310 in
1489 285 1549 309 me

96 341 319 390 conjiciunt,
338 348 380 377 ut
399 352 421 377 a
438 339 570 376 studiis
586 337 679 376 meis
695 337 853 382 alienas,
867 337 920 374 ita
934 348 1021 373 cum
1035 334 1204 372 moribus
1220 346 1349 371 eorum
1365 340 1550 384 cognatas

99 409 138 439 ct
157 409 449 439 consentaneas.

152 465 189 500 5.
220 463 460 510 Quamquam
477 461 591 510 igitur
607 459 643 495 hi
657 459 811 509 quidem
825 458 929 496 omni
943 457 1183 497 contendunt
1197 455 1343 494 efficere
1360 456 1550 502 machina,

100 531 141 561 ut
163 522 308 574 judicio
327 522 487 559 cadam:
520 534 585 558 vos
607 527 746 564 tamen,
772 519 937 570 judices,
957 532 1113 569 aequum
1132 525 1192 555 est
1211 531 1286 555 non
1317 517 1395 567 pati
1414 517 1552 554 horum

100 583 306 622 calumnias
323 590 473 621 tanturn
493 595 611 633 penes
631 581 777 619 animos
796 587 944 619 vestros
960 581 1099 626 valere,
1118 588 1162 617 ut
1182 586 1249 617 aut
1268 592 1328 616 me
1349 578 1553 625 damnetis,

100 653 166 683 aut
183 645 313 682 horum
335 643 562 681 rescindatis
589 642 817 681 sententiam
836 642 903 692 qui
923 641 1137 680 secundum
1162 654 1223 678 me
1244 640 1412 691 legitime
1435 647 1551 691 atque

100 706 256 745 civiliter
289 705 597 756 pronuntiarunt.
664 705 888 746 Quaestores
921 703 1022 741 enim
1053 701 1269 740 secundum
1297 701 1404 750 leges
1437 711 1475 738 et
1506 714 1552 738 ex

99 779 209 817 aequo
239 772 355 816 atque
383 772 643 803 consentaneo
662 770 837 814 egerunt,
868 763 1053 814 nulloque
1083 762 1199 800 modo
1225 762 1466 813 praevaricati
1486 762 1553 799 de-

97 826 388 878 prehenduntur
406 840 530 877 neque
550 825 731 864 admissae
746 825 893 863 fraudis
915 826 1023 876 argui
1043 831 1229 876 possunt;
1261 829 1411 861 constat
1426 824 1553 874 potius

97 889 196 926 inter
215 901 359 933 omnes,
379 901 446 926 eos
460 889 526 939 jus
547 894 586 926 et
603 888 662 925 fas
684 889 796 925 rebus
816 887 900 925 aliis
919 887 1097 924 omnibus
1125 886 1407 923 antehabuisse.
1465 885 1553 923 Jam

98 951 146 988 ab
165 950 271 989 hisce
291 950 447 1000 quidem
466 950 627 988 inimicis
646 949 742 987 meis
762 949 867 987 haud
887 949 998 987 mirer
1018 948 1049 986 si
1067 949 1170 998 quod
1192 961 1377 999 accepero
1397 947 1554 993 malum,

101 1013 306 1062 animoque
323 1012 361 1049 id
379 1011 452 1049 hoc
468 1012 539 1049 sim
555 1011 701 1049 laturus
717 1010 896 1061 aequiore,
911 1010 1017 1060 quod
1036 1023 1059 1047 a
1073 1010 1158 1060 lege
1176 1018 1323 1046 naturae
1338 1008 1557 1046 necessaria

99 1073 152 1110 sic
173 1074 291 1111 sciam
311 1073 523 1110 institutum
543 1085 628 1110 esse
647 1082 691 1110 ut
709 1072 850 1109 inimici
868 1071 1030 1109 inimicis
1050 1071 1351 1115 incommodent,
1370 1077 1408 1107 et
1426 1082 1555 1107 rursus

102 1134 214 1172 amici
233 1148 300 1172 eos
318 1147 416 1185 quos
436 1134 599 1184 diligant
617 1140 754 1171 ornent
774 1140 1041 1184 augeantque:
1070 1146 1093 1171 a
1108 1132 1216 1169 vobis
1232 1139 1372 1176 autem,
1387 1131 1555 1182 judices,

102 1195 134 1232 si
153 1208 236 1233 meo
257 1209 318 1233 me
338 1197 424 1247 jure
445 1196 613 1234 fraudari
634 1197 848 1245 contingat,
870 1195 992 1232 multo
1013 1195 1051 1231 id
1071 1207 1144 1244 ego
1173 1194 1239 1231 sim
1263 1194 1391 1231 animo
1410 1193 1557 1232 laturus

99 1255 302 1306 iniquiore.
368 1257 553 1294 Futurum
580 1256 682 1294 enim
713 1263 817 1294 esset
848 1262 944 1301 tum,
972 1263 1016 1293 ut
1046 1255 1197 1293 cladem
1227 1255 1330 1292 hanc
1362 1255 1558 1306 accepisse

99 1316 260 1364 viderer,
294 1331 372 1356 non
411 1319 460 1356 ab
505 1317 746 1356 inimicorum
793 1318 896 1363 odio,
938 1317 1007 1355 sed
1042 1330 1065 1354 a
1101 1315 1265 1354 civitatis
1303 1316 1556 1367 improbitate.

99 1378 267 1417 Nomine
284 1380 439 1430 quidem
459 1387 570 1417 tenus
590 1393 748 1418 causam
764 1379 850 1417 dico
873 1379 1036 1417 nominis
1053 1378 1127 1417 mei
1146 1378 1245 1416 inter
1263 1379 1420 1416 aerarios
1435 1379 1559 1426 relati,

100 1452 237 1491 reapse
258 1448 387 1479 autem
415 1441 568 1492 capitis.
623 1442 697 1480 Jus
719 1440 822 1478 enim
843 1441 907 1478 ubi
929 1453 1057 1478 meum
1077 1452 1100 1477 a
1118 1440 1228 1477 vobis
1247 1439 1560 1490 impetravero——

100 1501 139 1540 id
158 1503 263 1553 quod
278 1516 338 1540 me
355 1503 641 1553 impetraturum
656 1515 740 1540 esse
758 1502 938 1552 aequitate
951 1501 1316 1539 vestraessvoluntatis
1331 1501 1557 1548 confido-‚

101 1564 263 1602 manebo
281 1563 318 1600 in
335 1564 429 1600 urbe
446 1576 455 1600 t
487 1576 597 1600 secus
613 1570 741 1600 autem
758 1563 788 1600 si
803 1564 882 1609 fiat,
897 1570 940 1600 ut
954 1563 1104 1601 scilicet
1119 1565 1166 1600 ab
1182 1563 1264 1600 istis
1279 1576 1364 1600 reus
1380 1571 1560 1614 peractus

102 1626 279 1675 (peragar
298 1632 439 1670 autem,
457 1625 488 1662 si
508 1625 588 1668 fiat,
604 1637 670 1674 per
690 1624 822 1670 nefas)
838 1637 860 1661 a
876 1624 981 1661 vobis
1003 1624 1174 1668 damner,
1190 1625 1448 1662 vaeneundum
1468 1626 1559 1663 mihi

103 1686 152 1722 sit
171 1687 242 1723 sub
263 1698 427 1727 corona;
458 1698 532 1735 ego
552 1698 639 1722 vero
669 1690 747 1722 tam
768 1684 1033 1734 ignominiosae
1054 1698 1178 1734 poenae
1199 1685 1444 1723 acerbitatem
1465 1686 1559 1736 fuga

103 1753 352 1783 antevertam.
407 1746 541 1795 Ecqua
567 1745 667 1783 enim
688 1759 747 1783 me
775 1759 863 1795 spes
895 1745 1041 1791 invitet,
1076 1753 1117 1782 ut
1147 1759 1258 1796 porro
1288 1748 1559 1787 communione

105 1812 241 1843 vestrae
271 1807 435 1844 civitatis
464 1807 520 1843 uti
538 1805 723 1857 pergam?
753 1813 818 1843 aut
838 1819 914 1856 qua
933 1819 1008 1857 ego
1029 1814 1156 1844 mente
1184 1807 1283 1845 inter
1301 1821 1369 1845 vos
1391 1808 1560 1859 degam?

103 1866 168 1916 qui
198 1866 494 1905 adversariorum
520 1868 688 1905 furorem
719 1880 807 1905 cum
836 1874 1002 1913 teneam,
1033 1876 1113 1905 tum
1134 1868 1312 1918 praesidio
1335 1869 1432 1920 juris
1458 1871 1560 1920 aequi

106 1927 303 1966 obtinendi
315 1942 477 1966 caream.
532 1929 645 1980 Agite
659 1942 762 1980 ergo,
774 1929 939 1977 judices,
954 1929 1020 1979 jus
1035 1937 1072 1966 et
1088 1930 1145 1967 fas
1161 1931 1272 1968 rebus
1287 1930 1369 1968 aliis
1383 1932 1560 1970 omnibus

107 1989 379 2035 anteferentes,
399 1990 722 2040 recordantesque
743 2003 845 2040 saepe
866 2003 888 2026 a
906 1990 1014 2027 vobis
1036 1991 1150 2028 etiam
1175 1992 1212 2027 in
1234 1991 1445 2029 manifestis
1466 1993 1560 2031 faci-

107 2050 265 2088 noribus
283 2051 404 2088 veniae
434 2051 628 2089 lenitatem
659 2051 850 2089 severitati
881 2064 1078 2101 poenarum
1107 2052 1289 2102 praeferri,
1315 2053 1435 2090 nolite
1455 2067 1560 2093 corn-

107 2111 271 2156 msttere,
303 2120 346 2149 ut
379 2112 552 2150 homines
584 2113 755 2151 insontes
793 2112 1030 2150 inimicorum
1065 2113 1283 2152 crudelitati
1315 2114 1558 2162 condonetis,

107 2172 288 2210 sinatisve
314 2175 363 2212 ob
393 2173 518 2211 aliena
544 2175 633 2213 odia
661 2187 853 2213 summum
883 2187 949 2225 per
975 2174 1160 2225 flagitium
1187 2175 1559 2227 inexsuperabilibus

108 2233 227 2284 mergi
246 2233 537 2274 calamitatibus.
