1822 3219
820 518 1147 606 LYSIAE

518 707 832 757 CONTRA
881 708 1447 757 DARDANARIOS

858 840 1105 882 ORATIO.

315 1069 349 1104 l.
378 1066 534 1103 MULTr
555 1079 616 1104 me
632 1074 910 1112 convenerunt,
924 1066 1091 1117 judices,
1111 1067 1176 1117 qui
1203 1080 1243 1105 se
1264 1068 1386 1106 mirari
1408 1067 1579 1105 dicerent
1607 1067 1711 1118 quod

257 1141 331 1178 ego
356 1128 627 1166 frumentarios
658 1136 899 1179 coemptores
931 1128 968 1165 in
1000 1135 1136 1165 senatu
1169 1141 1424 1174 accusassem,
1456 1125 1712 1180 auctoresque

256 1189 346 1226 mihi
379 1195 524 1234 essent,
552 1189 703 1227 tametsi
743 1202 808 1226 eos
842 1189 1140 1239 flagitiosissime
1174 1190 1364 1228 censeatis
1396 1202 1525 1241 agere,
1555 1202 1713 1229 censere

256 1256 383 1288 tamen
399 1263 483 1295 vos,
502 1257 749 1288 accusatores
771 1263 900 1288 eorum
923 1250 1041 1288 nihilo
1062 1251 1152 1301 ipsis
1174 1264 1261 1289 esse
1279 1252 1480 1302 aequiores,
1495 1250 1562 1289 sed
1586 1251 1636 1289 ab
1653 1251 1713 1290 his

257 1311 342 1349 illos
364 1312 494 1362 iniqua
513 1325 629 1349 causa
655 1312 828 1362 opprimi.
887 1312 1085 1363 Exponam
1115 1312 1246 1362 itaque
1275 1313 1396 1363 primo
1424 1311 1632 1363 loco,quid
1652 1321 1714 1351 me

255 1374 426 1423 coegerit
444 1373 512 1410 hos
532 1385 726 1410 accusare.

309 1436 346 1470 Q.
379 1433 568 1483 Prytanes
583 1433 639 1470 his
662 1433 709 1470 de
729 1432 946 1471 hominibus
969 1435 1017 1471 ad
1040 1441 1217 1471 senatum
1238 1447 1326 1472 cum
1347 1434 1586 1480 retulissent,
1606 1440 1713 1472 tanta

256 1494 398 1532 exarsit
417 1500 576 1531 senatus
596 1494 632 1530 in
654 1507 721 1531 eos
742 1494 956 1540 iracundia,
977 1501 1020 1532 ut
1037 1502 1167 1532 essent
1184 1495 1223 1531 in
1240 1495 1468 1540 oratoribuS,
1485 1495 1550 1546 qui
1566 1496 1717 1534 senatui

255 1564 433 1595 auctores
453 1557 601 1601 fierent,
616 1562 657 1593 ut
674 1556 940 1594 frumentarios
957 1557 1101 1594 indicta
1115 1570 1232 1595 causa
1254 1565 1374 1595 morte
1391 1558 1636 1597 mulctandos
1651 1571 1718 1596 un-

257 1619 472 1657 decimviris
499 1618 681 1655 traderet.
740 1618 824 1668 Ego
844 1631 932 1656 vero
961 1632 1077 1669 grave
1106 1625 1143 1656 et
1171 1619 1368 1669 indignum
1399 1625 1520 1664 ratus,
1539 1626 1716 1657 senatum

257 1680 330 1718 hoc
351 1680 466 1717 modo
497 1679 694 1717 assuefieri
723 1692 922 1729 poenarum
954 1685 1208 1717 extremarum
1239 1679 1522 1730 praecipitandis
1552 1693 1716 1718 exsecu-

258 1741 440 1786 tionibus,
462 1753 547 1778 curn
571 1740 880 1785 assurrexissem,
898 1739 976 1777 dixi
998 1752 1057 1777 me
1079 1753 1254 1785 censere,
1270 1741 1452 1778 adversus
1473 1750 1714 1792 coemptores

256 1802 526 1840 frumentarios
546 1800 916 1852 oporterejudicium
934 1813 982 1838 ex
998 1800 1161 1838 formula
1174 1814 1376 1851 processus
1391 1802 1549 1839 forensis
1566 1802 1716 1844 instrui,

259 1863 363 1913 quod
384 1863 653 1908 existimarem,
672 1875 756 1907 vos,
773 1862 937 1913 judices,
958 1862 1230 1909 frumentariis,
1250 1864 1280 1900 si
1302 1863 1420 1913 digna
1434 1870 1605 1901 extremo
1624 1877 1713 1915 sup-

257 1924 370 1976 plicio
392 1925 533 1962 secisse
547 1924 713 1962 fuissent
731 1923 998 1969 convicti‚non
1015 1924 1141 1961 minus
1161 1937 1247 1961 esse
1263 1924 1368 1974 justa
1388 1924 1612 1962 decreturos
1633 1938 1713 1975 poe-

258 1999 423 2036 namque
445 1985 585 2023 meritis
602 1985 759 2035 dignam
773 1986 1021 2035 irrogaturOS,
1038 1990 1152 2034 atque
1171 1998 1256 2030 nos,
1270 1992 1467 2023 senatores
1482 1986 1544 2036 qui
1559 1999 1714 2024 sumus:

260 2049 317 2085 sin
345 2053 472 2084 autem
500 2046 592 2084 nihil
614 2046 881 2095 deliquissent,
904 2059 980 2083 non
1001 2054 1178 2095 oportere
1204 2058 1270 2083 eos
1297 2046 1443 2083 indicta
1461 2059 1580 2084 causa
1598 2046 1715 2084 exitio

259 2109 352 2146 dari.
385 2109 473 2151 Qua
487 2107 657 2145 oratione
676 2106 823 2144 senatui
837 2108 1062 2157 approbata,
1077 2113 1184 2144 erant
1197 2107 1261 2157 qui
1284 2120 1343 2145 me
1357 2113 1588 2145 conarentur
1606 2107 1643 2144 in
1656 2108 1713 2145 in-

259 2170 400 2207 vidiam
421 2168 613 2206 adducere
633 2181 677 2206 ac
699 2168 727 2205 si
742 2167 870 2205 studio
886 2167 1154 2205 frumentarios
1171 2167 1347 2205 servandi
1362 2167 1477 2219 hujus
1492 2181 1565 2218 ego
1585 2168 1712 2206 factus

259 2244 384 2268 essem
417 2236 552 2268 auctor
584 2229 799 2267 sententiae.
860 2229 944 2278 Ego
964 2241 1054 2266 vero
1084 2228 1186 2278 apud
1218 2236 1394 2266 senatum
1428 2229 1598 2278 quidem,
1626 2241 1715 2266 cum

257 2293 367 2330 istaec
382 2304 501 2330 causa
519 2291 740 2341 agitaretur,
756 2289 843 2327 huic
860 2289 1116 2327 criminationi
1137 2288 1324 2326 satisfeci:
1355 2289 1512 2339 reliquis
1533 2289 1632 2327 enirn
1656 2302 1715 2327 se-

260 2353 457 2391 natoribus
476 2351 708 2395 tacentibus,
730 2363 817 2388 cum
845 2350 1154 2395 assurrexissem,
1174 2350 1443 2387 frumentarios
1472 2350 1527 2387 ita
1556 2363 1716 2388 accusa—

260 2417 362 2460 bam,
383 2422 426 2452 ut
446 2415 514 2452 toti
535 2413 734 2451 consessui
757 2413 913 2463 planum
933 2412 1100 2450 facerem
1121 2426 1180 2449 me
1211 2426 1279 2463 pro
1299 2413 1343 2449 iis
1365 2425 1442 2450 non
1467 2413 1624 2458 dixisse,
1646 2414 1715 2451 sed

259 2477 411 2528 legibus
430 2476 466 2514 in
485 2474 678 2525 republica
696 2481 827 2511 nostra
849 2474 1006 2511 sancitis
1027 2475 1262 2512 subvenisse.
1320 2473 1402 2510 Has
1418 2486 1489 2524 ego
1508 2474 1556 2510 ob
1577 2486 1716 2511 causas

261 2538 365 2576 litem
387 2537 489 2575 hanc
505 2548 660 2573 exorsus
675 2548 779 2573 sum:
802 2542 977 2572 metuens
995 2542 1120 2572 autem
1140 2548 1160 2571 a
1177 2534 1290 2585 plebe
1310 2533 1607 2581 c1·iminationeS‚
1627 2534 1716 2572 volo

264 2612 419 2638 causam
448 2598 546 2636 hanc
577 2597 615 2633 in
645 2603 774 2633 vestro
805 2596 1158 2647 quoque‚judice5‚
1178 2596 1260 2632 foro
1289 2595 1460 2645 exsequi,
1481 2595 1716 2641 existimans,

265 2670 374 2713 turpe
394 2660 484 2698 mihi
504 2660 597 2704 fore,
618 2671 700 2696 earn
727 2658 830 2707 prius
852 2671 873 2694 a
890 2670 948 2694 me
969 2657 1090 2694 omitti
1111 2669 1226 2706 quam
1248 2669 1315 2693 vos
1337 2656 1384 2693 de-
1406 2668 1452 2693 ea
1473 2668 1541 2706 pro
1563 2656 1716 2694 arbitrio

263 2731 389 2762 vestro
405 2719 757 2773 pronunciaveritis.

320 2787 356 2821 3.
390 2782 599 2821 Adscende
620 2788 661 2819 tu
684 2779 774 2817 mihi
793 2779 936 2830 primus
956 2779 1123 2816 omnium
1152 2785 1190 2814 et
1207 2777 1267 2814 dic
1298 2776 1400 2822 mihi,
1422 2777 1628 2827 inquilinus
1647 2777 1718 2815 es?

266 2846 373 2882 Sum.
432 2844 588 2881 Juribus
610 2841 858 2893 inquilinatus
879 2839 1014 2876 frueris
1035 2851 1079 2876 ea
1106 2838 1192 2887 lege
1219 2844 1260 2874 ut
1286 2851 1421 2888 pareas
1449 2837 1600 2889 legibus
1626 2838 1717 2875 civi-

267 2907 367 2952 tatis,
397 2919 444 2943 an
478 2912 519 2942 ut
552 2904 670 2942 facias
704 2913 949 2953 quaecunque
980 2898 1203 2937 allubescit?
1263 2899 1314 2936 Ut
1346 2911 1512 2950 paream.
1585 2899 1714 2937 Aliam
