1822 3219
518 124 739 161 CONTRA
770 123 1104 162 ALCIBIADEM
1130 127 1157 162 I.
1475 129 1552 164 255

125 222 184 259 uis
201 222 370 260 militaris
391 225 510 261 teneri
520 236 740 274 quenquam
759 226 919 273 [eorum‚
932 224 996 273 qui
1008 225 1218 262 novissimis
1234 226 1272 261 in
1287 227 1421 263 eastris
1434 233 1566 264 essent

122 282 304 330 versati];
335 295 502 332 pugnam
523 283 621 320 enirn
642 283 782 320 nullam
803 283 1073 320 intervenisse:
1103 283 1224 332 legem
1255 291 1379 320 autem
1405 285 1460 321 sic
1484 285 1565 321 edi-

122 353 221 386 cere,
238 342 269 378 si
286 343 371 390 quis
392 343 562 379 ordinem
583 342 793 379 deseruerit
813 352 1015 378 retrorsum
1037 342 1191 387 cedens,
1210 342 1409 380 formidine
1429 344 1565 388 victus,

123 401 279 450 reliquis
310 402 594 445 dimicantibus,
622 402 670 438 de
704 402 748 439 iis
778 408 969 450 strategos
1007 401 1227 451 cognituros
1261 414 1358 439 esse.
1415 403 1563 446 Audio;

123 468 227 497 recte
256 461 489 504 admonent;
522 462 585 498 lex
615 461 747 510 utique
776 461 829 498 sic
860 461 997 499 edicit:
1026 469 1286 499 verumtamen
1323 473 1399 498 non
1431 462 1477 498 de
1510 462 1566 498 his

123 519 363 557 solummodo
389 521 453 557 lex
478 521 662 571 praecipit,
682 521 750 558 sed
769 521 816 557 de
837 521 911 557 illis
931 534 1082 571 quoque
1101 522 1130 558 si
1149 522 1211 570 qui
1232 534 1271 558 se
1291 522 1328 557 in
1349 521 1428 558 acie
1447 521 1566 570 pede-

122 579 188 616 stri
209 580 403 629 patiantur
420 580 642 617 desiderari.
699 581 835 617 Recita
852 581 987 629 legem.

789 678 906 714 LEX.

122 751 287 797 Auditis,
306 752 472 803 judices,
491 753 615 802 legem
643 753 691 790 de
717 754 903 790 ambobus
930 753 1102 798 definire,
1122 761 1196 790 tam
1221 754 1293 790 illis
1313 755 1376 803 qui
1397 755 1564 793 fervente

120 823 251 860 pugna
283 819 382 849 retro
408 825 448 849 se
476 813 703 863 receperint,
723 826 839 862 quam
866 813 921 850 his
947 813 1009 863 qui
1032 820 1054 850 a
1073 814 1241 863 pedestri
1261 814 1392 851 militia
1411 828 1564 865 prorsus

114 871 320 910 abfuerint.
376 873 428 910 At
452 886 638 922 quosnam
665 879 817 923 oportet
843 873 1012 911 adesse?
1068 873 1156 910 Non
1184 875 1267 917 hos,
1295 875 1359 923 qui
1382 875 1420 911 id
1446 882 1567 924 agunt

119 931 258 976 aetatis,
277 932 382 981 quod
403 932 483 981 agit
500 933 718 970 Alcibiades
734 932 748 968 ?
778 946 854 970 non
875 933 961 978 hos,
977 945 1071 983 quos
1090 935 1246 983 strategi
1266 933 1416 971 delectu
1436 935 1565 972 habito

119 990 340 1027 nominatim
368 991 526 1028 militare
549 992 775 1040 jusserunt?
832 992 990 1029 Nullum
1015 1005 1101 1042 ego,
1115 993 1278 1043 judices,
1297 995 1457 1032 arbitror
1481 1008 1566 1032 esse

119 1048 236 1086 alium
254 1050 392 1087 civium
411 1051 580 1088 omniurn
600 1051 772 1102 migratae
790 1052 906 1103 hujus
925 1053 1022 1102 legis
1041 1053 1155 1090 totius
1174 1066 1292 1100 reum,
1313 1067 1428 1104 quam
1448 1066 1565 1092 unum

118 1110 370 1150 Alcibiadem.
429 1113 527 1150 Nam
552 1114 789 1163 ἀστρατείας,
807 1126 876 1151 seu
904 1113 1085 1152 absentiae
1107 1127 1129 1152 a
1153 1114 1302 1159 castris,
1318 1115 1404 1166 jure
1430 1116 1566 1154 merito

114 1183 207 1213 >reus
228 1179 444 1222 peragatur,
467 1174 606 1224 quippe
627 1174 704 1223 qui,
726 1174 941 1224 adscriptus
960 1174 1105 1212 militiae
1126 1175 1321 1212 Doberum
1341 1177 1562 1226 jussae'pro-

118 1230 252 1276 ficisci,
280 1234 508 1278 λειποταξίου
539 1245 665 1282 porro,
695 1246 762 1271 seu
794 1234 936 1271 deserti
966 1235 1119 1279 ordinis,
1145 1235 1287 1285 quippe
1315 1236 1379 1285 qui
1407 1236 1455 1273 de
1480 1237 1565 1273 uni-

119 1302 228 1328 verso
257 1293 426 1329 exercitu
453 1293 557 1330 solus
588 1293 626 1329 in
652 1294 745 1330 urbe
771 1294 965 1339 remansit,
985 1294 1023 1330 in
1049 1302 1175 1331 castra
1193 1307 1270 1331 non
1293 1294 1396 1337 exiit,
1417 1296 1566 1345 copiam

118 1350 176 1387 sui
196 1352 366 1401 corporis
390 1352 677 1389 centurionibus
697 1365 773 1390 non
794 1353 896 1397 fecit,
910 1366 1073 1390 vacuum
1094 1355 1132 1390 in
1153 1355 1234 1391 acie
1254 1354 1421 1403 pedestri
1440 1355 1566 1393 locum

119 1422 230 1447 suum
246 1410 398 1460 reliquit
412 1425 422 1454 ;
454 1425 582 1449 verum
598 1412 712 1449 etiam
734 1425 810 1449 non
827 1412 972 1449 minore
986 1412 1074 1462 jure
1089 1412 1246 1459 δειλίας,
1261 1426 1328 1451 seu
1344 1414 1566 1464 trepidatio-

119 1469 190 1516 nis,
210 1471 497 1516 condemnetur,
519 1481 722 1522 propterea
741 1473 859 1522 quod,
879 1485 964 1509 cum
988 1485 1035 1510 ex
1062 1472 1187 1512 edicto
1214 1481 1421 1523 praetorum
1447 1488 1566 1512 unus-

119 1531 281 1582 quisque
301 1533 541 1578 militantium
557 1533 654 1570 inter
670 1533 807 1570 milites
828 1533 952 1582 gravis
973 1538 1175 1570 armaturae
1195 1533 1375 1572 dimicare
1396 1535 1567 1578 deberet,

119 1591 224 1628 solus
236 1592 454 1630 Alcibiades
469 1605 569 1643 equo
586 1605 730 1630 merere
748 1593 890 1630 maluit.
947 1593 1067 1643 Cujus
1083 1605 1169 1630 eum
1185 1594 1301 1631 audio
1316 1594 1416 1631 hanc
1434 1607 1565 1644 parare

119 1652 394 1699 defensionem,
415 1660 456 1691 ut
483 1666 536 1700 se,
556 1654 619 1703 qui
645 1666 746 1703 equo
772 1654 987 1698 meruisset,
1015 1667 1060 1692 eo
1086 1666 1271 1704 peccasse
1292 1662 1424 1705 neget.
1480 1657 1566 1705 Ego

118 1724 206 1749 vero
224 1713 312 1762 jure
337 1726 404 1751 vos
432 1714 575 1763 optimo
599 1713 758 1750 arbitror
782 1714 820 1749 in
846 1726 933 1750 eum
959 1713 1046 1751 ideo
1079 1713 1423 1760 animadversuros,
1449 1716 1567 1764 quod,

120 1784 207 1809 cum
233 1772 297 1809 lex
322 1774 469 1823 ἄτιμον,
485 1787 556 1810 seu
574 1774 702 1823 capite
723 1773 923 1818 minutum,
942 1781 980 1811 et
997 1775 1084 1824 jure
1109 1774 1275 1811 honores
1295 1775 1451 1824 petendi
1469 1775 1566 1812 mul-

119 1837 263 1869 ctatum
276 1833 444 1870 declaret
456 1846 556 1880 eum,
570 1833 635 1882 qui
648 1834 752 1870 nullo
764 1833 906 1883 praevio
922 1847 1040 1871 censu
1055 1836 1139 1884 [seu
1154 1847 1230 1871 non
1244 1835 1404 1872 tolerato
1420 1847 1565 1872 morum

119 1892 431 1944 fortunarumque
463 1907 616 1932 suarum
647 1894 844 1939 scrutinio,
870 1907 995 1943 neque
1020 1894 1059 1930 in
1087 1907 1133 1931 eo
1165 1894 1362 1944 probatus]
1388 1895 1424 1931 in
1450 1907 1566 1944 eque-

123 1959 238 1989 strem
264 1954 434 1990 militiam
460 1967 500 1991 se
531 1954 743 2003 ingesserit,
765 1954 1005 1992 Alcibiadem
1031 1961 1159 1992 tamen
1187 1955 1240 1991 nil
1267 1955 1445 2004 puduerit
1473 1966 1568 2004 prae-

123 2013 297 2050 termisso
324 2014 497 2050 examine
517 2015 554 2050 in
575 2015 674 2051 hanc
694 2015 864 2051 militiam
884 2015 1104 2064 irrumpere.
1164 2014 1299 2051 Recita
1319 2014 1407 2050 mihi
1428 2014 1565 2064 legem.

785 2112 901 2149 LEX.

175 2197 211 2232 3.
241 2194 385 2232 Verum
416 2208 491 2232 non
522 2195 694 2233 substitit
717 2196 882 2234 hominis
910 2194 1103 2233 dementia
1128 2194 1165 2231 in
1190 2201 1411 2245 contemptu
1436 2197 1565 2242 vestri,

115 2255 158 2291 in
184 2256 489 2294 reformidatione
508 2255 691 2302 hostium,
710 2257 748 2294 in
776 2256 1010 2307 appetitione
1034 2256 1175 2293 militiae
1195 2257 1398 2306 equestris,
1418 2256 1457 2293 in
1472 2270 1564 2306 ‘pro-

113 2317 333 2355 culcatione
358 2318 487 2368 legum
511 2326 736 2364 vestrarum,
756 2319 825 2357 sed
849 2310 1047 2369 ipsa'adeo
1067 2325 1175 2356 tanta
1193 2319 1411 2357 discrimina
1430 2332 1453 2356 a
1469 2320 1565 2370 legi·

116 2377 192 2414 bus
203 2379 406 2428 ‚proposita
431 2371 640 2428 pensi'non
666 2379 811 2423 habuit,
833 2379 967 2429 capitis
993 2379 1292 2417 imminutionem
1318 2387 1356 2418 et
1378 2381 1563 2417 bonorum

115 2438 458 2488 proscriptionem:
489 2439 624 2476 maluit
646 2439 802 2476 {infamis
829 2439 922 2485 fieri,
942 2440 1076 2477 maluit
1098 2440 1302 2479 facultates
1321 2441 1448 2478 videre
1467 2441 1564 2490 pub-

120 2493 268 2542 licatas,
288 2498 422 2535 maluit
449 2498 569 2548 poenis
594 2499 769 2536 omnibus
799 2499 988 2536 obnoxius
1013 2500 1092 2536 fieri
1113 2512 1135 2537 a
1154 2500 1238 2550 lege
1260 2500 1429 2545 sancitis,
1448 2512 1563 2549 quam

121 2552 218 2591 inter
245 2564 418 2595 >scutatos
443 2558 598 2602 versari,
625 2559 780 2596 scutatis
812 2559 942 2609 allegi.
997 2559 1047 2596 Et
1071 2560 1133 2597 alii
1159 2560 1328 2609 quidem,
1357 2559 1421 2608 qui
1453 2566 1563 2596 antea

124 2626 319 2663 nunquam
340 2617 383 2653 >in
415 2619 574 2655 scutatis
601 2619 839 2664 meruissent,
866 2619 934 2657 sed
962 2632 1110 2670 semper
1134 2620 1172 2655 in
1195 2618 1401 2668 equitibus,
1427 2626 1464 2655 et
1490 2619 1561 2656 hoc

125 2673 263 2724 genere
291 2677 430 2715 militiae
452 2679 658 2729 fungentes
680 2679 853 2717 hostibus
874 2679 1013 2718 multas
1033 2680 1161 2717 clades
1182 2678 1410 2722 intulissent,
1432 2685 1561 2716 tamen

124 2735 180 2784 [in
201 2735 402 2774 novissima
419 2739 675 2788 expeditione]
695 2739 775 2777 ausi
795 2752 871 2777 non
891 2746 979 2777 sunt
996 2740 1034 2776 in
1060 2751 1179 2787 equos
1204 2738 1437 2784 inscendere,
1457 2745 1560 2776 metu

124 2794 242 2833 vestri
260 2795 456 2845 legisque3
489 2799 594 2836 ibant
613 2799 784 2838 nimirum
803 2799 842 2836 in
862 2800 1022 2841 hostem,
1045 2797 1177 2835 animis
1197 2798 1250 2835 ita
1268 2799 1507 2848 comparatis,
1520 2805 1563 2836 ut
