1911 3248
263 210 309 246 10
555 205 923 246 ANTlPHONTIS
954 207 1255 247 ACCUSATIO
1287 208 1403 247 ETC.

262 316 410 349 certum
430 321 514 347 esse
535 309 725 360 probeque
745 317 872 349 tenere
892 317 1050 348 matrem
1072 323 1179 349 suam
1212 316 1358 348 tantum
1391 311 1515 350 scelus
1534 325 1610 350 non
1632 324 1700 363 pa-

266 379 387 409 trasse
403 371 419 408 '3
449 371 572 422 Ecqui
591 372 746 409 tandem
763 385 808 410 ea
827 374 944 423 probe
965 379 1006 410 tu
1027 380 1171 418 teneaS,
1190 372 1341 422 quibus,
1357 385 1443 410 cum
1464 381 1700 424 gererentur,

260 431 364 469 haud
379 431 641 470 interfuisses?
670 445 757 470 uam
771 433 942 483 profecto
957 445 1082 482 neque
1099 433 1174 470 aiat
1191 432 1305 470 frater
1324 445 1363 470 se
1380 433 1514 471 veneni
1533 434 1699 473 coctioni

262 493 494 539 interfuisse,
507 506 631 544 neque
651 493 829 532 credibile
845 500 904 532 est
922 507 1009 532 eum
1029 494 1062 531 ei
1082 493 1133 532 rei
1152 493 1363 532 adhibitum
1384 494 1516 532 fuisse.
1573 495 1700 534 Neces

266 555 366 592 enim
383 555 447 605 qui
467 554 548 592 aliis
567 562 802 605 comparant,
817 555 918 604 biad
933 555 1192 593 clandestinas
1209 567 1298 593 suas
1312 554 1526 594 molitiones
1541 568 1618 593 non
1634 556 1702 594 ad-

261 623 400 654 vocant
420 623 549 660 testes,
565 616 632 653 sed
649 617 914 655 machinantur
930 616 1083 654 fraudes
1104 630 1194 654 suas
1208 629 1321 667 quam
1339 624 1503 667 possunt
1518 616 1701 655 occultis-

263 678 369 722 sime,
403 677 617 728 seduloque
646 685 784 716 cavent
816 685 858 716 ut
887 678 1102 716 'mortalium
1129 690 1240 716 nemo
1267 677 1428 716 resciat:
1467 690 1542 727 quo
1573 677 1629 722 fit,
1657 685 1702 715 ut

263 751 425 790 quorum
458 739 646 789 capitibus
678 738 894 790 hujusmodi
928 739 1078 777 fraudes
1111 745 1355 784 consuuntur,
1376 737 1414 775 hi
1445 737 1536 775 nihil
1566 737 1701 776 horum

264 800 433 838 omniurn
452 812 499 836 ne
518 800 759 850 suspicentur
785 800 952 850 quidem,
971 813 1096 851 neque
1123 801 1224 851 prius
1256 807 1403 851 pestem
1425 799 1494 837 sibi
1514 799 1701 850 objectam

263 860 427 898 sentiant
443 873 556 911 quam
573 860 609 898 in
624 861 705 911 ejus
724 860 898 899 faucibus
911 861 991 912 jam
1005 861 1202 908 haereant3
1234 869 1313 898 tum
1336 860 1488 897 demum
1509 860 1703 898 noscitant

262 927 408 972 pestem
434 933 554 967 suam,
583 934 699 971 quum
730 929 912 972 negatum
944 922 1033 972 ipsis
1066 929 1125 959 est
1151 935 1233 960 eam
1264 921 1447 959 devitare.
1504 920 1702 971 Ejusmodi

263 981 478 1020 calamitate
491 983 675 1034 oppressi,
688 980 825 1033 quibus
838 983 991 1034 quidem
1005 995 1071 1034 per
1085 983 1214 1021 mortis
1229 982 1412 1020 lentorem
1429 982 1602 1020 liceat—
1612 995 1701 1020 nam
1752 1025 1757 1031 ¹

262 1043 345 1081 aliis
358 1043 430 1080 hoc
439 1050 622 1093 negatum
635 1052 693 1082 est
705 1057 799 1095 quos
815 1045 930 1083 citum
947 1043 1083 1082 auffert
1095 1044 1248 1082 exitium
1260 1067 1324 1091 —,
1335 1045 1553 1082 convocatis
1568 1043 1701 1082 amicis

263 1111 378 1155 atque
396 1106 619 1143 necessariis
638 1114 834 1156 exponunt
851 1107 899 1144 de
917 1106 1081 1144 luctuosi
1101 1107 1158 1144 sui
1178 1119 1290 1144 casus
1310 1106 1613 1152 miserabilitate,
1632 1118 1701 1144 no-

263 1165 434 1204 minatim
454 1166 691 1217 appellantes
707 1167 808 1205 exitii
826 1168 884 1204 sui
899 1173 1088 1212 auctores,
1103 1168 1316 1217 jubentque
1332 1179 1397 1205 eos
1413 1180 1540 1205 coram
1553 1167 1702 1218 judicio

265 1228 313 1266 de
329 1228 403 1266 hac
423 1240 492 1265 sua
520 1227 744 1266 auctoritate
772 1228 903 1266 testari
924 1227 1183 1278 ultionemque
1213 1227 1360 1278 injuriae
1380 1241 1460 1266 suae
1482 1228 1573 1279 ipsis
1592 1241 1702 1266 exse·

265 1289 457 1340 quendam
477 1289 737 1333 demandant3
768 1289 808 1326 id
827 1288 929 1340 quod
950 1288 1049 1326 idem
1077 1296 1183 1339 pater
1203 1301 1357 1340 quoque
1384 1302 1492 1327 meus
1517 1301 1608 1340 erga
1625 1301 1700 1335 me,

265 1350 436 1401 quamvis
455 1356 535 1387 tum
556 1350 680 1387 adhuc
699 1362 872 1400 puerum,
894 1350 996 1395 fecit,
1016 1362 1064 1387 ex
1078 1349 1143 1386 illa
1161 1363 1339 1401 suprema
1355 1357 1393 1388 et
1411 1351 1585 1388 luctuosa
1598 1351 1702 1390 vale-

269 1412 402 1450 tudine
421 1411 590 1449 cubans:
621 1411 678 1448 sin
698 1418 823 1449 autem
850 1410 1008 1461 periculi
1031 1411 1213 1461 sapiditas
1240 1411 1313 1449 hac
1339 1411 1514 1450 cautione
1537 1411 1702 1451 animam

269 1472 456 1524 agitantes
477 1471 670 1517 excludat,
689 1471 806 1510 literis
833 1472 1018 1510 mandant
1037 1485 1082 1510 ea
1106 1485 1193 1523 quae
1213 1473 1333 1511 verbis
1354 1473 1403 1511 ad
1422 1473 1562 1511 amicos
1590 1473 1702 1512 edere

262 1549 330 1587 per
358 1541 569 1585 temporum
598 1535 797 1584 angustias
826 1541 1006 1585 negatum
1032 1541 1103 1579 est,
1123 1543 1162 1572 et
1188 1541 1428 1572 antestantur
1447 1547 1577 1573 servos
1597 1547 1702 1580 suos,

266 1596 487 1635 nominatim
499 1595 711 1634 homicidas
728 1609 817 1634 suos
832 1596 881 1634 ad
896 1609 960 1634 eos
980 1596 1153 1634 edentes.
1192 1596 1280 1634 Pari
1293 1596 1409 1634 modo
1423 1604 1532 1648 pater
1545 1610 1702 1649 quoque

266 1669 374 1695 meus
395 1670 467 1703 me,
487 1662 530 1694 ut
548 1663 628 1694 tum
658 1657 785 1696 adhuc
806 1670 979 1708 puerum,
994 1670 1062 1708 per
1086 1657 1226 1702 literas,
1248 1658 1454 1696 voluntatis
1482 1665 1595 1709 atque
1614 1672 1702 1697 sen-

266 1730 375 1756 suum
406 1730 559 1755 suorum
589 1717 825 1768 interpretes,
846 1725 885 1756 et
910 1718 957 1755 de
977 1731 1068 1756 casu
1089 1731 1158 1756 suo
1177 1718 1376 1757 certiorem
1396 1719 1487 1757 fecit
1505 1726 1544 1757 et
1566 1719 1615 1758 ad
1642 1719 1702 1757 ul-

265 1778 407 1817 tionem
429 1791 451 1816 a
469 1778 654 1816 scelerata
669 1779 912 1829 repetendam
931 1779 1151 1818 cohortatus
1171 1787 1239 1826 est,
1259 1793 1334 1831 me,
1349 1780 1516 1830 inquam,
1532 1780 1699 1832 judicem

264 1852 342 1878 non
360 1852 489 1877 servos
509 1852 613 1877 suos.

320 1901 357 1939 6.
379 1901 463 1938 Jam
485 1901 598 1939 docui
617 1913 683 1939 vos
705 1908 825 1939 totam
850 1913 952 1951 rem3
980 1901 1161 1947 succurri,
1183 1909 1374 1952 quatenus
1398 1902 1505 1954 potui
1525 1902 1701 1954 patrique

266 1961 446 2000 defuncto
461 1962 609 2013 jurique
635 1962 748 2009 civili,
767 1963 828 2001 cui
854 1964 928 2002 hoc
953 1964 1123 2002 facinore
1146 1963 1302 2015 insignis
1329 1965 1458 2003 oblata
1483 1971 1544 2002 est
1565 1972 1701 2003 contu-

267 2022 402 2066 melia;
433 2023 636 2061 defunctus
661 2036 744 2061 sum
769 2025 940 2075 partibus
970 2024 1088 2062 meis:
1112 2025 1195 2076 jam
1221 2032 1385 2063 vestrum
1413 2032 1486 2075 est,
1512 2025 1561 2063 de
1586 2026 1702 2064 vestri

267 2086 433 2123 muneris
455 2086 636 2136 partibus,
655 2099 740 2137 quae
756 2087 863 2125 vobis
883 2087 1042 2138 agendae
1063 2095 1282 2138 supersunt,
1297 2078 1494 2126 vobiscum
1515 2087 1703 2138 dispicere

266 2154 304 2185 et
316 2147 381 2198 jus
395 2160 544 2198 aequum
561 2147 700 2186 dicere.
757 2147 806 2186 Et
825 2149 855 2187 si
875 2149 933 2186 vel
953 2161 1021 2186 vos
1041 2161 1193 2200 quoque
1214 2149 1319 2187 vobis
1340 2149 1547 2195 defueritis,
1567 2161 1701 2198 quam-

268 2222 383 2260 quam
401 2210 501 2248 haud
524 2210 699 2248 videmini
724 2217 869 2248 tantum
891 2211 1057 2249 dedecus
1085 2211 1133 2249 ad
1161 2225 1229 2249 vos
1257 2211 1471 2257 admissuri,
1493 2211 1545 2249 dii
1573 2217 1701 2249 tamen

267 2270 388 2314 inferi,
417 2270 464 2308 de
493 2283 568 2320 quo
599 2271 727 2308 nullus
761 2271 909 2317 dubito,
935 2272 1096 2309 inultum
1126 2271 1228 2310 haud
1257 2272 1520 2311 transmittent
1550 2278 1698 2311 tanturn

267 2330 404 2379 scelus,
424 2344 446 2370 a
465 2331 574 2382 cujus
591 2332 788 2371 atrocitate
805 2333 982 2384 majestas
1000 2346 1129 2372 eorum
1147 2333 1286 2373 violata
1303 2333 1386 2373 fuit.
