1822 3219
491 111 712 148 CONTRA
742 107 1215 146 ERATOSTHENEM.
1509 103 1586 138 *22³5

122 214 326 252 insontium
349 226 418 264 pro
440 214 614 252 sontibus
648 212 696 250 ad
724 224 810 248 eum
841 210 1095 251 deferrentur,
1111 209 1257 245 indices
1289 207 1373 244 illos
1399 217 1474 243 non
1495 215 1585 240 vera

121 276 279 313 crimina
301 275 365 313 sed
389 275 556 312 conficta
575 282 613 312 et
637 273 821 311 ementita
842 271 1024 315 indicare,
1045 270 1094 307 ad
1115 277 1262 319 pestem
1280 270 1368 306 viris
1395 266 1524 319 probis
1546 272 1584 302 et

121 337 293 375 honestis
306 336 635 375 consciscendam.
668 334 902 372 Batrachum
919 340 958 370 et
970 331 1237 382 AEschylidem
1255 331 1427 379 aliosque
1441 327 1584 366 similes

124 400 315 437 delatores
334 412 411 435 non
425 412 469 436 ea
482 397 653 434 indicare
669 409 757 446 quae
772 395 843 446 ipsi
858 408 925 445 per
940 408 981 431 se
999 406 1069 444 pro
1084 392 1199 431 certis
1213 397 1451 441 cognossent
1467 396 1584 438 atque

123 461 412 510 comperissent,
434 458 502 496 sed
521 464 741 495 commenta
759 470 846 506 quae
866 456 1067 494 subornati
1084 454 1258 505 jussique
1278 467 1301 490 a
1321 448 1584 501 TrigintaviriS

125 528 257 560 essent
276 521 325 558 ad
345 527 521 558 senatum
539 519 778 557 renunciare.
834 516 916 555 ‘Sed
937 518 1012 554 aiet
1028 514 1480 559 Eratosthenes‚victum
1503 525 1542 548 se
1563 523 1586 547 a

123 582 370 620 multitudine
391 589 430 618 et
452 581 689 618 immanitate
705 580 996 623 sceleratorum,
1015 578 1186 616 tacuisse
1204 585 1243 615 et
1258 576 1349 615 sorti
1369 582 1508 613 vestrae
1528 574 1586 611 in-

121 642 329 693 gemuisse.
388 642 474 692 Ego
501 654 593 679 vero
622 650 728 679 tuam
758 653 851 691 erga
878 639 1031 690 plebem
1061 638 1368 676 benevolentiam
1389 650 1409 674 e
1431 636 1584 674 silentio

122 710 190 741 tuo
210 703 273 753 qui
293 702 498 754 colligam?
527 715 622 740 eane
641 709 734 740 nota
753 710 825 747 est,
846 715 924 752 qua
943 701 1033 739 civis
1054 701 1190 752 patriae
1210 702 1313 738 bona
1332 700 1409 736 fide
1429 698 1584 735 deditus

121 765 171 802 ab
191 765 272 816 ejus
291 765 404 802 hoste
425 765 705 815 dignoscatur?
744 764 897 815 Apage:
928 777 1006 801 non
1029 763 1197 808 silentio,
1220 763 1290 800 sed
1310 761 1452 799 fiducia
1471 761 1587 798 liber-

123 826 214 864 tatis
244 827 412 878 publicae
441 828 614 865 oratione
645 826 802 864 tuendae
829 826 972 877 geritur
1003 838 1127 876 resp.;
1159 825 1219 863 cui
1243 825 1274 862 si
1294 824 1360 874 qui
1380 830 1462 860 tum
1483 822 1586 860 male

122 889 281 934 vellent,
301 890 340 927 hi
358 890 444 928 ideo
466 890 582 927 nihilo
602 890 730 940 pejore
746 889 834 926 loco
855 895 978 934 erant,
1000 888 1107 940 quod
1122 893 1311 933 tacerent,
1331 899 1445 936 quam
1468 885 1500 922 si
1521 885 1587 935 qui

126 951 300 989 oratione
320 960 496 989 senatum
517 951 567 989 ad
588 951 716 988 caedes
737 957 777 988 et
797 951 1097 1001 proscriptiones
1128 949 1268 987 civium
1299 947 1585 986 accenderent:

126 1025 215 1050 nam
237 1026 325 1050 cum
345 1019 477 1050 essent
495 1012 561 1062 qui
581 1012 750 1056 silerent,
773 1020 853 1049 tum
874 1018 984 1049 erant
1004 1018 1141 1049 contra
1160 1010 1222 1048 alii
1241 1010 1347 1047 haud
1367 1008 1588 1059 pauciores,

128 1074 194 1123 qui
212 1080 251 1111 et
268 1074 392 1111 verbis
414 1074 623 1120 suaderent
649 1080 688 1111 et
707 1073 819 1111 factis
840 1079 1037 1124 patrarent
1055 1079 1135 1109 tam
1158 1072 1239 1109 dira
1258 1078 1297 1108 et
1315 1069 1523 1115 horrenda,
1542 1075 1586 1106 ut

123 1135 199 1172 alia
211 1135 371 1173 vulnera
381 1135 619 1173 luctuosiora
635 1135 779 1185 imponi
794 1135 888 1184 reip.
903 1134 1014 1171 nulla
1028 1133 1236 1185 potuerint.
1266 1131 1587 1169 Benevolentiam

126 1204 253 1235 autem
275 1210 366 1247 erga
380 1210 447 1234 vos
470 1210 578 1234 suam
604 1197 667 1246 qui
688 1196 970 1246 nuncjactant‚
989 1209 1066 1245 qua
1084 1208 1152 1232 vos
1175 1202 1256 1233 tum
1275 1193 1474 1245 prosecuti
1498 1206 1586 1230 esse

126 1259 246 1297 videri
265 1260 413 1305 volunt,
436 1266 480 1296 ut
498 1259 580 1296 vult
600 1258 894 1302 Eratosthenes,
914 1270 1030 1295 eccur
1045 1257 1084 1294 hi
1103 1270 1187 1295 eam
1208 1265 1288 1294 tum
1309 1269 1385 1294 non
1406 1255 1589 1306 prodide-

126 1328 229 1365 runt,
250 1321 342 1358 alias
365 1321 547 1359 salutaria
566 1319 728 1359 consilia
749 1319 1004 1370 subjiciendo,
1025 1319 1120 1357 alias
1136 1325 1291 1357 ruentes
1307 1318 1343 1356 in
1366 1316 1590 1355 scelerarde-

127 1381 348 1419 hortando?

186 1444 248 1480 10.
279 1443 394 1480 Forte
415 1443 519 1481 dicet
547 1446 602 1490 (et
626 1443 757 1481 nescio
785 1443 928 1489 hercle,
948 1456 996 1480 an
1027 1444 1111 1481 haec
1143 1443 1224 1494 ejus
1256 1442 1455 1481 excusatio
1483 1440 1589 1478 haud

127 1505 264 1555 paucis
281 1504 522 1542 satisfactura
541 1505 604 1554 sit)
621 1505 803 1555 refragari
823 1505 997 1556 tyrannis
1016 1519 1056 1544 se
1074 1505 1354 1543 reformidasse.
1385 1505 1472 1555 Ego
1486 1514 1591 1546 vero,

129 1565 161 1603 si
180 1565 352 1603 nondum
375 1566 469 1603 satis
491 1566 783 1603 Eratosthenem
796 1566 1003 1604 involucris
1020 1566 1351 1604 assimulationum
1374 1572 1412 1602 et
1430 1564 1590 1602 menda*-

127 1627 271 1665 ciorum
291 1626 428 1672 evolvi,
448 1627 587 1677 quibus
609 1628 779 1665 animum
799 1628 907 1665 vobis
929 1627 1111 1665 infestum
1139 1635 1178 1665 et
1193 1627 1502 1665 consceleratum
1519 1626 1588 1663 ab-

129 1688 313 1726 scondere
333 1688 494 1734 laborat,
507 1689 570 1726 hic
584 1689 741 1727 tandem
760 1702 846 1727 eum
861 1689 974 1740 plane
987 1689 1208 1735 denudabo,
1225 1696 1268 1727 ut
1286 1702 1400 1726 nemo
1421 1688 1470 1725 sit
1490 1688 1591 1725 futu-

128 1762 207 1793 rus,
226 1749 293 1799 qui
324 1762 399 1786 non
429 1750 577 1799 liquido
608 1757 742 1788 cernat
768 1751 928 1789 consilia
958 1760 998 1788 et
1024 1759 1151 1803 coepta
1180 1760 1431 1803 tyrannorum
1462 1750 1592 1787 omnia

131 1811 376 1848 Eratostheni
396 1811 598 1861 placuisse,
618 1813 772 1850 tametsi
792 1826 837 1850 ea
858 1814 954 1851 inter
980 1813 1063 1851 illos
1084 1814 1310 1852 auctoritate
1337 1812 1516 1864 polleret,
1535 1818 1591 1857 ut,

133 1873 165 1909 si
184 1872 371 1910 voluisset
399 1875 446 1910 ab
477 1874 552 1911 illis
571 1874 789 1919 dissentire,
811 1875 863 1912 nil
894 1875 928 1913 ei
953 1876 1102 1918 fuisset,
1123 1888 1192 1913 cur
1223 1876 1272 1913 ab
1298 1875 1372 1912 illis
1402 1874 1471 1912 sibi
1492 1874 1591 1911 male

129 1942 332 1973 metueret.
391 1936 585 1981 Audistis,
611 1937 780 1984 judices,
803 1951 881 1987 qua
910 1938 1158 1976 contentione
1193 1937 1491 1979 Eratosthenes,
1514 1948 1591 1985 quo

129 1997 267 2035 ardore
287 2011 442 2035 causam
459 1998 710 2036 Theramenis
727 2000 861 2050 egerit,
876 1999 1042 2037 hominis
1057 2001 1128 2037 sibi
1145 2000 1276 2038 amici:
1299 1999 1405 2049 atqui
1421 1997 1591 2040 studium

127 2059 201 2097 hoc
215 2060 422 2098 excusandi
436 2069 474 2098 et
487 2061 637 2107 tuendi,
651 2075 726 2098 non
748 2074 816 2112 pro
836 2062 1075 2100 Theramene
1092 2062 1246 2100 homine
1265 2062 1375 2098 vobis
1396 2059 1590 2111 pestifero,

128 2121 197 2159 sed
218 2135 286 2172 pro
310 2122 434 2159 salute
454 2130 596 2167 vestra,
616 2124 785 2172 proferre
806 2130 844 2160 et
871 2136 1052 2162 exercere
1079 2124 1259 2162 debebat.
1316 2123 1459 2159 Verum
1489 2121 1590 2159 enim

128 2196 218 2220 vero
248 2183 541 2229 Eratosthenes,
561 2185 786 2235 reipublicae
814 2186 957 2223 bellum
988 2186 1198 2229 indixerat:
1239 2185 1415 2223 inimicos
1438 2191 1590 2222 vestros

130 2244 274 2281 amicos
293 2245 363 2282 sibi
388 2245 564 2296 fidosque
600 2246 768 2284 habebat
799 2247 1022 2298 adjutores:
1053 2248 1153 2298 quod
1190 2261 1264 2299 ego
1292 2255 1494 2296 utrumque
1525 2245 1590 2282 ubi

126 2306 257 2343 multis
270 2307 496 2356 magnisque
510 2308 750 2346 documentis
767 2309 1068 2347 demonstratum
1084 2309 1240 2355 dedero,
1254 2316 1333 2346 tum
1347 2310 1420 2346 hoc
1435 2320 1590 2359 quoqne

127 2368 291 2411 docebo,
311 2375 496 2418 tyrannos
516 2369 615 2406 inter
635 2370 942 2416 seldissidentes‚
957 2384 1032 2407 non
1053 2371 1170 2408 vestri
1185 2384 1315 2414 causa,
1331 2370 1401 2408 sed
1419 2369 1491 2414 sui,
1512 2369 1590 2405 dis-

129 2430 290 2474 sedisse,
309 2430 576 2480 factionesque
593 2444 720 2468 eorum
743 2445 820 2469 non
842 2432 916 2470 hoc
936 2441 1118 2478 certasse,
1133 2446 1209 2483 quo
1229 2433 1337 2470 vobis
1356 2434 1454 2469 bene
1475 2436 1590 2471 esset,

129 2492 198 2530 sed
227 2492 301 2529 utri
329 2492 399 2529 soli
430 2493 466 2529 in
497 2493 694 2543 republica
721 2494 1023 2532 dominarentur.
1093 2495 1207 2532 Salus
1237 2495 1338 2532 enim
1364 2492 1501 2530 civium
1523 2503 1591 2540 per

129 2553 238 2591 nefas
250 2568 520 2605 oppressorum
536 2556 565 2592 si
579 2569 682 2593 curae
697 2556 881 2607 cordique
898 2570 1067 2607 unquam
1083 2557 1143 2595 his
1165 2558 1249 2600 fuit,
1264 2565 1301 2594 et
1322 2556 1404 2592 haec
1422 2555 1452 2591 si
1469 2566 1589 2591 causa

130 2613 359 2653 Therameni
377 2617 540 2667 aliisque
559 2618 593 2654 ei
614 2618 778 2656 addictis
800 2619 872 2656 fuit
892 2632 914 2657 a
932 2620 1106 2670 tyrannis
1128 2616 1493 2661 secedendi,eccubi
1510 2623 1591 2653 erat

131 2687 211 2711 viro
241 2676 504 2725 magistratum
536 2679 685 2728 gerenti
713 2679 822 2717 locus
851 2680 1012 2718 nobilior
1043 2678 1350 2717 benevolentiam
1378 2690 1469 2728 ergo
1488 2677 1590 2714 cives

133 2737 293 2774 miseros
315 2738 549 2784 declarandi,
571 2755 682 2792 quam
715 2755 792 2792 quo
818 2748 991 2793 tempore
1010 2741 1275 2792 Thrasybulus
1298 2740 1448 2792 Phylen
1476 2753 1591 2778 oceu-

133 2798 274 2849 pabat?
303 2799 446 2837 Verum
468 2801 760 2851 Eratosthenes,
776 2812 820 2842 ut
839 2805 940 2855 apud
964 2803 1116 2853 Phylen
1132 2802 1374 2852 conglobatis
1395 2810 1506 2853 opem
1528 2808 1593 2852 aut

136 2859 287 2897 afferret
308 2866 374 2897 aut
394 2861 579 2912 reciperet
600 2864 844 2902 solummodo
865 2865 1115 2911 afferendam,
1139 2871 1286 2901 tantum
1311 2865 1433 2910 abest,
1455 2870 1496 2900 ut
1524 2876 1590 2914 po—

775 2929 800 2963 2
819 2939 844 2963 G
