1822 3219
524 111 751 151 CONTRA
781 109 1180 149 NICOMACHUVI.
1501 110 1577 147 343

124 213 297 253 codicem
329 213 544 252 exscribere
570 214 701 265 jussus
725 218 831 250 esset
859 212 949 262 [vel‚
979 213 1010 249 si
1041 212 1160 248 mavis
1190 211 1244 248 sic
1273 209 1450 247 reddere:
1488 218 1576 247 curn

116 283 238 314 ›certae
260 274 498 313 Archontum
527 280 678 319 aetates,
705 273 813 311 velut
839 279 952 310 metae
976 272 1170 323 quaedam,
1198 271 1268 320 ipsi
1295 270 1458 308 fuissent
1475 270 1576 316 fixae,

126 336 265 386 quibus
291 337 339 373 ab
368 335 544 373 aetatibus
574 334 661 372 inde
687 333 836 370 initium
868 332 1107 371 exscribendi
1132 332 1289 376 faceret,
1319 337 1361 368 ut
1384 331 1577 368 citeriores

125 397 295 447 quidem,
316 409 392 433 non
418 398 547 433 autem
575 394 776 432 ulteriores
804 406 874 431 seu
903 395 1134 444 antiquiores
1162 392 1271 441 leges
1288 390 1576 439 conscriberet]‚

126 457 344 495 universum
368 456 466 505 juris
497 455 617 494 nostri
649 453 833 491 ambitum
866 453 937 491 sibi
969 454 1061 492 fecit
1089 452 1336 504 provinciam,
1367 453 1418 497 et,
1449 458 1507 489 tot
1539 457 1578 489 et

124 522 231 554 tanta
250 529 336 553 cum
356 521 559 553 tractasset
577 520 722 566 quanta
742 526 853 551 nemo
873 514 984 559 alius,
1001 513 1200 552 tamen'ad
1219 513 1293 550 hoc
1314 511 1389 549 diei
1404 512 1576 548 nondum

126 577 310 613 rationem
333 576 498 614 reddidit
518 576 639 614 solus.
696 575 872 625 Reliquis
892 575 994 612 enim
1014 575 1191 612 omnibus
1211 580 1379 611 exeunte
1402 572 1578 622 prytania

126 636 279 686 quaque
295 637 493 674 reddenda
507 643 568 675 est
581 637 768 674 honorum
788 647 941 673 suorum
963 636 1080 673 ratio:
1108 641 1151 672 tu
1170 641 1313 680 autem,
1327 633 1578 678 Nicomache‚

126 710 174 734 ne
197 697 434 747 quadriennii
459 698 613 747 quidem
640 697 826 734 rationem
845 703 1017 734 actorum
1038 696 1219 745 dignatus
1244 707 1285 732 es
1312 695 1431 731 literis
1454 693 1579 731 consi-

127 764 286 807 gnatam
312 757 536 794 censoribus
558 757 758 799 exhibere:
791 756 859 794 sed
879 756 1018 794 civium
1045 756 1215 794 omnium
1243 755 1310 793 tibi
1341 754 1413 792 soli
1441 766 1580 792 censes

125 817 238 855 licere
255 816 439 854 honorem
458 829 526 867 per
549 817 666 867 longa
692 823 906 867 temporum
935 817 1060 867 spatia
1087 816 1299 860 extrahere,
1324 816 1377 853 ita
1396 821 1438 852 ut
1456 827 1580 865 neque

125 877 309 915 rationem
331 877 471 915 reddas
493 890 618 928 neque
647 878 852 926 plebiscitis
878 890 1014 928 pareas
1034 890 1159 927 neque
1184 877 1291 927 leges
1314 875 1423 927 pensi
1450 877 1583 922 facias,

127 946 287 987 'quarum
307 937 402 975 alias
422 944 529 974 tuum
550 939 589 975 in
610 938 782 976 codicem
809 938 940 981 infers,
966 938 1060 975 alias
1081 937 1286 988 expungis‚
1306 949 1431 988 eoque
1449 947 1583 987 p‘roce-

127 998 186 1036 dis
207 997 426 1042 dementiae,
448 1005 491 1034 ut
514 1004 581 1035 tua
606 998 724 1036 ducas
751 1011 838 1035 esse
866 1011 955 1048 quae
983 1005 1073 1036 sunt
1097 997 1333 1049 reipublicae,
1360 1009 1582 1047 quanquam

127 1072 260 1098 servus
293 1073 334 1096 es
363 1059 554 1109 publicus.
621 1059 702 1096 Vos
737 1059 866 1107 itaque
902 1058 1028 1104 decet,
1055 1058 1221 1108 judiceS,
1253 1057 1516 1102 recordantes,
1545 1062 1586 1094 et

128 1119 266 1170 quibus
297 1126 403 1157 ortus
434 1118 483 1156 sit
502 1117 714 1166 ,majoribus
745 1118 1020 1164 Nicomachus,
1047 1125 1086 1155 et
1117 1130 1163 1155 ea
1194 1117 1332 1167 injuria
1360 1117 1467 1154 vobis
1491 1117 1587 1154 infe-

129 1180 249 1218 renda
266 1193 380 1230 quam
399 1179 544 1223 intulit,
565 1191 680 1228 quam
702 1191 743 1216 se
763 1178 1024 1216 immemorem
1042 1178 1161 1215 vestri
1179 1177 1357 1215 beneficii
1376 1177 1586 1226 ingratum-

130 1254 205 1292 que
231 1241 461 1292 praestiterit‚
497 1253 585 1277 eum
614 1240 764 1291 punire,
793 1246 832 1277 et
855 1239 1038 1289 quoniam
1066 1238 1179 1275 unius
1205 1238 1390 1288 cujusque
1423 1236 1588 1274 criminis

129 1314 264 1352 poenas
285 1302 332 1339 ab
352 1314 399 1339 eo
416 1313 492 1338 non
511 1300 730 1351 repetiistis,
748 1312 852 1337 nunc
867 1300 916 1337 ob
936 1305 1076 1337 cuncta
1095 1297 1208 1337 simul
1227 1297 1373 1335 ulcisci.

184 1363 223 1399 2.
253 1361 331 1399 Sed
349 1361 530 1406 sortasse,
549 1360 720 1410 judices,
749 1372 838 1397 cum
865 1371 935 1409 pro
963 1371 1004 1396 se
1031 1358 1165 1396 afferre
1192 1370 1270 1407 quo
1289 1363 1476 1407 purgetur
1495 1356 1587 1394 nihil

133 1421 291 1473 poterit,
300 1428 381 1459 tum
401 1421 439 1457 in
460 1420 639 1458 invidiam
661 1433 721 1457 me
741 1419 937 1458 adducere
957 1419 1174 1457 conabitur.
1213 1417 1328 1461 Quod
1347 1430 1434 1455 curn
1454 1418 1586 1462 faciet,

130 1494 198 1519 oro
224 1494 307 1528 vos,
331 1481 496 1532 judiceS‚
521 1487 565 1518 ut
588 1481 622 1518 ei
653 1493 713 1518 me
745 1479 961 1518 criminanti
989 1480 1105 1517 fidem
1134 1479 1240 1530 prius
1270 1479 1411 1517 habere
1441 1479 1585 1526 nolitis,

131 1555 248 1592 quam
267 1542 299 1579 si
318 1555 404 1592 ego,
422 1541 571 1592 copiam
587 1540 662 1578 mei
680 1540 915 1578 defendendi
933 1547 1087 1586 nactus,
1102 1539 1306 1578 mendacia
1322 1540 1405 1590 ejus
1426 1553 1591 1591 purgare

133 1603 255 1640 minus
276 1608 448 1653 potuero.
505 1601 654 1643 Quodsi
674 1614 767 1651 ergo
792 1602 996 1639 conabitur
1022 1602 1157 1640 eadem
1179 1601 1227 1638 de
1254 1614 1314 1639 me
1335 1601 1385 1639 ad
1404 1614 1472 1639 vos
1493 1614 1588 1652 quo-

132 1678 207 1715 que
226 1664 431 1709 criminari,
461 1677 549 1714 quae
575 1676 704 1701 coram
734 1670 872 1701 senatu
898 1676 1017 1702 ausus
1044 1669 1118 1709 est,
1145 1675 1206 1700 me
1235 1662 1355 1700 fuisse
1373 1662 1411 1699 in
1432 1675 1590 1701 numero

133 1724 514 1775 Quadringentorum
547 1724 726 1769 virorum,
754 1724 967 1774 recogitate
995 1725 1178 1774 probrum
1206 1723 1282 1761 hoc
1315 1735 1400 1761 esse
1432 1723 1505 1761 illis
1537 1724 1591 1761 ita

134 1786 320 1824 familiare
339 1793 457 1836 atque
476 1784 678 1835 protritum
699 1790 814 1834 atque
841 1784 879 1821 in
898 1784 1091 1822 neminem
1111 1796 1188 1821 non
1210 1784 1258 1821 ab
1281 1784 1325 1820 iis
1345 1784 1483 1834 jactari
1501 1784 1592 1822 soli-

133 1853 230 1892 tum,
251 1852 294 1883 ut
313 1846 344 1883 si
364 1857 497 1883 omnes
522 1844 591 1891 illi,
619 1857 717 1894 quos
747 1845 784 1881 hi
815 1844 923 1882 aiunt
951 1845 989 1882 in
1019 1845 1091 1882 isto
1119 1843 1283 1894 collegio
1302 1843 1439 1889 fuisse,
1458 1857 1592 1896 reapse

134 1907 310 1953 fuissent,
345 1919 421 1943 non
446 1906 528 1957 jam
559 1905 927 1956 quadringentorum
955 1905 1025 1943 sed
1056 1905 1141 1956 plus
1171 1904 1273 1943 mille
1302 1905 1465 1943 virorum
1495 1905 1592 1942 illud

134 1967 340 2018 collegium
363 1967 484 2004 fuisse
510 1979 671 2004 necesse
689 1973 802 2004 esset.
860 1965 1051 2003 Referunt
1070 1965 1172 2003 enim
1196 1965 1302 2003 hunc
1327 1966 1365 2003 in
1390 1978 1592 2004 numerum

137 2029 232 2066 alios
265 2029 331 2079 qui
363 2034 592 2079 tempestate
626 2027 1007 2078 Quadringentorum
1041 2026 1169 2064 adhuc
1200 2027 1308 2076 pueri
1343 2034 1462 2072 erant,
1495 2026 1590 2066 alios

136 2102 297 2140 peregre
313 2090 444 2140 procul
465 2090 512 2126 ab
529 2089 622 2126 urbe
643 2095 824 2138 agentes:
854 2101 997 2133 verum,
1014 2100 1092 2138 quo
1106 2087 1281 2125 homines
1300 2087 1473 2125 insontes
1485 2087 1595 2124 vobis

138 2157 343 2201 suspectos
360 2150 581 2199 invisosque
599 2149 781 2195 reddant,
809 2148 1021 2187 calumnias
1050 2148 1264 2186 istiusmodi
1285 2161 1307 2186 a
1325 2161 1366 2186 se
1386 2148 1594 2186 nefandum

138 2211 175 2247 in
198 2211 353 2248 modum
384 2211 570 2248 confictas
597 2209 642 2247 iis
669 2209 920 2260 adspergunt.
978 2210 1062 2260 Ego
1086 2222 1178 2247 vero
1203 2215 1355 2247 tanturn
1379 2210 1527 2254 absum,
1554 2216 1597 2247 ut

139 2272 177 2308 in
198 2271 363 2322 collegio
383 2271 763 2321 Quadringentorum
792 2270 942 2316 fuerim,
970 2276 1015 2307 ut
1038 2283 1086 2308 ne
1110 2271 1148 2307 in
1183 2277 1241 2308 ter
1268 2272 1354 2320 [aut
1373 2270 1596 2321 quinquies]

140 2332 244 2369 mille
262 2331 418 2382 quidem
434 2331 640 2381 collegium
662 2343 829 2381 unquam
849 2331 983 2368 fuerim
1007 2336 1224 2380 cooptatus.
1275 2332 1332 2368 At
1350 2330 1449 2368 enim
1470 2331 1596 2368 videte

142 2405 274 2444 quaeso
300 2393 373 2430 loci
404 2392 477 2429 mei
507 2392 746 2442 iniquitatem
773 2397 812 2428 et
837 2404 950 2441 quam
979 2391 1112 2441 iniquo
1138 2403 1225 2428 cum
1252 2391 1470 2429 adversario
1493 2403 1597 2428 com-

143 2454 284 2491 missus
312 2454 403 2491 sim:
439 2452 589 2503 privata
613 2452 644 2490 si
670 2452 849 2502 quapiam
879 2452 916 2488 in
942 2464 981 2489 re
1007 2464 1094 2489 cum
1121 2464 1167 2490 eo
1194 2458 1390 2505 contracta
1414 2450 1596 2488 certarem

143 2527 266 2564 eaque
294 2514 332 2551 in
361 2527 401 2552 re
430 2513 607 2551 maleficii
633 2525 720 2550 eum
750 2512 909 2550 admissi
938 2526 1137 2564 arguerem
1167 2513 1220 2550 ita
1247 2512 1448 2563 perspicue
1476 2517 1594 2562 atque

145 2585 247 2611 nunc
265 2573 340 2612 hac
358 2574 515 2625 publica
534 2575 571 2611 in
592 2585 710 2611 causa
734 2585 866 2624 arguo,
893 2580 970 2610 tam
999 2587 1076 2611 non
1097 2573 1247 2611 videtur
1275 2585 1359 2609 esse
1388 2571 1534 2609 ferreus
1558 2579 1596 2609 et

144 2633 361 2684 impudens,
379 2640 423 2671 ut
440 2647 508 2685 per
526 2633 818 2672 excusationum
845 2640 922 2671 tam
949 2634 1170 2685 frigidarum
1197 2632 1363 2682 ineptias
1383 2632 1529 2670 absolvi
1549 2632 1598 2670 sit

147 2693 429 2745 postulaturus;
453 2695 533 2745 jam
552 2707 643 2733 vero
663 2694 701 2730 in
723 2693 872 2745 judicio
893 2706 1049 2731 versans
1076 2693 1123 2730 de
1152 2705 1194 2729 se
1218 2691 1400 2729 habendo
1423 2704 1538 2742 super
1556 2705 1596 2730 re

149 2754 199 2792 ad
228 2753 500 2804 rempublicam
528 2755 754 2805 pertinente,
775 2754 925 2792 videtur
944 2753 1099 2803 opinari,
1126 2751 1252 2790 nullas
1282 2764 1324 2789 se
1348 2764 1482 2802 poenas
1507 2753 1598 2790 dare

151 2820 341 2866 oportere,
361 2814 572 2852 dummodo
591 2827 652 2852 me
673 2815 926 2852 accusaverit.

149 2926 152 2927 γ
205 2877 241 2912 3,
263 2874 360 2912 Rem
376 2887 489 2926 porro
503 2875 714 2914 mirandam
730 2882 822 2926 puto
833 2873 1196 2922 Nicomachum‚qui
1211 2879 1367 2911 censeat
1381 2885 1447 2912 vos
1463 2874 1599 2912 debere
