1822 3219
237 148 314 184 200
890 149 1059 186 LYSIAE

235 249 458 292 concinunt,
479 257 523 287 ut
541 250 615 288 ista
634 263 680 289 ex
702 250 761 288 his
783 258 822 288 et
842 264 975 289 rursus
996 252 1078 288 haec
1099 263 1145 288 ex
1165 250 1239 288 illis
1260 257 1397 289 mutuo
1418 253 1698 292 confirmentur

235 310 472 361 argumentis
494 311 543 349 ad
565 312 680 350 fidem
700 313 917 350 faciendam
937 312 1099 350 idoneis.
1156 312 1329 349 Primum
1348 312 1519 363 quidem,
1541 327 1614 359 me,
1633 314 1698 366 qui

232 385 353 410 causa
370 379 499 412 vestra
526 373 565 411 in
591 374 746 424 negotio
772 375 858 424 equi
885 373 1164 424 oppignerandi
1187 374 1239 411 ita
1270 374 1559 412 contendissem
1586 383 1627 413 ut
1647 376 1697 414 ad

235 434 522 472 contentionem
557 435 647 472 mihi
679 435 870 485 reliquum
891 435 985 472 nihil
1012 435 1208 481 fecissem,
1228 435 1387 473 lusistis.
1418 436 1438 456 Ψ
1468 436 1704 475 Adducebat

235 507 379 546 equum
400 497 617 546 pugnando
639 496 798 541 fessum,
831 509 946 547 quem
977 496 1165 534 reducere
1193 496 1336 535 volenti
1366 496 1456 534 mihi
1489 497 1704 536 intercessit

234 556 296 594 hic
319 556 530 603 Diodorus,
561 558 768 603 affirmans,
789 558 837 595 de
857 557 1062 596 duodecim
1084 558 1196 596 minis
1216 558 1269 595 nil
1290 565 1593 609 repugnaturum
1613 564 1700 598 esse

235 618 447 670 Polyclem,
475 619 545 657 sed
576 619 832 657 redditurum.
890 619 988 658 Haec
1024 619 1222 658 Diodorus
1261 620 1435 657 oratione
1474 627 1556 657 tum
1594 634 1702 666 usus,

234 688 324 732 post
355 688 517 719 mortem
550 681 639 732 equi
668 681 718 718 ad
750 688 987 732 postremum
1015 681 1256 719 adversarius
1289 680 1379 718 mihi
1410 681 1536 719 factus
1558 687 1632 726 est,
1664 689 1704 720 et

236 742 296 780 his
324 742 484 780 inimicis
515 742 610 780 meis
631 742 838 793 adjunctus
852 743 992 793 jactat,
1011 755 1168 793 acquum
1189 742 1293 779 haud
1316 755 1402 780 esse
1423 755 1483 780 me
1512 755 1567 780 aes
1586 755 1701 780 recu·

237 817 385 856 perare.
415 803 436 824 Ψ
464 804 485 824 Ψ
514 803 534 824 Ψ
566 804 668 842 Nam
690 804 735 850 si,
755 804 900 842 nullam
928 805 976 842 ab
997 804 1055 842 his
1074 818 1149 855 ego
1168 817 1309 855 passus
1330 804 1522 854 injuriam,
1555 804 1603 842 de
1621 817 1702 855 quo

233 878 415 918 quererer
433 866 527 904 nihil
556 865 762 912 habebam,
791 872 896 904 recte
920 867 1055 917 utique
1083 866 1121 903 hi
1155 879 1399 904 communem
1431 866 1616 904 adversus
1641 879 1703 904 me

233 941 392 966 causam
425 928 632 966 faciebant.
691 927 891 979 Opinabar
918 927 1128 980 aliquando
1159 941 1226 965 eos
1248 940 1353 965 more
1372 927 1701 972 academicorum,

233 1002 349 1040 super
368 989 442 1027 hac
467 1003 588 1027 causa
608 996 809 1039 utramque
829 989 866 1026 in
886 996 1032 1039 partem
1050 988 1290 1039 disputabili‚
1308 988 1536 1025 deteriorem
1556 995 1704 1038 partem

233 1050 305 1088 sibi
335 1050 527 1101 delegisse
547 1050 744 1095 tuendam,
766 1050 910 1100 ingenii
930 1049 1149 1101 proferendi
1183 1055 1222 1087 et
1241 1048 1438 1087 facundiae
1471 1048 1701 1086 exercendae

231 1112 383 1164 gratia:
412 1125 544 1149 verum
578 1112 695 1163 paulo
726 1119 813 1163 post
845 1112 1107 1162 agnoscebam
1144 1123 1311 1148 errorem
1345 1122 1488 1156 meum,
1526 1113 1614 1148 cum
1635 1109 1703 1155 illi,

232 1186 311 1212 non
332 1174 471 1218 verb1s‚
490 1173 560 1211 sed
590 1173 718 1220 factis,
752 1172 843 1210 mihi
875 1172 1186 1211 adversarentur.
1245 1171 1368 1222 quue
1395 1184 1456 1216 eo,
1483 1183 1564 1222 quo
1586 1170 1704 1222 Poly-

231 1235 312 1274 cles
340 1248 363 1273 a
383 1249 444 1273 me
464 1236 568 1273 dicta
587 1236 766 1279 resciret3
797 1235 995 1286 patefacta
1026 1234 1128 1271 enim
1149 1234 1225 1271 ista
1245 1234 1374 1271 omnia
1394 1240 1499 1271 sunt.
1557 1233 1700 1271 Coram

229 1297 377 1335 arbitris
410 1298 510 1335 enim
542 1297 789 1335 stomachans
811 1296 988 1347 Polycles
1007 1296 1117 1340 dixit,
1150 1294 1378 1333 necessariis
1396 1294 1502 1332 adeo
1522 1294 1617 1332 meis
1637 1307 1698 1332 me

232 1359 421 1411 injustum
441 1359 563 1397 videri
581 1373 592 1403 ;
623 1372 712 1397 nam
733 1359 838 1409 ipsos
859 1358 909 1395 ad
930 1371 970 1396 se
992 1357 1031 1395 id
1053 1357 1197 1395 dicere.
1255 1356 1360 1395 Num
1382 1356 1497 1393 etiam
1516 1356 1601 1393 haec
1621 1363 1701 1393 sta-

232 1423 302 1460 tim
321 1422 488 1460 dicenda
503 1435 590 1460 cum
610 1421 741 1459 relatis
762 1422 812 1458 ad
834 1433 894 1458 me
914 1419 1157 1472 concinunt?
1215 1419 1323 1456 Idem
1352 1418 1456 1463 enim
1484 1417 1616 1462 homo,
1635 1416 1703 1468 qui

233 1483 323 1528 ista,
344 1485 460 1522 etiam
480 1483 564 1521 haec
585 1483 636 1521 ad
654 1496 716 1520 me
737 1482 884 1527 retulit,
919 1495 987 1519 vos
1016 1494 1096 1532 prae
1117 1480 1226 1518 vobis
1261 1480 1374 1524 ferre,
1405 1479 1511 1526 quod
1532 1485 1703 1516 avertere

232 1544 361 1583 velitis
395 1558 462 1583 eos
492 1545 522 1582 si
556 1544 622 1596 qui
651 1557 721 1596 pro
755 1557 817 1582 me
844 1543 974 1581 dicere
993 1549 1143 1594 parent,
1177 1549 1215 1580 et
1229 1541 1311 1593 jam
1337 1540 1569 1592 quibusdam
1585 1540 1706 1578 obsti-

238 1608 347 1646 tisse.
402 1607 547 1645 Verum
568 1607 662 1657 quid
692 1606 777 1644 haec
810 1619 870 1643 me
895 1612 1049 1656 oportet
1076 1604 1205 1642 adhuc
1228 1602 1463 1641 luculentius
1496 1600 1704 1640 excutere?

232 1669 318 1720 Age
345 1668 447 1707 enim
476 1676 586 1706 norat
613 1668 823 1719 aliquando
851 1667 930 1713 ille,
960 1666 1064 1717 quod
1092 1680 1114 1703 a
1140 1664 1335 1702 Clitodico
1360 1677 1475 1714 quem
1504 1676 1703 1714 rogassem

177 1770 180 1772 ,
233 1730 428 1783 repulsam
443 1730 609 1767 tulerim.
638 1729 660 1750 Ψ
688 1730 708 1750 Ψ
738 1729 759 1750 Ψ

288 1795 327 1831 5.
358 1791 474 1829 Nunc
495 1791 655 1829 tandem
676 1791 867 1842 intelligo,
892 1789 1055 1841 vosjam
1077 1788 1225 1826 dudum
1245 1799 1402 1825 causam
1431 1786 1617 1837 quaesisse
1644 1799 1704 1824 re-

235 1854 460 1893 scindendae
477 1867 629 1892 mecum
644 1854 821 1892 amicitiae
841 1860 940 1900 tum,
953 1866 1038 1891 cum
1061 1852 1109 1889 de
1129 1850 1420 1902 Thrasymacho
1438 1849 1706 1900 quereremini,

234 1918 347 1968 quasi
365 1917 396 1955 is
417 1929 505 1955 mea
529 1929 649 1954 causa
667 1929 736 1954 vos
753 1916 905 1967 probris
931 1915 1200 1953 insectaretur.
1259 1913 1345 1962 Ego
1371 1920 1452 1950 tum
1480 1911 1708 1962 Thrasyma-

234 1978 350 2016 chum
384 1979 511 2030 ipsum
542 1980 816 2030 percontabar,
848 1991 985 2015 meane
1015 1989 1134 2015 causa
1163 1975 1380 2013 Diodorum
1417 1972 1706 2013 contumeliosis

235 2040 361 2078 verbis
382 2040 664 2083 insectaretur;
692 2040 758 2078 ille
790 2052 880 2077 vero
907 2039 1010 2077 istud
1043 2040 1119 2075 mea
1147 2051 1257 2074 causa
1291 2047 1370 2074 tam
1395 2036 1599 2074 fastidioso
1629 2035 1704 2072 risu

234 2102 483 2154 explodebat‚
516 2109 560 2140 ut
578 2109 741 2152 negaret
760 2114 842 2140 esse
872 2101 1067 2139 hominem
1089 2108 1237 2145 natum,
1266 2099 1379 2150 cujus
1399 2111 1532 2142 causa,
1562 2097 1707 2135 nedum

238 2165 326 2210 mei,
360 2164 578 2202 Diodorum
602 2170 706 2201 esset
737 2176 912 2214 unquam
940 2162 1179 2200 criminatus.
1239 2161 1389 2197 Horum
1419 2159 1545 2196 subire
1567 2156 1704 2195 scruti-

237 2226 342 2264 nium
370 2225 684 2277 Thrasymachus
715 2232 797 2263 erat
822 2232 995 2276 paratus,
1023 2237 1046 2262 a
1070 2237 1131 2261 me
1158 2222 1207 2260 ad
1236 2221 1454 2259 Diodorum
1477 2218 1702 2261 adductus3

238 2288 302 2326 hic
336 2296 465 2326 autem
497 2288 649 2338 quidvis
675 2287 805 2338 potius
834 2287 1015 2324 faciebat.
1089 2284 1187 2322 Post
1211 2284 1446 2321 Autocrates
1479 2293 1541 2318 me
1573 2291 1705 2317 coram

239 2348 530 2401 Thrasymacho
559 2347 800 2386 confirmavit
829 2347 1149 2399 Euryptolemum
1177 2345 1225 2383 de
1246 2359 1292 2383 eo
1319 2344 1442 2396 queri,
1470 2349 1587 2393 atque
1608 2340 1708 2379 affir-

242 2423 348 2450 mare
374 2423 415 2449 se
450 2409 808 2462 [Euryptolemum]
848 2410 896 2447 ab
929 2409 1014 2460 ipso
1047 2406 1376 2459 [Thrasymacho]
1396 2404 1497 2443 male
1524 2404 1706 2442 audisse:

242 2479 440 2512 auctorem
459 2472 531 2510 sibi
551 2485 635 2510 esse
667 2471 953 2523 Menophilum.
1012 2469 1151 2508 Statim
1174 2482 1246 2507 nos
1273 2468 1323 2506 ad
1353 2466 1623 2517 Menophilum
1643 2475 1708 2502 ac-

241 2534 444 2580 cessimus,
472 2547 546 2584 ego
574 2540 612 2571 et
645 2533 987 2584 Thrasymachus:
1018 2545 1151 2570 verum
1173 2529 1424 2580 Menophilus
1443 2527 1615 2577 negabat
1642 2531 1711 2562 aut

241 2603 467 2647 querentem
480 2596 530 2634 de
549 2595 844 2646 Thrasymacho
862 2594 1184 2646 Euryptolemum
1198 2592 1354 2630 audisse
1374 2596 1441 2628 aut
1461 2601 1502 2626 se
1520 2587 1570 2625 ad
1586 2587 1710 2625 Auto-

243 2667 390 2696 cratem
419 2656 611 2702 retulisse,
631 2669 759 2706 neque
787 2655 914 2693 solum
932 2656 1032 2701 haec,
1055 2654 1125 2692 sed
1146 2667 1169 2692 a
1188 2653 1307 2703 longo
1331 2651 1414 2703 jam
1433 2657 1605 2700 tempore
1627 2661 1710 2686 ser·

247 2732 406 2756 monum
423 2718 495 2756 sibi
511 2718 604 2755 nihil
619 2731 707 2756 cum
720 2717 787 2755 illo
802 2717 1082 2754 intercessisse.
1112 2714 1461 2765 Constatjam,vos
1473 2710 1711 2748 simultatem

244 2786 409 2818 vestram
431 2793 525 2831 erga
543 2793 604 2818 me
623 2793 644 2818 e
663 2791 749 2818 mea
763 2791 852 2817 cum
866 2776 1158 2829 Thrasymacho
1177 2773 1458 2814 consuetudine
1478 2778 1710 2823 conceptam

246 2841 468 2893 hujusmodi
502 2841 752 2892 praetextibus
771 2840 938 2878 velatum
960 2839 1061 2876 isse:
1092 2850 1194 2875 nunc
1217 2844 1359 2880 autem,
1391 2841 1597 2886 postquam
1616 2846 1710 2871 con-

248 2903 390 2955 sumpti
409 2910 448 2942 et
464 2903 645 2942 exhausti
666 2902 775 2942 vobis
797 2908 887 2940 sunt
902 2913 1036 2939 omnes
1057 2906 1283 2951 praetextus,
1301 2897 1459 2936 liberius
1475 2908 1628 2934 omnem
1646 2907 1712 2933 au-
