1822 3219
270 147 350 184 216
926 150 1094 189 LYSIAE

272 262 341 300 per
361 261 483 286 annos
505 256 600 299 quot
617 250 842 301 inquilinum
864 251 924 290 hic
951 253 1044 303 egit,
1066 265 1194 303 neque
1223 252 1306 304 ipse
1339 266 1464 304 neque
1494 268 1564 293 nos
1597 256 1737 295 civium

272 317 489 349 vestrorum
510 324 732 363 quenquam
754 313 867 363 injus
887 314 1110 352 vocavimus
1131 327 1258 365 neque
1277 328 1434 354 causam
1453 316 1491 354 in
1520 317 1604 356 foro
1623 331 1740 357 aceu-

276 373 349 411 sati
369 386 392 411 a
418 386 614 425 quoquam
645 375 828 420 diximus,
849 374 920 412 sed
946 374 999 412 ita
1027 375 1168 414 fuimus
1201 376 1322 415 civilis
1345 377 1442 428 juris
1475 377 1514 415 in
1542 379 1742 430 republica

273 433 497 485 participes,
518 442 561 472 ut
580 449 706 485 neque
734 435 828 473 alios
858 435 1142 476 offenderemus
1171 451 1297 489 neque
1325 439 1373 477 ab
1402 439 1565 478 aliorum
1595 440 1743 492 injuriis

274 496 573 547 exagitaremur.
632 496 690 533 Ex
721 510 798 547 quo
831 505 961 535 autem
999 498 1256 550 Trigintaviri,
1287 500 1463 540 homines
1503 501 1669 553 improbi
1704 510 1744 540 et

275 557 544 603 conscelerati,
561 558 658 609 juris
678 559 780 609 aequi
800 572 1060 610 perversores,
1082 574 1236 599 summa
1255 575 1380 599 rerum
1400 563 1512 614 potiti
1532 571 1636 610 sunt,
1658 563 1743 602 lau-

275 619 403 658 dabile
429 622 623 668 jactantes
655 634 776 672 remp.
803 621 1019 671 corrigendi
1055 629 1093 660 et
1127 623 1370 661 restaurandi
1403 624 1590 672 studium,
1623 632 1739 676 atque

273 695 355 733 prae
385 693 426 718 se
452 680 618 718 ferentes
642 690 818 733 oportere
844 683 1038 721 civitatem
1072 696 1094 721 a
1125 684 1326 735 flagitiosis
1358 686 1515 737 purgari
1549 700 1628 737 quo
1658 687 1743 724 reli-

274 755 439 794 quorum
459 742 599 780 civium
620 743 735 780 animi
758 743 807 781 ad
826 744 977 783 virtutis
997 752 1037 782 et
1058 745 1221 797 justitiae
1254 745 1381 784 studia
1412 755 1743 794 converterentur,

276 803 546 855 ejusmodique
568 805 810 843 sermonibus
832 805 937 843 dictu
964 806 1179 858 audituque
1201 808 1387 860 speciosis
1416 810 1745 860 exspectationem

273 866 469 917 publicam
503 866 694 912 fallentes,
726 880 852 918 neque
884 867 985 905 enirn
1008 881 1030 906 a
1049 882 1090 907 se
1109 870 1316 921 impetrare
1347 878 1528 922 poterant
1560 880 1603 910 ut
1631 872 1744 911 factis
1791 918 1795 924 ‚

275 940 431 977 quoque
462 928 645 964 orationis
678 941 760 965 suae
791 930 1103 979 probabilitatem
1124 932 1403 982 approbarent3
1435 945 1485 970 ex
1506 946 1551 971 eo
1572 941 1746 986 tempore

273 990 313 1026 in
333 988 444 1040 pejus
474 989 526 1026 ire
556 989 674 1040 coepit
699 998 833 1028 nostra
854 1004 913 1028 res
934 999 974 1029 et
998 992 1208 1042 privata'et
1227 993 1389 1044 publica
1414 1007 1641 1045 summaque
1661 995 1745 1033 imis

274 1057 425 1088 mutata
446 1057 549 1096 sunt,
564 1058 606 1087 ut
621 1053 792 1089 conabor
812 1065 885 1103 ego
905 1065 973 1091 vos
994 1065 1061 1103 per
1082 1053 1261 1104 exempla
1274 1061 1400 1092 vestra
1422 1055 1605 1093 ducendo
1625 1069 1746 1106 eaque

273 1111 382 1149 vobis
401 1112 439 1148 in
459 1112 681 1150 memoriam
704 1114 925 1152 revocando
957 1113 1110 1160 docere,
1126 1124 1380 1167 posteaquam
1402 1116 1452 1154 de
1473 1107 1630 1167 privatis
1651 1116 1747 1155 meis

275 1175 433 1213 casibus
468 1175 654 1226 praefatus
686 1177 808 1215 fuero.
867 1177 1081 1228 Surgentes
1115 1178 1153 1215 in
1188 1192 1378 1217 consessu
1402 1172 1746 1230 Trigintaviror‘um

274 1238 472 1288 Theognis
499 1245 536 1275 et
568 1238 660 1276 Piso
690 1239 738 1277 de
766 1239 962 1290 inquilinis
995 1244 1176 1278 auctores
1204 1242 1364 1286 fiebant,
1387 1254 1473 1279 esse
1505 1241 1543 1279 in
1573 1241 1650 1280 illis
1683 1241 1749 1292 qui

275 1308 469 1351 praesente
504 1313 605 1337 novo
640 1315 766 1338 rerum
800 1310 903 1339 statu
938 1311 1217 1352 gravarentur:
1249 1303 1495 1341 lectissimam
1530 1304 1631 1342 hanc
1662 1317 1749 1342 esse

275 1362 619 1413 opportunitatem,
639 1376 707 1413 per
727 1364 894 1414 speciem
914 1377 1114 1414 poenarum
1136 1377 1158 1401 a
1177 1365 1300 1402 noxiis
1321 1364 1621 1415 repetendarum
1642 1365 1748 1404 locu-

274 1425 399 1476 pletes
433 1425 627 1475 expilandi
660 1439 898 1476 magnasque
928 1439 1021 1477 opes
1053 1426 1286 1477 colligendi;
1320 1427 1495 1464 universe
1526 1427 1601 1465 hoc
1629 1441 1748 1465 unum

275 1493 365 1523 ante
395 1487 525 1524 omnia
560 1487 724 1537 spectari
760 1488 901 1537 agique
932 1494 1124 1538 oportere,
1155 1495 1199 1525 ut
1231 1487 1367 1525 civitas
1395 1488 1446 1525 ad
1474 1488 1611 1526 incitas
1650 1489 1749 1527 redi-

273 1554 442 1598 geretur,
464 1555 582 1598 atque
603 1548 794 1592 desolata,
811 1555 933 1595 vasta,
952 1549 1228 1593 inhabitabilis,
1251 1556 1290 1587 et
1308 1562 1466 1600 prorsus
1487 1549 1592 1587 nulla
1610 1551 1750 1589 redde-

274 1617 402 1648 retur:
432 1610 634 1661 imperium
655 1610 875 1648 tenentibus
896 1624 995 1662 opus
1016 1624 1102 1648 esse
1123 1611 1289 1648 nummis
1306 1624 1465 1660 quoquo
1485 1611 1601 1649 modo
1621 1625 1751 1651 corra-

275 1672 430 1710 dendis.
489 1672 586 1708 Haec
612 1671 678 1708 illa
701 1672 1032 1727 jactantes4haud
1065 1685 1169 1723 aegre
1200 1672 1486 1722 persuadebant
1506 1673 1750 1712 audientibus

273 1735 335 1781 iis,
357 1735 420 1786 qui
440 1734 568 1772 caedes
588 1734 787 1772 hominum
808 1748 876 1786 pro
898 1735 1014 1773 nihilo
1035 1735 1238 1781 ducentes,
1255 1735 1409 1786 rapinas
1431 1743 1470 1772 et
1489 1748 1605 1786 opum
1625 1744 1753 1774 extor-

277 1798 407 1835 siones
428 1797 568 1834 summi
587 1797 774 1835 facerent.
833 1797 990 1835 Placuit
1016 1810 1110 1847 ergo
1131 1797 1266 1835 decem
1288 1810 1337 1834 ex
1358 1797 1557 1847 inquilinis
1577 1797 1752 1850 locuple-

278 1859 450 1898 tissimos
481 1859 649 1897 omnium
681 1859 983 1910 comprehendi3
1015 1869 1055 1897 at
1074 1860 1111 1897 in
1131 1859 1190 1897 his
1216 1866 1346 1897 tamen
1373 1872 1444 1910 par
1466 1860 1752 1910 pauperiorum,

279 1934 357 1972 quo
376 1921 560 1958 invidiam
582 1920 805 1972 cupiditatis
825 1934 848 1959 a
868 1935 908 1959 se
929 1930 1099 1958 avertere
1122 1921 1290 1971 bonique
1311 1920 1457 1972 publici
1488 1921 1656 1960 rationes
1685 1935 1751 1960 cx-

278 1995 417 2021 cusare
439 1990 613 2033 possent,
633 1983 758 2032 quasi,
776 1991 819 2020 ut
839 1983 1075 2033 reliquorum
1096 1995 1252 2020 suorum
1274 1989 1488 2034 coeptorum
1509 1991 1626 2034 atque
1647 1983 1751 2022 insti-

277 2051 448 2082 tutorum
469 2044 562 2081 nihil
583 2057 673 2089 non,
693 2045 745 2081 ita
766 2045 840 2082 hoc
861 2058 1018 2095 quoque
1036 2044 1325 2083 consultissime
1345 2052 1385 2082 et
1404 2044 1454 2082 ad
1475 2045 1642 2083 salutem
1661 2046 1755 2097 pub-

279 2106 392 2145 licam
415 2107 820 2145 accommodatissime
842 2107 1039 2145 fecissent.

334 2171 371 2206 3.
402 2169 535 2206 Sortiti
560 2169 614 2205 sic
636 2170 735 2206 inter
755 2182 798 2207 se
815 2168 951 2207 domos
972 2168 1216 2219 expilandas,
1249 2169 1286 2206 in
1307 2181 1391 2205 eam
1411 2169 1573 2218 quisque
1593 2168 1751 2205 domum

279 2231 530 2282 irrumpebat,
552 2244 640 2281 quae
663 2231 735 2281 ipsi
759 2240 862 2269 sorte
895 2231 1109 2281 obtigisset.
1168 2230 1230 2267 Ad
1252 2243 1376 2267 meam
1398 2228 1516 2267 delati
1538 2229 1753 2281 deprehen-

280 2292 426 2330 debant
441 2305 501 2329 me
521 2293 744 2344 peregrinos
763 2292 945 2343 hospitali
965 2292 1141 2330 convivio
1161 2292 1430 2342 excipientem,
1451 2292 1591 2342 quibus
1619 2291 1754 2343 ejectis

282 2353 415 2392 Pisoni
443 2367 505 2391 me
528 2354 758 2403 tradebant3
787 2354 922 2405 reliqui
951 2355 989 2392 in
1013 2353 1204 2391 officinam
1234 2354 1414 2403 ingressi,
1439 2353 1640 2405 mancipiis
1661 2367 1754 2404 ope-

281 2430 362 2456 ram
385 2418 534 2455 dabant
554 2417 764 2455 lustrandis
787 2425 827 2455 et
845 2409 883 2454 1⁴n
905 2417 1057 2455 tabulas
1077 2415 1304 2460 referendis,
1322 2423 1364 2452 ut
1383 2415 1426 2453 fit
1447 2415 1484 2452 in
1505 2415 1616 2453 bonis
1636 2414 1761 2465 publi-

283 2480 394 2519 catis.
452 2479 606 2517 Interim
642 2493 717 2530 ego
753 2479 936 2517 Pisonem
976 2480 1229 2528 interrogare,
1263 2477 1433 2515 velletne
1466 2477 1558 2514 mihi
1589 2476 1754 2514 salutem

284 2543 452 2582 nummis
472 2543 729 2595 praesentibus
750 2542 944 2580 vendere:
975 2543 1103 2580 aiebat
1124 2541 1214 2578 Piso
1234 2541 1345 2586 velle,
1363 2541 1393 2578 si
1414 2540 1568 2591 quidem
1591 2539 1756 2590 pretium

284 2605 561 2656 redemptionis
577 2605 669 2642 satis
686 2605 736 2642 sit
750 2604 1005 2642 luculentum.
1064 2603 1283 2640 Offerebam
1297 2602 1484 2639 talentum
1506 2609 1731 2652 argenteum
1747 2614 1757 2638 ι

282 2669 483 2706 annuebat
502 2668 594 2705 Piso
612 2666 837 2705 conditioni.
893 2667 983 2704 Jam
1004 2679 1135 2703 noram
1158 2663 1338 2712 equidem
1361 2664 1542 2701 Pisonem
1563 2663 1757 2714 omnejus

287 2730 538 2780 divinumque
565 2729 855 2779 humanumque
882 2727 979 2765 tanti
1007 2740 1083 2765 non
1106 2726 1258 2763 facere:
1290 2724 1538 2762 nihilominus
1558 2731 1690 2763 tamen
1719 2725 1759 2762 in

286 2791 353 2828 illa
369 2805 496 2828 rerum
516 2790 630 2837 facie,
648 2791 789 2842 quibus
809 2796 890 2827 tum
914 2796 1045 2840 septus
1066 2800 1186 2831 eram,
1207 2785 1393 2836 imprimis
1413 2787 1518 2825 factu
1533 2786 1757 2838 judicabam

285 2866 372 2892 esse
392 2854 671 2900 necessarium,
704 2860 749 2891 ut
776 2852 957 2890 Pisonem
973 2847 1223 2902 jurisjurandi
1253 2848 1440 2900 religione
1460 2849 1755 2901 obstringerem.

285 2917 464 2962 durabat,
495 2916 653 2954 exitium
673 2916 822 2967 sibique
842 2914 1050 2962 liberisque
1079 2913 1295 2962 imprecans
1324 2911 1356 2949 si
1388 2911 1607 2959 fefellisset,
1631 2910 1758 2949 factu-
