1822 3219
475 98 700 137 CONTRA
732 97 1196 135 ERATOSTHENEM.
1492 100 1570 137 229

104 201 304 247 moenibus,
334 214 409 239 non
435 201 561 239 classe
580 200 746 238 tradita:
775 199 859 237 haec
880 212 921 237 se
941 199 1045 237 aiens
1065 199 1337 250 perfecturum,
1358 201 1565 240 recusabat

105 265 275 302 indicare
308 263 633 313 interrogantibus
660 261 814 300 modum
840 274 916 311 quo
940 267 1110 311 speraret
1129 262 1387 310 perficienda3
1420 262 1564 300 solum-

107 325 222 364 modo
241 338 384 363 coecam
405 325 475 362 sibi
491 324 605 361 fidem
625 323 756 361 haberi
775 322 1010 374 postulabat.
1069 321 1281 367 Habuistis,
1298 323 1566 370 Athenienses,

105 395 162 426 tot
177 387 503 425 intercedentibus
517 386 742 423 diffidentiae
759 384 973 422 momentis.
1021 383 1188 422 Senatus
1202 385 1497 434 Areopagiticus
1514 386 1563 424 de

104 463 202 500 pace
222 449 390 487 ineunda
410 455 448 486 et
467 447 702 485 restituenda
722 446 816 496 reip.
839 447 962 484 salute
983 459 1071 484 cum
1091 445 1398 484 Lacedaemoniis
1417 459 1482 496 per
1508 447 1564 485 le·

105 521 215 564 gatos
247 513 390 562 agitare
422 518 610 561 coeperat;
639 509 748 546 multi
777 522 846 547 vos
874 523 896 546 a
915 510 989 547 fide
1014 509 1244 547 Therameni
1272 509 1448 547 habenda
1473 511 1561 548 abs-

105 575 299 613 terrebant
328 579 443 622 atque
477 572 726 616 revocabant,
758 572 896 621 quibus
925 585 1011 608 eum
1041 571 1114 608 hoc
1144 571 1315 621 inprimis
1337 578 1561 622 suspectum

103 635 301 678 reddebat,
331 634 452 684 quod,
482 647 597 684 quam
617 647 694 670 rem
716 633 814 670 inter
832 633 966 669 hostes
988 639 1133 669 vestros
1154 632 1279 682 palam
1301 639 1405 670 esset
1429 633 1560 671 elocu-

103 702 227 742 turus,
248 708 332 732 eam
354 708 431 732 rem
451 695 555 732 velut
581 707 760 731 arcanam
782 706 851 730 vos
874 693 977 731 cives
1000 707 1091 731 suos
1113 694 1271 739 celaret,
1292 702 1427 731 contra
1445 707 1561 744 quam

102 757 165 794 alii
185 769 316 794 ornnes
336 756 524 801 facerent,
546 769 688 793 arcana
707 769 784 792 non
806 755 922 800 cives,
938 756 1003 793 sed
1025 756 1170 802 hostes,
1187 756 1383 794 celantes:
1415 770 1481 794 vos
1504 764 1562 795 ta-

100 832 204 864 men,
219 819 277 856 his
297 819 348 855 nil
369 819 473 863 moti,
487 818 736 856 Theramenis
757 818 795 854 in
811 831 950 855 manus
971 818 1131 869 patriani
1153 826 1192 856 et
1211 818 1351 856 liberos
1368 826 1407 856 et
1420 832 1560 858 uxores

102 887 141 917 et
154 887 302 918 vosmet
314 880 418 930 ipsos
429 879 650 924 tradidistis,
662 879 927 929 magnitudine
943 887 1059 930 atque
1071 879 1273 930 splendore
1287 880 1561 931 promissorum

101 943 186 980 freti
206 943 346 993 quibus
368 956 435 980 vos
452 949 734 980 occoecaverat.
793 942 860 978 Ille
880 955 970 979 vero
992 949 1069 979 tam
1091 942 1379 993 splendidorum
1399 944 1560 994 promis-

102 1018 231 1042 sorum
247 1005 403 1042 omnino
424 1004 517 1041 nihil
536 1017 670 1054 reapse
687 1004 862 1054 praestitit
882 1012 921 1041 et
940 1017 987 1041 ne
1008 1012 1191 1055 praestare
1215 1004 1366 1054 quidem
1387 1018 1559 1056 unquam

99 1066 232 1112 voluit,
253 1067 317 1117 qui
337 1066 392 1104 sic
409 1066 577 1103 animum
597 1078 709 1103 suum
730 1065 957 1110 induxisset,
983 1066 1033 1102 ad
1053 1072 1317 1116 contemptum
1340 1066 1559 1117 deprimen-

102 1128 191 1165 dam
218 1135 256 1166 et
282 1127 539 1166 enervandam
562 1135 600 1164 et
629 1140 783 1178 prorsus
804 1127 853 1164 ad
873 1127 1008 1165 incitas
1029 1128 1279 1178 redigendam
1302 1141 1386 1166 esse
1407 1142 1527 1180 remp.
1545 1143 1555 1167 ι

101 1204 178 1240 quo
199 1190 322 1228 effecit
339 1190 428 1235 hoc,
460 1197 517 1239 ut,
546 1202 708 1239 quorum
729 1189 778 1226 ad
798 1201 865 1225 vos
886 1189 1116 1226 mentionem
1144 1203 1191 1226 ne
1212 1189 1378 1226 hostium
1399 1190 1558 1240 quide-m

98 1254 302 1303 quisquam
330 1265 499 1302 unquam
532 1252 689 1289 fecisset
715 1259 754 1288 et
781 1264 867 1300 quae
893 1251 1031 1288 civium
1063 1252 1192 1289 nullus
1221 1259 1334 1290 antea
1363 1262 1560 1303 sperasset

98 1322 295 1358 eventura,
316 1314 365 1351 ad
386 1326 431 1351 ea
451 1326 518 1350 vos
538 1314 727 1364 patienter
747 1312 974 1363 accipienda
992 1321 1031 1351 et
1051 1313 1252 1351 toleranda
1272 1315 1457 1364 adigeret,
1480 1329 1556 1353 non

96 1383 256 1413 coactus
277 1389 298 1412 a
320 1375 637 1420 Lacedaemoniis,
657 1375 727 1411 sed
748 1374 848 1411 ultro
868 1375 959 1424 ipsis
979 1388 1025 1412 ea
1044 1375 1220 1412 deferens
1236 1389 1376 1426 eosque
1392 1376 1555 1415 invitans

99 1437 146 1475 ad
167 1437 399 1487 exigendum
421 1445 536 1486 atque
556 1437 820 1487 imperandum
842 1437 950 1473 vobis
971 1449 1155 1487 suamque
1173 1437 1278 1474 vobis
1298 1438 1557 1487 persuadendi

99 1512 251 1549 operam
273 1499 494 1543 condicens,
515 1498 674 1541 scilicet,
692 1506 735 1535 ut
754 1498 1008 1535 Athenienses
1032 1498 1219 1535 Piraeeum
1241 1500 1320 1536 suis
1340 1499 1414 1550 ipsi
1434 1501 1556 1537 mani-

96 1561 169 1598 bus
186 1560 460 1597 demolirentur
482 1557 801 1610 praes‘entemquae
821 1573 908 1609 quae
928 1568 1009 1597 tum
1029 1568 1110 1597 erat
1130 1561 1222 1611 reip.
1243 1561 1403 1598 formam
1424 1563 1556 1600 abole-

94 1630 201 1660 rent:
231 1623 330 1660 bene
350 1635 487 1672 nempe
508 1629 632 1665 norat,
652 1621 723 1658 nisi
744 1635 900 1672 prorsus
924 1622 1027 1658 omni
1048 1635 1114 1672 spe
1135 1635 1203 1659 vos
1225 1622 1468 1667 exclusisset,
1485 1637 1554 1662 vos

96 1696 118 1720 a
137 1697 177 1720 se
198 1696 329 1734 poenas
349 1683 425 1720 cito
442 1696 526 1720 esse
545 1683 789 1734 repetituros.
848 1683 1023 1733 Denique
1044 1683 1270 1721 concionem
1290 1684 1402 1722 citius
1422 1685 1557 1723 haberi

95 1758 174 1782 non
199 1745 298 1790 sivit,
323 1757 437 1794 quam
463 1745 724 1795 praestitutum
746 1758 768 1782 a
788 1758 829 1782 se
860 1752 1010 1796 tempus
1036 1745 1328 1796 diligentissime
1359 1755 1552 1785 servatum

96 1813 211 1856 atque
232 1806 405 1856 elapsum
424 1815 539 1850 esset,
561 1813 599 1843 ct
619 1806 817 1856 Lysander
838 1807 954 1844 Samo
982 1808 1189 1845 arcessitus
1217 1821 1303 1845 cnm
1331 1808 1454 1846 classe
1484 1809 1554 1847 ad-

95 1868 275 1915 venisset,
308 1868 506 1919 copiaeque
543 1868 709 1905 hostium
744 1876 942 1906 terrestres
973 1881 1195 1918 congressae
1226 1870 1358 1906 urbem
1386 1870 1554 1908 cinctam

94 1937 283 1967 tenerent.
340 1930 410 1966 His
443 1930 496 1966 ita
521 1930 768 1980 comparatis,
794 1943 923 1967 coram
952 1930 1153 1981 Lysandro
1185 1937 1222 1968 et
1253 1931 1484 1969 Philochare
1516 1939 1554 1969 et

95 1991 276 2029 Miltiade
297 1991 524 2029 concionem
547 1991 743 2029 habebant
771 1991 1053 2042 [Theramenes
1074 1999 1182 2042 puta,
1202 1993 1495 2039 Eratosthenes,
1515 2000 1554 2030 et

92 2053 227 2103 reliqui
248 2053 438 2103 Triginta]
461 2053 508 2090 de
529 2052 652 2089 forma
671 2053 764 2103 reip.
781 2053 1017 2098 inducenda,
1037 2054 1106 2091 sed
1126 2053 1352 2091 concionem
1374 2054 1553 2094 libertate

90 2121 284 2152 carentem
300 2122 338 2151 et
352 2115 388 2151 vi
404 2127 593 2151 armorum
614 2127 855 2164 oppressam,
872 2115 936 2152 ubi
953 2128 1076 2165 neque
1096 2123 1222 2153 orator
1239 2116 1442 2167 quisquam
1459 2117 1551 2168 ipsis

90 2188 227 2213 vocem
247 2188 373 2226 neque
394 2177 643 2226 magistratus
665 2176 790 2214 minas
811 2177 1049 2215 auctoritatis
1066 2191 1144 2215 suae
1162 2186 1387 2229 opponeret,
1400 2179 1469 2216 sed
1483 2193 1551 2218 vos

89 2237 274 2275 facultate
302 2238 438 2288 privati
468 2238 651 2276 salutaria
677 2239 784 2275 vobis
815 2239 1021 2286 sciscendi,
1050 2239 1131 2277 sola
1161 2240 1445 2278 scisceretisea
1464 2255 1551 2291 quae

88 2299 170 2337 istis
199 2300 361 2350 probata
388 2299 565 2337 fuissent.
622 2300 682 2337 Ibi
713 2299 976 2339 Theramenes
1003 2315 1090 2339 cum
1112 2301 1265 2340 dicendi
1287 2316 1407 2340 causa
1426 2317 1552 2341 surre-

90 2362 225 2407 xisset,
245 2367 378 2399 auctor
397 2360 504 2398 vobis
524 2361 608 2406 fuit,
629 2369 672 2398 ut
698 2363 830 2399 urbem
859 2363 1120 2413 Trigintaviris
1150 2364 1368 2410 traderetis,
1390 2378 1549 2415 eamque

88 2424 182 2474 reip.
200 2423 360 2460 formam
380 2435 496 2472 quam
517 2422 775 2460 Dracontides
796 2423 1030 2462 ostendisset
1049 2425 1389 2475 amplecteremini.
1448 2426 1550 2463 Huic

89 2497 158 2522 vos
194 2485 367 2528 orationi,
405 2484 557 2521 tametsi
599 2491 674 2521 tam
718 2485 822 2522 duris
865 2485 1039 2523 conclusi
1072 2487 1380 2531 necessitatibus,
1419 2493 1546 2524 tamen

92 2546 371 2596 obstrepebatis
398 2559 523 2597 eoque
550 2559 618 2584 vos
646 2546 905 2585 descensuros
933 2549 1157 2598 negabatis:
1190 2561 1376 2586 summam
1405 2548 1550 2586 scilicet

90 2618 214 2643 rerum
229 2614 441 2645 vestrarum
458 2608 495 2644 in
516 2608 581 2645 illa
602 2600 787 2646 concione
807 2618 949 2655 actum,
965 2618 1016 2654 et,
1036 2618 1160 2647 utrum
1182 2609 1396 2646 libertatem
1417 2609 1547 2648 tuituri

89 2680 140 2705 an
172 2668 391 2706 servitutem
417 2670 555 2707 obituri
582 2670 734 2715 essetis,
762 2670 961 2708 decretum
985 2671 1041 2715 iri,
1063 2670 1348 2720 intelligebatis.
1404 2671 1548 2709 Thera-

89 2741 221 2766 menes
256 2736 383 2766 autem
408 2752 460 2759 —-
484 2732 738 2770 recordamini
769 2732 899 2777 modo,
928 2732 1094 2783 judices,
1127 2731 1339 2768 intereratis
1375 2732 1475 2769 enim
1509 2740 1548 2771 et

89 2789 314 2836 audiebatis,
341 2803 426 2828 cum
452 2792 608 2839 diceret,
632 2802 675 2831 ut
703 2808 861 2833 necesse
887 2795 936 2832 sit
966 2807 1032 2831 vos
1065 2792 1289 2831 meminisse
1316 2793 1409 2831 facti
1435 2795 1546 2845 cujus

85 2865 152 2890 vos
174 2858 275 2890 recte
295 2858 414 2890 testes
429 2853 505 2892 cito
519 2877 584 2901 —-,
598 2855 856 2894 Theramenes
871 2868 963 2906 ergo
977 2862 1103 2893 vestro
1115 2867 1155 2893 se
1171 2854 1323 2894 fremitu
1336 2856 1546 2906 quicquam
