1822 3219
611 126 832 164 CONTRA
859 123 1166 162 PHILONEM.
1541 127 1617 163 353

168 226 288 276 turpis
319 226 414 263 lucri
441 225 578 264 avidus
612 233 685 271 est,
709 226 819 277 ecqui
852 226 883 263 is
911 237 1002 275 erga
1029 224 1124 262 alios
1154 224 1253 261 erit?
1300 225 1401 263 Vera
1423 231 1550 263 autem
1576 234 1619 264 ut

167 288 275 326 vobis
302 295 452 326 constet
479 288 562 325 haec
587 301 742 338 quoque
769 301 869 332 esse,
890 287 1021 324 audite
1049 299 1094 324 ex
1123 286 1209 335 ipso
1227 287 1459 337 Antiphane,
1478 300 1524 326 eo
1552 288 1617 338 qui

167 355 242 386 tres
263 348 347 386 illas
368 348 490 386 minas
509 361 531 386 a
552 349 738 386 moriente
755 348 842 387 tulit
861 354 1096 397 mortuaeque
1116 346 1231 383 funus
1251 347 1411 385 curavit.

796 456 989 494 TESTIS.

221 533 258 568 7.
291 531 437 581 Ecquid
456 531 570 581 igitur
589 544 657 569 vos
677 532 830 569 tandem
851 539 1070 582 spectantes
1090 532 1193 570 hunc
1211 533 1447 582 probabitis?
1475 540 1616 579 utrum,

167 591 273 642 quod
303 591 355 629 nil
385 591 609 642 deliquerit?
655 592 772 642 Atqui
804 592 964 642 patriam
997 592 1219 641 gravissime
1252 592 1362 629 laesit.
1419 594 1495 639 An,
1514 595 1617 644 quod

169 664 258 702 spes
277 658 337 689 est
355 652 435 689 fore
453 658 494 688 ut
513 652 600 689 olim
629 651 837 701 aliquando
862 652 1088 703 resipiscat?
1135 652 1250 702 Frugi
1272 653 1386 690 homo
1411 653 1513 703 prius
1535 667 1617 692 esse

168 712 320 750 studeto
341 712 600 764 praeclareque
621 713 668 750 de
687 713 808 763 patria
827 720 1006 758 meretor.
1026 720 1105 750 tum
1128 712 1284 750 demum
1310 715 1557 752 candidatum
1579 729 1618 753 se

169 774 314 811 ordinis
340 774 520 812 senatorii
547 774 657 820 ferto,
676 787 792 823 quum
825 774 938 811 rebus
971 780 1154 811 testatum
1190 774 1334 819 fecerit,
1353 781 1502 812 tantum
1528 790 1550 814 a
1576 790 1617 814 se

167 833 348 871 decorum
371 846 454 871 esse
475 834 512 870 in
534 835 693 884 patriam
716 834 899 871 collatum
916 840 1102 884 quantum
1123 840 1277 871 constat
1296 834 1328 871 ei
1347 835 1549 873 vulnerum
1570 838 1618 873 ab

166 894 240 931 isto
259 894 443 931 inflictum
463 907 561 932 esse.
620 893 844 932 Consultius
865 895 964 931 enim
986 893 1089 943 apud
1116 907 1250 931 omnes
1271 895 1432 932 habetur
1458 896 1618 946 gratiam

167 955 351 993 demereri
368 956 508 1006 potius,
519 968 632 1006 quam
650 956 870 1006 promereri.
928 955 1054 992 Grave
1069 954 1158 992 mihi
1171 954 1329 1005 quidem
1341 955 1619 1007 indignumque

166 1017 329 1062 videtur,
350 1017 380 1054 si
401 1025 648 1067 peccatorum
661 1017 741 1067 jam
767 1016 1058 1054 commissorum
1082 1028 1214 1066 poenas
1233 1015 1359 1052 nullas
1378 1016 1456 1062 det,
1476 1018 1619 1055 benefi-

166 1078 311 1116 ciorum
340 1085 481 1122 autem,
501 1091 588 1128 quae
615 1078 651 1115 in
670 1077 738 1115 'vos
769 1078 859 1115 olim
892 1077 1100 1127 aliquando
1129 1089 1168 1113 se
1199 1077 1427 1115 collaturum
1455 1078 1618 1129 ait,jam

165 1151 269 1176 nunc
287 1139 493 1189 praesentia
511 1139 545 1175 ei
561 1138 718 1188 praemia
737 1138 923 1176 tribuatis.
981 1137 1061 1174 Sed
1081 1137 1291 1174 fortassean
1311 1137 1398 1175 ideo
1419 1138 1618 1176 Philonem

164 1201 385 1251 probabitis,
405 1213 484 1250 quo
506 1201 609 1237 cives
630 1200 737 1237 vobis
763 1199 938 1237 meliores
958 1199 1183 1249 virtutisque
1211 1199 1471 1237 studentior-es
1497 1200 1619 1251 impo-

165 1268 308 1300 sterum
334 1262 440 1306 fiant,
461 1261 648 1305 videntes,
677 1259 834 1312 perinde
860 1274 993 1298 omnes
1021 1260 1228 1297 honoribus
1250 1259 1375 1298 affici?
1422 1261 1504 1298 Imo
1530 1274 1619 1299 vero

163 1323 374 1373 periculum
405 1328 478 1367 est,
498 1335 546 1358 ne
569 1322 672 1368 boni,
690 1322 864 1359 videntes
885 1322 923 1358 in
943 1320 1126 1371 petitione
1152 1321 1341 1358 honorum
1366 1322 1447 1371 pari
1473 1334 1514 1359 se
1533 1322 1618 1360 loco

162 1395 250 1420 cum
281 1382 391 1420 malis
424 1382 571 1427 haberi,
605 1382 786 1419 desinant
817 1381 1009 1419 honestati
1042 1393 1197 1431 operam
1228 1381 1334 1425 dare,
1362 1381 1467 1431 quod
1493 1382 1621 1420 existi-

162 1449 280 1489 ment,
307 1442 370 1492 qui
399 1442 508 1479 malis
539 1442 703 1480 honores
729 1442 902 1480 conferre
929 1441 981 1478 nil
1014 1441 1204 1486 dubitent,
1238 1441 1396 1478 eosdem
1427 1443 1616 1480 bonorum

159 1516 314 1554 quoque
352 1515 439 1540 esse
476 1502 598 1540 solere
630 1503 886 1540 immemores.
960 1502 1031 1539 Est
1060 1502 1135 1539 hoc
1174 1515 1329 1552 quoque
1368 1503 1615 1541 meditatione

160 1570 288 1601 vestra
312 1563 488 1612 dignum,
514 1562 691 1612 judices:
736 1562 937 1600 castellum
967 1562 997 1599 si
1032 1561 1135 1611 quod
1169 1574 1354 1599 navemve
1381 1562 1616 1612 prodidisset

161 1624 247 1674 quis
267 1630 333 1661 aut
355 1630 494 1668 castra,
513 1635 601 1660 cum
627 1629 733 1673 parte
752 1622 905 1667 civium,
925 1622 1105 1659 extremis
1127 1634 1215 1658 eum
1235 1622 1355 1672 poenis
1382 1623 1616 1667 afficeretis;

161 1684 225 1722 hic
257 1690 386 1722 autem
417 1683 606 1722 universae
643 1683 806 1722 civitatis
845 1683 1016 1733 proditor
1048 1683 1188 1727 factus,
1223 1696 1269 1720 ea
1308 1690 1435 1721 tamen
1473 1684 1616 1723 fiducia

162 1758 284 1795 eaque
316 1758 403 1783 cum
436 1758 503 1795 spe
533 1751 701 1782 vestrum
735 1744 772 1780 in
805 1750 1057 1794 conspectum
1086 1743 1238 1793 prodiit,
1269 1750 1312 1780 ut
1345 1751 1495 1782 constet
1527 1758 1616 1783 eum

162 1806 412 1844 immunitatis
438 1819 461 1843 a
486 1805 608 1856 poenis
637 1812 782 1843 certum
807 1817 907 1842 esse.
971 1803 1098 1847 Quid?
1128 1804 1230 1853 quod
1258 1804 1482 1854 proditionis
1518 1807 1615 1844 adeo

161 1866 359 1917 praemium
389 1873 520 1916 sperat
539 1878 579 1902 se
605 1865 822 1902 ablaturum
852 1865 1036 1902 honorem
1067 1863 1210 1901 ordinis
1237 1864 1442 1903 senatorii!
1480 1866 1614 1916 Atqui,

160 1927 374 1964 libertatem
406 1927 471 1976 qui
505 1933 583 1964 tam
615 1926 740 1976 palam
775 1925 984 1975 prodiderit
1012 1932 1126 1975 atque
1159 1925 1222 1962 hic
1253 1924 1357 1970 fecit,
1390 1926 1424 1963 ei
1459 1939 1535 1963 non
1565 1927 1613 1965 de

159 1988 302 2026 honore
331 1987 499 2038 petendo
529 1988 598 2025 sed
632 1988 680 2025 de
708 1988 889 2025 servitute
917 1987 1141 2025 certandum
1172 1987 1275 2038 apud
1297 2000 1363 2025 vos
1392 1988 1474 2033 erit,
1496 1995 1535 2026 et
1563 1989 1612 2026 de

159 2049 435 2100 proscriptione
463 2050 651 2087 bonorum
685 2049 867 2094 omnium,
900 2048 1001 2085 unde
1032 2056 1244 2086 extremam
1270 2049 1318 2086 ad
1347 2057 1611 2100 paupertatem

160 2110 372 2148 delabatur.

214 2173 250 2208 8.
281 2171 423 2209 Ve'rum
445 2171 530 2208 haec
549 2171 794 2221 cumjactare
816 2169 945 2215 audio,
961 2171 1069 2207 nefas
1086 2171 1116 2208 si
1132 2177 1236 2208 esset
1255 2170 1443 2221 ejusmodi
1463 2171 1500 2208 in
1522 2178 1613 2210 tem-

159 2245 248 2282 pore
267 2233 401 2283 patriae
421 2232 567 2277 deesse,
583 2232 841 2282 legislatorem
863 2231 966 2268 haud
986 2230 1103 2268 videri
1123 2231 1241 2269 fuisse
1261 2231 1551 2270 commissurum
1572 2242 1613 2271 ut

160 2305 207 2330 ea
227 2293 275 2330 de
298 2305 336 2329 re
362 2292 487 2341 legem
514 2292 660 2329 nullam
690 2293 818 2337 ferret,
840 2293 918 2342 qui,
939 2305 1036 2343 quas
1056 2291 1150 2330 alias
1177 2305 1236 2330 res
1258 2292 1393 2330 vetitas
1413 2293 1610 2341 voluisset,

160 2353 208 2390 de
227 2353 271 2390 iis
292 2352 432 2390 diserte
451 2353 616 2389 cavisset
635 2351 784 2402 legibus
805 2352 1076 2402 singularibus.
1135 2353 1274 2403 Sperat
1289 2366 1426 2404 nempe
1443 2367 1511 2391 vos
1532 2361 1609 2391 tam

159 2412 291 2449 tardos
312 2411 405 2455 fore,
426 2418 471 2449 ut
497 2412 571 2449 hoc
599 2412 700 2462 quod
729 2413 882 2450 obvium
906 2419 966 2450 est
990 2414 1114 2450 minus
1135 2414 1369 2464 intelligatis,
1389 2415 1437 2451 ob
1458 2414 1610 2453 sceleris

159 2472 462 2522 magnitudinem
481 2485 504 2510 a
522 2472 742 2523 legislatore
767 2473 1001 2524 praeteritum
1025 2473 1063 2510 id
1083 2473 1215 2511 fuisse.
1274 2474 1390 2512 Eccui
1418 2475 1518 2511 enim
1544 2482 1610 2512 aut

158 2533 298 2570 oratori
323 2540 390 2570 aut
410 2533 533 2584 judici
552 2534 724 2572 venisset
748 2533 785 2570 in
811 2541 990 2579 mentem,
1015 2541 1059 2572 ut
1085 2536 1343 2585 suspicaretur
1364 2535 1444 2572 fore
1469 2535 1606 2572 civium

159 2605 391 2642 quemquam
420 2593 595 2632 audaciae
621 2600 699 2632 tam
728 2594 908 2645 projectae
933 2602 976 2632 ut
1001 2602 1150 2632 tantum
1176 2595 1211 2631 in
1236 2607 1276 2631 se
1301 2595 1448 2632 facinus
1474 2594 1608 2632 admit-

159 2651 283 2691 teret?
331 2652 568 2702 Hujusmodi
586 2654 687 2692 enim
706 2654 738 2692 si
756 2654 847 2704 quid
867 2655 911 2693 iis
932 2655 1165 2692 suboluisset
1185 2654 1383 2704 suspicari,
1403 2661 1479 2692 tam
1502 2655 1609 2693 stulti

161 2720 200 2750 et
219 2720 296 2751 tam
317 2726 456 2762 segnes
475 2715 648 2764 profecto
669 2728 745 2753 non
765 2715 942 2761 fuissent,
961 2723 1004 2752 ut
1022 2715 1097 2752 hoc
1117 2715 1165 2752 de
1189 2715 1332 2753 scelere
1357 2728 1494 2753 cavere
1514 2717 1611 2755 obli·

160 2775 410 2813 viscerentur.
466 2775 624 2814 Ordinis
645 2776 814 2814 militaris
832 2776 879 2814 de
895 2776 1101 2820 desertore,
1116 2774 1220 2812 velut
1241 2775 1289 2813 de
1308 2776 1435 2826 magni
1452 2777 1610 2815 sceleris

159 2846 238 2881 reo,
258 2840 296 2871 et
313 2833 503 2883 ejusmodi
531 2836 685 2885 quidem
705 2837 741 2874 in
761 2837 886 2881 bellis,
907 2836 971 2873 ubi
993 2848 1069 2873 non
1099 2835 1203 2873 salus
1231 2836 1361 2887 patriae
1380 2837 1418 2875 in
1438 2838 1607 2888 periculo

848 2899 871 2931 2
907 2911 927 2933 z
