1822 3219
551 144 774 183 CONTRA
804 142 1151 180 ALCIBIADEM.
1500 142 1572 178 137

135 252 315 293 testatum
345 244 394 283 ad
423 246 556 283 omnes
590 246 693 290 fecit,
726 252 766 284 et
795 244 1040 295 magistratus
1069 251 1108 281 et
1138 243 1242 293 leges
1274 249 1312 280 et
1347 243 1449 281 cives
1489 242 1576 280 reli-

134 320 232 358 quos
259 320 281 345 a
306 320 345 345 se
374 307 486 345 flocci
517 320 591 345 non
625 307 717 345 fieri.
774 306 914 345 Verum
952 319 1002 343 ne
1036 305 1097 343 hic
1126 304 1280 355 quidem
1311 305 1492 349 substitit,
1510 304 1576 342 sed

135 375 174 406 et
191 369 278 406 vitae
299 368 394 407 adeo
415 367 548 406 Calliae
566 368 767 406 insidiatus
788 375 860 414 est,
893 380 969 418 quo
988 366 1094 405 solus
1122 366 1204 417 ipse
1224 365 1430 415 Hipponici
1454 365 1576 403 facul-

134 436 233 466 tates
253 429 475 471 devotaret:
504 428 626 465 nostis
645 440 713 466 vos
733 441 879 472 omnes,
897 427 1134 465 Alcibiadem
1154 439 1280 464 coram
1297 425 1405 463 vobis
1424 426 1462 462 in
1482 438 1574 463 con-

133 493 244 531 cione
280 493 536 531 insimulatum
568 492 681 543 hujus
717 492 868 530 sceleris
905 492 1048 530 fuisse:
1094 491 1351 543 populumque
1388 490 1574 527 bonorum

136 554 272 592 Calliae
291 555 338 592 ab
362 554 445 604 ipso
466 551 590 591 Callia
612 553 792 591 heredem
816 553 974 598 dictum,
1003 553 1034 590 si
1059 552 1298 602 contingeret
1326 550 1397 601 ipsi
1422 559 1465 588 ut
1493 549 1574 588 sine

134 615 240 665 prole
267 613 495 656 decederet;
537 613 575 651 id
605 614 708 664 quod
738 622 911 652 metuens
940 614 1105 651 faciebat
1125 612 1282 656 Callias,
1310 625 1356 650 ne
1385 611 1575 662 cupiditas

132 675 339 726 Alcibiadis
359 674 428 712 sibi
446 674 598 712 exitium
622 675 783 713 afferret.
840 675 957 725 Atqui
976 688 1068 725 erga
1085 674 1319 711 necessarios
1341 686 1468 710 secum
1485 685 1575 711 con-

128 736 388 787 junctissimos
418 736 481 786 qui
516 749 556 773 se
593 745 670 773 tam
707 749 873 773 scaevum
903 743 1016 786 atque
1049 744 1125 772 tam
1157 735 1357 772 immanem
1390 733 1500 784 gerit,
1533 730 1578 772 ut

133 808 287 833 uxorem
305 796 686 833 contumeliosissime
704 795 845 834 habeat
863 796 1021 847 ejusque
1040 796 1191 833 fratrem
1210 808 1278 846 per
1295 794 1450 832 insidias
1470 795 1574 833 clan-

130 856 300 895 destinas
327 857 376 894 de
407 857 532 895 medio
551 857 696 896 »tollere
726 864 899 901 conetur,
931 871 1090 908 ecquem
1119 859 1166 895 ab
1198 870 1243 894 eo
1272 856 1455 901 animum,
1478 869 1575 906 quos

130 931 253 956 mores
272 932 364 969 erga
381 918 608 970 reliquorum
638 932 828 970 quemque
846 920 982 957 civium
1014 917 1316 971 exspectabitis?
1356 930 1431 955 non
1452 918 1575 956 multo

129 979 264 1030 majori
281 979 352 1017 hos
372 980 587 1027 insolentia,
602 981 794 1032 superbia,
809 980 1043 1019 immanitate
1059 979 1269 1019 tract-abit?
1311 979 1458 1017 Omnes
1473 979 1575 1017 enim

132 1040 301 1090 profecto
331 1040 394 1078 alii
425 1040 599 1079 homines
626 1042 842 1080 carissimos
869 1041 1010 1080 habere
1041 1041 1263 1092 plurimique
1295 1040 1421 1078 facere
1451 1040 1577 1079 solent

132 1103 383 1141 necessarios.
447 1103 639 1141 Praeterea
666 1103 793 1141 nudus
824 1112 863 1141 et
891 1104 1060 1142 desertus
1090 1104 1138 1141 ab
1168 1102 1297 1141 amicis
1326 1115 1403 1139 non
1431 1110 1503 1148 est,
1532 1110 1576 1141 ut

131 1162 242 1201 facile
261 1172 299 1202 et
317 1164 437 1202 inulto
457 1164 644 1208 laedatur;
675 1165 743 1203 sed
775 1165 926 1210 divitiae,
952 1166 1090 1216 quibus
1121 1164 1362 1210 circumfluit,
1382 1164 1575 1212 adjiitores

132 1224 166 1261 ei
184 1225 430 1277 vindicesque
449 1227 747 1277 quamplurimos
767 1234 1049 1265 contraxerunt.

182 1287 220 1322 7.
250 1287 364 1330 Quod
385 1294 512 1325 autem
527 1288 693 1326 omnium
712 1294 771 1326 est
788 1287 1110 1338 indignissimum,
1126 1287 1157 1325 is
1175 1299 1261 1325 cum
1278 1287 1326 1325 sit
1341 1286 1575 1333 Alcibiades,

128 1351 204 1384 tam
230 1347 440 1385 sceleratus
462 1355 540 1385 tam
559 1348 746 1399 impurus,
777 1361 823 1386 ea
841 1347 1042 1387 insolentia
1061 1356 1177 1398 atque
1196 1343 1428 1400 arrogantia,
1446 1355 1575 1386 tamen

128 1408 239 1458 quasi
257 1410 386 1460 populi
401 1410 696 1448 studiosissimus
712 1409 970 1455 concionatur,
985 1410 1156 1460 aliosque
1175 1410 1410 1461 optimatium
1427 1409 1576 1447 studio-

128 1481 193 1507 sos
211 1476 250 1507 et
266 1470 416 1520 plebem
445 1484 581 1509 exosos
611 1471 832 1523 appellitat;
861 1479 900 1509 et
919 1471 1001 1522 jam
1027 1470 1174 1509 dudum
1194 1478 1354 1509 mortem
1382 1470 1534 1522 publice
1553 1483 1576 1508 a

127 1531 236 1569 vobis
254 1531 498 1582 irrogandam
519 1532 674 1570 meritus
691 1533 909 1571 criminibus
926 1533 961 1570 in
983 1546 1051 1571 vos
1071 1532 1284 1571 commissis
1298 1533 1419 1584 iisque
1437 1531 1575 1570 studiis

127 1592 267 1643 quibus
287 1593 440 1631 deditus
463 1602 534 1639 est,
555 1603 697 1640 tamen,
720 1595 751 1632 si
771 1595 849 1645 qui,
869 1595 971 1646 apud
991 1607 1057 1632 vos
1083 1594 1254 1632 infamati
1274 1601 1387 1645 atque
1407 1594 1575 1645 suspecti

127 1653 235 1691 vobis
269 1653 418 1699 redditi,
455 1654 607 1705 publice
645 1655 721 1693 sint
755 1655 964 1693 accusandi
1002 1662 1204 1705 vestroque
1241 1656 1393 1693 nomine
1424 1655 1574 1693 actione

126 1714 310 1752 criminali
339 1716 609 1766 prosequendi,
642 1723 722 1754 tum
754 1716 943 1755 Alcibiadi
976 1723 1103 1767 partes
1139 1716 1376 1753 accusatoris
1413 1729 1436 1753 a
1465 1714 1574 1753 vobis

128 1775 432 1814 demandantur:
475 1790 694 1828 quanquam
726 1778 779 1815 ita
810 1786 870 1816 est
900 1777 1074 1823 incivilis,
1119 1784 1161 1814 ut
1190 1776 1250 1814 alii
1281 1776 1572 1814 Atheniensium

128 1836 348 1888 neminijus
368 1851 496 1875 secum
518 1851 586 1889 par
614 1845 653 1876 et
669 1839 817 1889 aequale
842 1847 907 1876 aut
926 1839 1039 1875 etiam
1061 1850 1136 1875 non
1157 1837 1276 1875 multo
1305 1838 1428 1876 saltim
1447 1840 1572 1877 minus

126 1897 329 1947 concedat,
350 1905 475 1936 tamen
507 1899 668 1936 civitatis
699 1912 738 1936 se
759 1898 959 1936 custodem
979 1899 1064 1945 fert,
1093 1905 1131 1935 et
1152 1898 1205 1936 ita
1222 1912 1289 1936 vos
1309 1900 1415 1937 nullo
1432 1900 1469 1936 in
1487 1900 1572 1938 loco

126 1956 243 1996 habet
270 1958 398 2009 itaque
419 1960 578 2009 despicit
608 1967 647 1997 et
674 1959 831 2004 fastidit,
864 1967 922 2003 ut,
951 1972 1037 1997 cum
1066 1959 1172 1997 vobis
1202 1960 1237 1997 in
1265 1961 1447 1998 concione
1479 1973 1570 1998 con-

127 2019 268 2069 gressis
287 2024 327 2057 et
350 2021 453 2058 velut
473 2021 510 2058 in
540 2034 654 2058 unum
683 2033 820 2072 corpus
847 2021 996 2059 coalitis
1024 2021 1216 2067 aduletur,
1248 2029 1327 2060 tum
1348 2022 1484 2060 viritim
1503 2037 1568 2061 ve-

126 2087 243 2118 strum
262 2082 422 2133 singulis
435 2083 649 2133 quibusque
669 2083 839 2120 insultet.
896 2083 1118 2134 Exemplum
1137 2083 1249 2121 vultis
1265 2083 1280 2120 ῖ
1311 2084 1366 2121 Eo
1382 2080 1571 2134 processit

125 2142 310 2188 audaciae,
331 2149 374 2180 ut
392 2145 680 2194 Agatharchum
696 2144 890 2195 pictorem,
906 2158 1127 2195 persuasum
1144 2158 1274 2182 secum
1290 2144 1445 2182 domum
1461 2139 1569 2183 suam

127 2204 270 2250 venire,
287 2206 456 2255 coegerit
476 2205 524 2243 ibi
554 2219 707 2243 manere
726 2206 905 2256 illamque
930 2206 1122 2244 coloribus
1142 2206 1351 2244 incrustare
1377 2213 1491 2256 atque
1510 2206 1568 2257 pi·

122 2265 244 2303 vcturis
263 2279 445 2305 exornare
461 2280 472 2311 ;
501 2267 642 2318 illoque
657 2267 926 2305 necessitatem
947 2267 1139 2306 admotam
1155 2268 1330 2319 precibus
1350 2267 1568 2306 declinante

124 2339 310 2377 verasque
340 2328 608 2366 excusationes
628 2329 817 2379 allegante
835 2332 893 2378 (se
923 2342 1057 2380 nempe
1071 2329 1150 2380 jam
1173 2328 1253 2366 aliis
1274 2342 1427 2379 operam
1458 2343 1568 2367 suam

123 2388 327 2436 elocasse),
359 2389 611 2428 comminatus
642 2390 691 2427 sit
720 2403 926 2436 carcerem,
957 2391 1027 2428 nisi
1057 2391 1230 2441 protinus
1262 2391 1342 2429 sine
1369 2391 1446 2429 ulla
1471 2405 1566 2429 cun-

120 2451 288 2490 ctatione
302 2452 373 2490 sibi
387 2453 605 2504 penicillum
620 2466 851 2503 manumque
866 2454 1139 2492 commodaret.
1194 2455 1297 2498 Quid
1313 2461 1444 2506 ageret
1462 2455 1567 2504 Aga-

123 2513 332 2551 thar-chus?
361 2527 520 2552 necesse
549 2514 717 2552 habebat
746 2515 964 2553 necessitati
992 2516 1172 2566 praesenti
1204 2516 1364 2554 servire:
1396 2515 1565 2566 expingit

121 2571 248 2622 itaque
261 2575 467 2614 Alcibiadis
480 2576 649 2620 domum,
664 2575 788 2614 donec
805 2576 959 2614 tandem
973 2584 1108 2628 quarto
1124 2591 1253 2616 mense
1273 2581 1362 2628 post
1381 2571 1564 2627 opportu-

123 2632 280 2671 nitatem
299 2643 448 2683 nactus,
470 2636 567 2675 clam
587 2636 769 2675 custodes
789 2638 982 2688 appositos
1003 2637 1190 2688 auffugit3
1217 2636 1444 2675 custodibus
1464 2635 1565 2675 enim

124 2692 356 2741 Alcibiades,
384 2697 501 2735 veluti
533 2711 597 2736 rex
632 2697 800 2748 quidam,
834 2699 1024 2737 utebatur.
1087 2699 1136 2737 Et
1165 2697 1408 2736 nihilominus
1436 2705 1562 2737 tamen

122 2753 223 2792 idem
256 2755 472 2796 Alcibiades
505 2766 582 2797 tam
619 2766 702 2797 erat
733 2760 948 2810 impudens,
987 2769 1028 2798 ut
1063 2760 1162 2797 ultro
1194 2759 1241 2796 ad
1274 2758 1564 2809 Agatharchum

124 2814 259 2861 adiret,
274 2829 361 2854 cum
377 2830 498 2868 eoque
514 2819 618 2858 velut
632 2821 803 2871 injuriam
820 2834 955 2872 passus
972 2827 1204 2872 quereretur,
1220 2827 1259 2857 et
1270 2826 1418 2858 tantum
1434 2818 1566 2860 aberat

122 2875 368 2915 ab'ausorum
398 2879 464 2929 per
483 2880 699 2919 violentiam
720 2882 952 2932 poenitentia,
984 2889 1026 2919 ut
1055 2881 1180 2931 potius
1200 2881 1382 2927 pictorem
1409 2882 1564 2920 insuner

833 2957 854 2979 T
