1822 3219
500 111 727 150 CONTRA
759 111 1183 151 DARDANARIOS.
1487 115 1563 152 305

112 219 204 257 ergo
236 208 304 247 tibi
337 224 490 262 poenam
524 213 727 252 convenire
757 213 901 252 nullam
934 227 1070 253 censes
1099 228 1214 264 quarn
1249 217 1393 262 mortis,
1414 218 1443 255 si
1469 230 1559 255 con-

112 267 249 307 stiterit
268 277 304 308 te
323 273 562 310 commisisse
583 273 727 323 aliquid
747 274 935 325 ejusmodi
954 274 991 312 in
1011 274 1117 325 quod
1144 275 1252 324 leges
1281 290 1431 327 poenam
1454 290 1555 315 mor-

112 327 160 365 tis
190 331 373 368 sanxere?
435 333 589 371 Nullam
622 334 750 371 aliam.
807 334 1017 385 Responde
1047 347 1140 384 ergo
1165 335 1271 381 mihi,
1306 337 1488 375 faterisne
1517 344 1555 375 te

109 387 288 427 frumenti
309 391 395 441 plus
414 393 602 430 coemisse
619 406 735 443 quam
755 393 861 444 leges
882 395 1121 445 permittunt,
1143 407 1230 445 quae
1243 395 1350 445 leges
1364 397 1556 446 quinqua-

109 448 218 496 ginta
238 457 375 489 tonnas
394 453 517 489 coemi
537 453 788 502 permittunt?
836 455 921 505 Ego
957 456 1041 506 plus
1069 456 1191 494 coemi
1211 468 1326 505 quam
1347 456 1451 506 leges
1472 470 1556 507 per-

108 508 274 556 mittunt,
295 511 459 561 atjussu
479 512 786 562 magistratuum.

160 571 198 606 4.
225 569 314 607 Jam
340 572 527 609 absolvite
553 572 670 617 hunc,
693 574 863 623 judices,
883 575 947 611 ubi
976 574 1098 624 legem
1127 575 1554 624 protulerit,jubentem

107 627 376 668 frumentarios
395 644 480 669 eam
499 644 703 681 granorum
719 634 867 683 copiam
887 646 1062 679 coemere
1082 647 1196 684 quam
1216 634 1464 684 magistratus
1483 636 1554 674 im-

106 689 263 738 perarit:
284 691 390 740 quod
405 691 437 729 si
453 693 578 729 minus
593 693 757 741 potuerit
772 693 912 737 facere,
922 706 990 730 vos
1007 707 1094 731 eum
1112 694 1371 732 condemnare
1391 701 1556 745 oportet.

105 748 186 786 Nos
215 750 314 787 enim
341 751 466 801 legem
485 752 593 789 vobis
620 752 872 799 exhibuimus,
892 761 1085 791 vetantem
1106 754 1178 791 hac
1203 755 1240 791 in
1269 755 1361 791 urbe
1380 767 1552 792 commo-

104 809 265 846 rantium
284 823 500 862 quenquam
524 813 711 850 *frumenti
736 813 822 864 plus
853 814 1132 865 quinquaginta
1163 815 1291 852 tonnis
1320 815 1400 865 [vel
1423 815 1553 865 doliis]

103 881 289 908 coemere.

155 932 193 967 5.
222 930 435 981 Oportebat
466 932 636 982 quidem,
658 933 824 983 judices,
851 934 937 972 haec
964 935 1152 973 hactenus
1180 935 1285 973 dicta
1316 935 1366 974 ad
1394 948 1553 974 accusa-

103 991 243 1029 tionem
273 991 463 1038 sufficere,
484 1005 550 1030 reo
579 995 722 1031 crimen
751 995 969 1040 confitente,
995 1001 1035 1032 et
1062 996 1149 1045 lege
1174 995 1320 1033 factum
1340 995 1379 1033 id
1395 1002 1552 1034 *vetante

101 1051 207 1101 quod
225 1051 288 1089 hic
305 1064 346 1089 se
361 1053 598 1092 commisisse
612 1054 767 1099 fatetur,
780 1055 966 1105 vobisque
975 1055 1228 1107 jurejurando
1248 1056 1444 1094 obstrictis
1465 1069 1552 1094 sen-

101 1112 262 1150 tentiam
280 1125 330 1151 ex
354 1115 579 1166 praescripto
603 1115 735 1166 legum
762 1116 910 1154 dicere:
937 1123 1200 1154 verumtamen
1227 1130 1305 1167 quo
1321 1129 1389 1154 vos
1410 1117 1459 1154 de
1480 1116 1552 1154 hoc

101 1187 256 1225 quoque
269 1175 362 1213 certi
381 1175 501 1220 siatis‚
518 1175 621 1213 hunc
641 1176 933 1215 frumentarium
951 1178 1127 1215 mendaci
1142 1178 1336 1215 calumnia
1350 1177 1552 1227 magistra-

100 1241 163 1272 tus
183 1234 408 1273 infamatum
428 1236 519 1280 isse,
534 1249 691 1275 necesse
705 1238 828 1275 habeo
847 1237 922 1275 hoc
941 1237 991 1275 de
1011 1239 1096 1275 loco
1116 1228 1288 1287 pluribus
1304 1250 1430 1287 agere.
1462 1238 1554 1274 Fru-

99 1295 295 1332 mentariis
314 1308 451 1347 nempe
464 1296 616 1347 culpam
630 1297 667 1334 in
681 1293 927 1348 magistratus
943 1298 1012 1348 [rei
1028 1297 1248 1335 annonariae
1263 1297 1421 1335 tuendae
1437 1304 1551 1349 atque

98 1356 277 1406 regendae
292 1356 517 1407 praefectos]
531 1357 831 1403 conferentibus,
844 1359 1135 1396 arcessebamus
1151 1359 1239 1407 [nos
1254 1357 1454 1408 prytanes]
1469 1370 1550 1396 ma-

101 1416 297 1467 gistratus,
317 1429 461 1468 eosque
479 1418 812 1469 interrogabamus
825 1419 918 1469 quid
939 1418 978 1456 id
998 1419 1052 1456 rei
1072 1424 1188 1456 esset.
1245 1418 1344 1455 Tum
1364 1418 1443 1456 duo
1462 1420 1548 1469 qui-

96 1477 186 1515 dem
200 1478 316 1528 plane
334 1480 529 1529 negabant
541 1491 583 1517 se
595 1492 725 1517 causae
737 1479 852 1531 hujus
865 1480 1068 1530 quicquam
1083 1487 1232 1517 tenere:
1252 1479 1403 1530 Anytus
1421 1486 1550 1518 autem

99 1539 226 1576 aiebat
244 1539 427 1590 superiori
446 1539 600 1590 hyeme,
612 1552 700 1578 cum
715 1541 751 1577 in
765 1553 929 1578 annonae
948 1540 1107 1578 caritate
1126 1538 1363 1577 frumentarii
1376 1539 1440 1576 alii
1452 1539 1547 1577 alios

97 1600 186 1650 plus
204 1599 357 1638 licendo
386 1613 567 1651 superare
599 1600 879 1638 contenderent
906 1601 1082 1651 interque
1109 1612 1197 1638 sese
1223 1606 1414 1637 certarent
1433 1606 1549 1649 atque

97 1660 326 1705 rixarentur,
347 1666 543 1699 auctorem
564 1673 605 1698 se
625 1661 717 1711 ipsis
737 1673 823 1698 esse
841 1660 988 1698 sactum
1004 1665 1046 1696 ut
1065 1659 1283 1697 desinerent
1300 1659 1548 1705 contendere,

99 1721 385 1758 existimantem
400 1721 507 1758 vobis
528 1721 636 1771 ipsis,
649 1721 712 1771 qui
726 1722 774 1758 ab
786 1721 846 1758 his
861 1721 1096 1758 frumentum
1113 1718 1277 1770 empturi
1291 1719 1443 1765 essetis,
1456 1731 1552 1757 con-

98 1782 253 1827 ducere,
265 1794 380 1832 quam
400 1781 582 1819 vilissimo
600 1794 669 1819 vos
689 1794 832 1825 emere3
863 1793 940 1818 non
960 1782 1059 1819 enim
1081 1780 1194 1817 licere
1212 1779 1470 1817 frumentariis
1483 1791 1549 1817 ca—

97 1844 176 1882 rius
194 1844 308 1881 obolo
322 1843 360 1880 in
375 1843 546 1880 modium
562 1856 676 1893 quam
693 1843 761 1893 ipsi
777 1844 958 1881 emissent
976 1843 1157 1880 vendere.
1195 1843 1426 1892 Quoitaque
1440 1843 1550 1880 vobis

97 1910 261 1949 constet,
280 1905 452 1954 Anytum
468 1904 583 1954 hujus
603 1904 803 1942 sententiae
828 1911 1024 1941 auctorem
1043 1903 1136 1953 ipsis
1169 1915 1254 1940 esse
1284 1902 1445 1947 factum,
1470 1915 1550 1939 non

98 1977 175 2016 quo
193 1965 425 2002 frumentum
444 1977 467 2001 a
487 1976 528 2001 se
546 1971 763 2014 coemptum
791 1963 1055 2008 reconderent,
1076 1961 1144 1999 sed
1173 1962 1415 2000 solummodo
1441 1974 1490 1999 ne
1508 1963 1546 1999 in

96 2024 306 2062 coemendo
327 2036 369 2061 se
388 2030 522 2061 mutuo
539 2030 760 2074 superatum
778 2029 894 2074 atque
914 2023 1104 2074 perditum
1131 2023 1240 2067 irent,
1261 2023 1386 2072 ipsum
1406 2022 1457 2059 ad
1477 2034 1546 2060 vos

99 2086 268 2136 Anytum
286 2083 508 2135 producam.
568 2084 712 2133 Ecquis
737 2084 821 2135 jam
848 2089 975 2133 neget,
997 2085 1175 2134 Anytum‘
1195 2082 1368 2132 quidem,
1388 2082 1545 2120 sedente

96 2145 223 2184 adhuc
243 2144 449 2196 superioris
471 2144 560 2182 anni
579 2151 729 2191 senatu,
744 2143 967 2196 hujusmodi
994 2145 1167 2182 oratione
1187 2144 1309 2181 fuisse
1329 2156 1454 2189 usum,
1473 2143 1545 2180 hos

96 2213 224 2246 autem
243 2207 471 2244 frumentum
491 2206 566 2244 hoc
578 2207 764 2244 coemisse
783 2205 960 2251 consilio,
982 2213 1024 2243 ut
1038 2205 1074 2243 id
1097 2218 1229 2243 rursus
1243 2205 1318 2243 hoc
1334 2218 1450 2251 anno,
1469 2205 1544 2243 hoc

97 2268 163 2318 qui
182 2280 286 2305 nunc
306 2267 418 2305 sedet
437 2274 584 2313 senatu,
599 2267 796 2305 carissimo
816 2266 1050 2304 venderent?

717 2358 920 2395 TESTIS.

99 2434 274 2473 Audistis
302 2435 372 2473 hos
403 2435 665 2484 magistratum
690 2435 804 2485 jussu
831 2435 1063 2473 frumentum
1083 2447 1160 2471 non
1179 2433 1382 2471 coemisse:
1414 2439 1453 2470 at
1481 2433 1543 2469 fac

95 2501 224 2533 tamen
243 2508 309 2533 eos
328 2495 391 2533 vel
419 2495 582 2532 maxime
609 2507 697 2533 vera
722 2494 949 2545 pr'aedicare:
978 2495 1072 2544 quid
1098 2492 1203 2532 tum?
1233 2507 1308 2532 non
1327 2499 1543 2543 purgantur

94 2554 310 2595 istiusmodi
327 2555 593 2601 excusatione,
613 2555 684 2594 sed
705 2555 781 2594 ⁴hoc
810 2562 943 2606 agunt,
963 2555 1068 2605 quod
1086 2555 1137 2593 ad
1157 2567 1235 2592 rem
1256 2553 1408 2590 minime
1426 2552 1544 2602 perti-

94 2621 172 2660 net,
192 2620 237 2652 ut
253 2615 419 2653 criminis
449 2616 508 2654 sui
534 2628 734 2667 poenaeque
759 2616 1028 2654 communione
1058 2616 1303 2665 magistratus
1329 2611 1541 2662 implicent.

94 2675 261 2725 Legibus
275 2675 374 2712 enim
386 2676 439 2714 ita
451 2676 632 2714 destricte
648 2683 765 2726 atque
780 2676 920 2714 diserte
933 2675 1185 2719 edicentibus,
1195 2674 1260 2724 qui
1275 2674 1340 2710 fiat
1354 2677 1395 2709 ut
1411 2685 1543 2723 poenas

94 2736 277 2785 alegibus
299 2737 529 2775 constitutas
542 2737 743 2788 effugiant,
759 2738 837 2776 sive
856 2738 922 2787 qui
939 2738 1040 2775 facto
1055 2748 1122 2785 per
1138 2747 1178 2772 se
1193 2735 1271 2772 sive
1286 2733 1351 2783 qui
1367 2745 1434 2784 per
1449 2733 1543 2772 alios

94 2799 320 2836 auctoritate
338 2798 377 2835 in
396 2798 501 2848 leges
521 2799 761 2850 impingunt?

813 2861 836 2895 2
863 2871 889 2896 R
