1822 3219
581 169 653 207 DE
683 168 983 207 MYSTERIIS.
1446 166 1492 202 91

53 271 189 310 mentis
206 271 432 323 ejulantium
452 279 491 310 et
512 271 611 310 mala
629 270 832 322 praesentia
851 269 1125 313 miserantium,
1146 268 1384 313 Charmides,
1406 278 1499 306 con-

54 333 230 371 sobrinus
256 340 295 370 et
319 333 476 384 aequalis
503 345 622 378 meus,
642 345 794 382 unaque
819 343 968 368 mecum
995 343 1017 368 a
1044 342 1163 381 puero
1190 329 1280 366 inde
1306 336 1434 366 nostra
1459 327 1498 365 in

55 394 170 432 domo
190 394 390 439 educatus,
407 395 476 432 hac
492 407 552 431 me
567 393 809 443 compellavit
824 393 1018 430 oratione:
1051 389 1307 428 Andocide
1331 389 1502 440 (inquit),

56 455 190 493 vides
218 464 265 493 tu
284 456 470 505 quidem
496 455 805 505 praesentium
830 453 1063 490 malorum
1095 450 1498 502 magnitudinem;

58 530 149 568 ego
174 531 299 562 vero,
319 530 401 554 cur
427 517 515 554 tibi
542 515 781 567 superiori
808 522 1018 566 tempore
1041 514 1272 552 molestus
1297 512 1503 550 monitor

60 587 201 629 atque
219 577 466 617 consultor
485 576 651 614 fierem
669 589 879 627 meaeque
898 583 942 613 te
967 576 1231 613 severitate
1256 573 1505 624 reprehen-

60 640 210 678 sionis
239 637 563 683 offenderem,
591 651 745 676 causae
770 637 837 675 nil
863 637 1114 675 admodum
1138 635 1252 673 mihi
1278 634 1502 673 videbam

59 714 183 744 esse;
215 702 312 752 jam
331 713 434 737 vero
454 700 721 745 calamitas,
741 713 831 749 qua
849 698 1160 736 circumventi
1183 704 1412 741 tenemur,
1433 708 1502 733 me

60 774 184 799 nunc
207 761 337 811 cogit
356 769 512 798 tecum
529 761 675 810 queri,
694 760 1019 810 hortaturque
1039 765 1085 796 ut
1104 757 1394 809 agendorum
1412 752 1509 794 tibi

58 829 228 860 auctor
247 823 377 860 fiam.
434 822 616 865 Quibus
638 829 686 859 tu
705 821 860 859 adhuc
879 820 1189 858 familiariter
1208 832 1323 857 usus
1343 818 1500 863 fuisti,

57 883 498 934 Andocide,procul
520 882 699 921 habitis
720 889 767 920 et
788 882 964 933 spretis
982 882 1110 920 nobis
1134 882 1212 932 qui
1235 881 1322 919 tibi
1345 893 1505 918 sumus

59 944 336 988 necessarii,
357 944 430 981 illi
455 951 655 995 propter
675 943 774 981 haec
802 942 979 987 eadem,
999 944 1054 980 ob
1080 955 1182 992 quae
1210 940 1345 979 nobis
1373 953 1503 991 pere-

59 1004 234 1042 undum
251 1005 584 1057 videturesse,
602 1005 777 1056 partim
801 1011 996 1041 mortem
1025 1004 1307 1048 tolerarunt,
1328 1002 1505 1053 partim

60 1068 175 1118 fuga
201 1068 405 1105 salutem
433 1067 778 1118 quaesiverunt,
800 1079 823 1103 a
847 1066 1150 1104 conscientia
1173 1064 1374 1103 sceleris
1399 1077 1506 1102 con-

63 1128 272 1167 demnati
305 1136 350 1167 et
383 1130 429 1167 in
461 1129 684 1167 exsilium
717 1128 812 1166 acti
841 1156 1134 1166 ..........
1182 1126 1364 1171 Quodsi
1393 1139 1506 1176 ergo

66 1197 115 1227 tu
146 1190 286 1238 hujus
313 1190 501 1241 negotii
529 1190 784 1240 quicquam
813 1196 962 1234 tenes,
983 1202 1081 1238 age,
1105 1188 1252 1239 prode
1279 1187 1339 1231 id,
1367 1195 1412 1224 et
1437 1187 1506 1224 sic

66 1264 200 1288 serva
218 1251 413 1302 primum
432 1250 623 1301 quidem
643 1256 790 1288 temet
808 1249 957 1300 ipsum
975 1264 985 1293 ;
1009 1249 1115 1287 dein
1128 1249 1182 1287 de
1199 1261 1308 1286 vero
1326 1255 1506 1299 patrem

64 1319 206 1357 tuum,
228 1324 361 1361 quem
386 1324 408 1349 a
437 1318 480 1348 te
506 1311 573 1348 ita
600 1309 743 1360 diligi
764 1317 814 1347 ut
839 1309 959 1346 nihil
982 1309 1114 1346 aliud
1136 1309 1287 1360 magis
1309 1321 1508 1346 consen-

64 1382 256 1410 taneum
285 1379 380 1416 est;
419 1379 513 1409 tum
544 1371 724 1410 sororis
758 1378 847 1408 tuae
878 1371 1106 1416 maritum,
1129 1383 1230 1421 quae
1257 1369 1347 1407 tibi
1374 1382 1508 1407 soror

64 1440 137 1473 est
172 1433 338 1477 unica;
383 1433 592 1483 denique
631 1432 847 1483 reliquos
882 1438 1120 1482 cognatos
1158 1437 1300 1482 atque
1344 1443 1507 1469 neces-

65 1497 229 1543 sarios,
258 1503 329 1534 tot
353 1509 545 1534 numero
573 1495 653 1545 qui
681 1507 866 1537 sumus;
897 1493 1086 1531 tandem
1110 1506 1178 1531 me
1207 1506 1408 1543 quoque,
1429 1492 1509 1542 qui

64 1564 166 1595 tota
202 1571 303 1595 mea
335 1557 433 1595 vita
465 1556 598 1594 nulla
628 1569 675 1594 re
707 1563 751 1593 te
785 1554 991 1599 offendi,
1016 1554 1179 1604 tuique
1207 1567 1305 1591 sum
1336 1566 1508 1591 rerum-

66 1633 154 1671 que
191 1626 370 1657 tuarum
409 1618 806 1666 studiosissimus,
845 1629 1089 1667 operaeque
1124 1629 1246 1662 meae,
1283 1615 1361 1652 ubi
1395 1628 1509 1653 usus

65 1681 260 1726 venerit,
287 1693 376 1731 quo
412 1680 498 1717 tibi
536 1678 816 1718 commodem
853 1678 918 1715 nil
957 1690 1110 1728 parco.
1167 1677 1376 1715 Charmida
1399 1676 1509 1714 istaec

67 1744 291 1788 disserente,
319 1741 543 1792 caeterisque
572 1754 650 1779 una
679 1740 996 1792 supplicantibuS‚
1025 1747 1064 1777 et
1092 1752 1325 1790 unoquoque
1353 1738 1510 1776 seorsim

66 1806 304 1848 obsecrante,
331 1803 447 1849 venit,
468 1816 490 1840 0
517 1803 598 1848 viri,
621 1803 710 1840 mihi
734 1803 772 1840 in
802 1809 968 1839 mentem
992 1800 1045 1838 sic
1072 1801 1267 1852 cogitare:
1305 1800 1343 1838 O
1370 1800 1509 1838 homi-

67 1879 168 1904 num
217 1865 414 1903 omnium
460 1877 539 1914 ego
587 1863 849 1902 calamitate
900 1876 1011 1900 usus
1056 1862 1318 1907 durissima,
1358 1869 1511 1900 utrum

69 1927 218 1978 perire
253 1938 333 1977 per
376 1925 506 1964 nefas
548 1926 805 1963 immeritos
847 1925 1000 1975 patiar
1036 1936 1158 1961 meos
1200 1923 1511 1970 necessarios,

67 1988 290 2039 ipsosque
315 1986 450 2024 morti
474 1987 586 2031 dari,
608 1993 652 2024 et
677 1987 797 2024 bona
823 1998 974 2023 eorum
1000 1984 1242 2035 proscribi,
1263 1991 1511 2035 praeterea-

68 2062 158 2100 que
186 2049 388 2099 ipsorum
416 2047 600 2085 nomina
624 2047 760 2085 stelis
797 2046 1000 2097 insculpi
1036 2045 1169 2096 quasi
1203 2045 1511 2095 piacularium

68 2124 178 2161 erga
209 2110 319 2147 deos
356 2109 599 2155 factorum,
630 2120 895 2159 quanquam
932 2119 1088 2144 eorum
1120 2120 1219 2156 quae
1251 2113 1513 2144 evenerunt

68 2171 267 2211 omnium
296 2170 413 2207 nihil
440 2171 494 2207 ab
523 2170 640 2220 ipsis
666 2170 927 2220 profectum
953 2175 1025 2206 est
1051 2180 1199 2218 neque
1224 2167 1343 2218 ipsis
1367 2167 1511 2218 impu-

67 2234 155 2272 tari
192 2231 382 2284 potest?
424 2231 557 2278 adde,
593 2237 832 2269 trecentos
866 2229 1181 2268 Athenienses
1219 2242 1323 2266 num
1358 2229 1512 2280 patiar

69 2309 151 2348 per
177 2294 307 2332 nefas
334 2294 589 2331 immeritos
616 2293 833 2337 interimi,
864 2292 1202 2341 civitatemque
1231 2290 1363 2328 malis
1392 2297 1511 2328 atro-

69 2356 272 2396 cissimis
300 2356 567 2405 mutuisque
596 2367 886 2405 quorumque
911 2366 1020 2404 erga
1043 2364 1257 2403 quosque
1284 2352 1513 2403 suspicio-

70 2420 205 2457 nibus
237 2416 497 2467 exagitari‘?
539 2430 593 2454 an
624 2416 772 2454 dicam
801 2415 1186 2459 Atheniensibus,
1216 2427 1315 2464 quae
1343 2427 1396 2451 ex
1427 2414 1515 2451 Eu-

69 2479 249 2531 phileto
282 2478 452 2522 audivi,
486 2489 550 2523 eo,
582 2477 658 2527 qui
695 2477 793 2527 ipse
831 2475 1038 2527 patravit
1075 2474 1268 2513 scelus?
1322 2474 1514 2513 Praeterea

72 2544 155 2580 haec
170 2553 323 2592 quoque
338 2552 488 2577 mecum
505 2539 742 2589 reputabam,
757 2551 780 2576 0
795 2537 876 2583 viri,
891 2537 1093 2588 plerosque
1109 2537 1289 2583 sontium,
1305 2537 1370 2587 qui
1387 2537 1512 2574 scelus

75 2604 246 2641 manibus
265 2601 344 2639 suis
362 2607 591 2651 patrassent,
611 2613 634 2637 a
650 2600 797 2638 Teucro
808 2600 889 2650 jam
906 2599 1107 2646 indicatos,
1126 2607 1164 2637 et
1183 2599 1238 2636 sic
1256 2598 1400 2636 factum
1416 2610 1514 2644 esse,

76 2670 118 2701 ut
134 2664 197 2700 alii
213 2676 343 2701 eorum
362 2662 487 2713 capite
507 2676 577 2700 suo
596 2662 743 2700 luerent
757 2661 944 2712 supplicio
965 2668 1133 2699 extremo
1153 2660 1293 2703 affecti,
1310 2659 1373 2697 alii
1391 2659 1428 2696 in
1448 2672 1515 2697 ex-

76 2724 199 2763 silium
227 2726 373 2763 abirent
397 2725 536 2775 quibus
566 2725 786 2762 absentibus
814 2724 916 2762 dicta
942 2723 1015 2761 fuit
1041 2723 1172 2761 mortis
1194 2722 1406 2760 sententia:
1438 2735 1514 2760 non

76 2798 290 2836 superesse,
315 2786 390 2823 nisi
414 2793 591 2837 quatuor,
610 2799 633 2824 a
653 2786 800 2823 Teucro
827 2798 904 2823 non
932 2785 1133 2828 indicatos,
1156 2783 1382 2829 Panaetium,
1401 2783 1515 2820 Chae-

76 2847 284 2891 redemum,
304 2847 529 2893 Diocritum,
552 2855 591 2886 et
609 2847 885 2898 Lysistratum;
917 2846 954 2883 in
974 2858 1071 2895 quos
1091 2857 1188 2881 unos
1209 2843 1374 2883 omnium
1395 2845 1516 2882 maxi·-

75 2921 135 2947 me
172 2908 324 2960 culpam
361 2909 551 2948 commissi
578 2909 731 2947 sceleris
760 2921 782 2946 a
811 2906 1028 2958 suspicione
1058 2905 1225 2944 omnium
1254 2905 1436 2944 collatum
1472 2906 1502 2944 ir
