1822 3219
244 153 316 188 188
907 151 1077 189 LYSIAE

240 255 376 305 impuri
397 260 436 293 et
455 253 709 294 conscelerati
729 254 956 294 habeantur.
1015 254 1232 293 Batrachus
1253 255 1409 306 quidem
1435 263 1577 307 praeter
1595 257 1699 296 hunc

241 329 359 353 unum
392 316 632 354 Andocidem
667 316 899 367 reliquorum
932 316 1099 353 omnium
1121 317 1202 354 sine
1223 318 1481 355 controversia
1498 318 1612 356 homo
1631 319 1701 356 im-

241 377 481 428 purissimuS,
505 374 661 416 'tametsi
691 379 814 428 pactis
836 377 1044 415 conclusus
1065 385 1167 415 esset
1186 377 1256 416 illis
1277 393 1365 429 quae
1385 392 1453 417 vos
1473 393 1561 418 cum
1583 381 1699 420 Eleu-

243 438 336 476 sinis
356 439 494 485 inistis,
516 448 620 477 metu
648 447 776 477 tamen
807 452 952 485 eorum,
985 452 1083 490 quos
1114 448 1228 478 antea
1259 441 1418 492 triginta
1449 442 1538 480 viris
1571 442 1700 482 adhuc

242 500 505 538 obtinentibus
542 501 750 538 indicinam
785 500 964 538 factitans
997 500 1218 539 offendisset
1251 508 1367 553 atque
1399 503 1578 549 laesisset,
1599 503 1703 554 apud

242 561 338 600 alios
358 562 586 600 commorari
610 563 721 599 duxit
740 563 875 600 satius.
936 562 1156 601 Andocides
1177 572 1321 609 autem,
1344 564 1447 602 hunc
1468 564 1702 603 Batrachum

242 623 532 675 importunitate
550 630 722 674 superat:
755 614 974 673 frequentat
989 625 1090 661 enim
1108 624 1250 674 templa
1265 625 1438 671 deorum,
1452 633 1703 677 versaturque

242 685 281 723 in
312 687 433 723 oculis
453 699 584 723 eorum
605 698 702 736 quos
722 685 833 722 foedis
854 686 976 723 modis
1006 686 1302 729 dehonestatam
1333 700 1409 737 quo
1442 694 1625 726 testatum
1655 688 1704 725 ad

242 761 376 787 omnes
397 749 500 793 facit,
522 761 562 785 se
583 748 742 785 numina
761 748 921 785 deorum
953 749 1108 786 minoris
1129 750 1244 787 etiam
1264 749 1408 794 facere,
1429 764 1544 801 quam
1566 751 1702 789 Batra-

242 811 339 848 chus
356 810 532 848 homines
553 810 658 847 fecit.
718 809 912 848 Batracho
940 810 1056 860 igitur
1076 811 1160 861 ipso
1190 811 1255 861 qui
1291 811 1404 849 homo
1434 812 1615 862 impurior
1645 818 1705 849 est

242 871 423 923 idemque
443 871 587 909 tardior
607 879 643 908 et
664 871 929 920 importunior,
951 884 1041 908 eum
1072 872 1203 923 utique
1234 872 1402 911 decebat
1433 887 1566 911 secum
1596 873 1704 911 habi-

242 941 337 980 tare,
357 935 530 986 quietum
550 947 592 971 se
611 933 822 978 continere,
856 933 1020 977 latitare,
1048 935 1140 971 satis
1171 934 1391 979 habentem,
1413 935 1519 985 quod
1553 936 1703 974 salvum

242 997 433 1035 beneficio
452 1002 580 1034 vestro
599 994 772 1046 spiritum
788 994 962 1040 haberet,
988 1007 1110 1044 eaque
1139 993 1318 1032 felicitate
1338 996 1498 1045 perinde
1516 996 1705 1035 immerita

242 1065 357 1108 atque
378 1058 570 1109 insperata
589 1055 862 1107 perfruentem,
884 1062 926 1093 ut
945 1055 1038 1092 nihil
1059 1055 1222 1106 amplius
1242 1063 1411 1106 cuperet.

300 1121 363 1157 10.
393 1119 492 1170 Age,
512 1117 816 1160 consideremus,
837 1117 975 1167 ecquid
1007 1116 1164 1155 tandem
1198 1123 1422 1168 spectantes
1442 1130 1510 1156 vos
1531 1125 1707 1170 oporteat

244 1180 488 1219 Andocidem
511 1177 742 1217 absolvere?
790 1179 979 1223 Hoccine‚
999 1178 1104 1229 quod
1125 1178 1181 1216 vir
1201 1178 1309 1216 sortis
1329 1186 1367 1216 et
1388 1179 1495 1218 miles
1524 1187 1704 1218 strenuus

245 1243 324 1281 sit?
368 1243 487 1293 Atqui
509 1242 646 1293 pedem
666 1242 761 1278 urbe
783 1253 982 1290 nunquam
1001 1240 1040 1277 in
1060 1247 1186 1278 castra
1206 1241 1326 1277 iturus
1343 1241 1493 1287 extulit,
1511 1254 1705 1293 nunquam

242 1305 376 1342 militia
394 1304 550 1342 functus
570 1311 630 1342 est
651 1315 775 1353 neque
795 1302 961 1352 equestri
982 1315 1105 1352 neque
1126 1301 1295 1352 pedestri
1314 1302 1351 1338 in
1374 1303 1478 1352 gravi
1499 1308 1704 1352 armatura,

244 1379 442 1417 nunquam
462 1366 499 1403 in
519 1365 646 1404 classe
665 1365 795 1402 munia
814 1363 907 1401 obiit
934 1376 1058 1413 neque
1091 1363 1289 1403 trierarchi
1310 1376 1435 1414 neque
1456 1364 1586 1402 militis
1606 1365 1705 1403 clas·

242 1429 356 1474 siarii,
378 1441 502 1478 neque
530 1434 620 1464 ante
639 1426 898 1464 calamitatem
919 1438 995 1475 qua
1013 1424 1326 1475 perculsajacuit
1347 1426 1563 1476 respublica
1581 1439 1706 1477 neque

242 1496 328 1541 post
347 1503 445 1535 eam,
465 1501 686 1540 quanquam
720 1488 829 1525 annis
860 1486 1119 1537 quadraginta
1141 1486 1222 1536 jam
1258 1489 1390 1535 maj0r.
1447 1486 1522 1524 Alii
1550 1487 1707 1538 quidem

242 1552 415 1590 exsilium
437 1550 647 1588 tolerantes
668 1562 691 1586 a
709 1548 860 1599 legibus
878 1547 1103 1598 irrogatum,
1119 1546 1366 1585 nihilominus
1386 1548 1567 1586 tamenin
1584 1548 1708 1588 classe

241 1620 381 1659 vestra,
411 1612 502 1651 belli
537 1610 731 1649 molestias
769 1610 806 1647 in
847 1609 1104 1660 Hellesponto
1140 1609 1377 1654 exantlante,
1416 1609 1555 1648 muniis
1586 1610 1709 1649 functi

243 1683 335 1713 sunt
367 1687 444 1712 una
463 1673 662 1712 vobiscum
683 1670 1004 1710 trierarchalibus.
1062 1670 1150 1714 Quo
1170 1670 1257 1707 loco
1285 1670 1474 1708 recordari
1494 1685 1563 1709 vos
1581 1672 1708 1719 velim,

238 1734 399 1787 'quantis
418 1749 439 1774 e
459 1735 571 1773 malis
592 1747 706 1784 quam
729 1733 888 1783 diroque
918 1745 938 1770 e
958 1731 1059 1769 bello
1089 1732 1273 1782 ipsosque
1303 1739 1452 1770 vosmet
1483 1740 1523 1770 et
1552 1746 1707 1786 rempu-

242 1798 383 1836 blicam
404 1796 546 1836 emoliti
567 1796 663 1841 sitis,
684 1808 772 1833 cum
793 1794 920 1832 multis
941 1793 1015 1832 illis
1036 1794 1220 1843 durisque
1240 1793 1435 1831 laboribus
1454 1806 1551 1845 quos
1571 1807 1707 1846 corpo-

245 1860 352 1898 ribus
373 1859 528 1911 ips1met
547 1858 682 1896 vestris
703 1856 980 1903 exantlavistis,
1006 1863 1087 1893 turn
1107 1856 1261 1907 ingente
1282 1855 1349 1894 illa
1367 1855 1453 1894 aeris
1475 1856 1508 1894 vi
1527 1857 1633 1907 quod
1648 1867 1708 1896 'aes

244 1923 478 1974 publiceque
499 1921 751 1972 privatimque
770 1919 1024 1970 impendistis,
1054 1920 1210 1970 jactura
1229 1917 1396 1970 denique
1427 1919 1493 1957 illa
1525 1920 1709 1959 lamenta-

244 1984 311 2022 bili
331 1985 496 2022 virorum
527 1982 821 2021 fortissimorum
848 1994 946 2032 quos
980 1981 1044 2017 illo
1072 1981 1109 2017 in
1131 1980 1234 2019 bello
1254 1994 1378 2019 caesos
1399 1982 1708 2021 contumulastis.

244 2046 469 2084 Andocides
491 2051 635 2090 autem,
656 2044 807 2082 tametsi
841 2044 890 2081 ab
925 2043 982 2081 his
1009 2042 1186 2080 omnibus
1221 2042 1330 2080 malis
1359 2043 1542 2089 intactus,
1560 2044 1707 2083 nullam

245 2122 353 2146 suam
387 2120 542 2159 operam
577 2119 773 2158 oppressae
804 2105 941 2157 patriae
971 2104 1215 2142 vindicandae
1249 2105 1426 2151 contulit,
1459 2105 1706 2144 nihilominus

245 2177 371 2207 tamen
393 2182 497 2206 nunc
517 2168 636 2206 audet
654 2167 890 2219 publicorum
919 2167 1108 2204 bonorum
1138 2167 1448 2204 communionem
1481 2180 1527 2204 ea
1559 2167 1595 2203 in
1626 2180 1706 2218 rep.

244 2244 419 2282 poscere,
435 2243 551 2281 quam
570 2230 652 2280 ipse
673 2229 875 2279 sacrilegio
895 2228 1045 2279 polluit.
1103 2228 1392 2272 Verumtamen,
1410 2227 1549 2265 divitiis
1570 2241 1708 2279 nempe

246 2293 324 2330 suis
353 2293 518 2342 indeque
547 2298 658 2342 parta
686 2290 874 2340 potentia,
895 2289 1182 2339 contractisque
1203 2302 1289 2326 cum
1312 2289 1466 2339 regibus
1500 2296 1616 2339 atque
1645 2297 1707 2341 ty-

245 2354 375 2391 rannis
396 2352 586 2391 extraneis
607 2351 781 2388 amicitiis
802 2357 915 2400 atque
936 2350 1125 2401 hospitiis,
1146 2363 1234 2400 quae
1266 2363 1368 2388 nunc
1390 2357 1600 2388 vestrorum
1624 2364 1706 2389 mo·

243 2429 327 2454 rum
347 2415 637 2464 animorumque
658 2425 801 2463 gnarus
822 2412 1003 2463 jactabit,
1024 2425 1084 2451 res
1116 2419 1264 2450 vestras
1290 2412 1468 2463 jacentes
1500 2412 1706 2452 relevavit?

246 2478 472 2527 Ecquanam
493 2476 529 2512 in
552 2475 619 2512 re?
649 2488 772 2525 ecqua
792 2474 840 2512 ab
860 2487 906 2511 eo
922 2474 970 2511 ad
987 2487 1054 2510 vos
1075 2474 1248 2525 profecta
1263 2482 1323 2512 est
1337 2473 1581 2514 contributio.
1598 2477 1707 2523 cujus

245 2539 416 2576 fructum
449 2549 551 2574 nunc
573 2549 595 2573 a
615 2544 742 2574 vestra
762 2548 848 2573 eum
871 2536 1011 2573 referre
1032 2535 1240 2573 clementia
1273 2534 1479 2586 oporteat?
1535 2535 1706 2586 Rempu-

245 2600 382 2638 blicam
399 2611 560 2637 cernens
581 2610 683 2634 saeva
699 2610 920 2647 oppressam
940 2597 1119 2646 procella,
1134 2611 1181 2636 ne
1194 2597 1291 2635 lucri
1305 2597 1459 2647 quidem
1473 2609 1540 2646 spe
1554 2596 1706 2635 illectus

250 2670 310 2700 est
335 2662 384 2699 ad
418 2673 530 2712 opem
562 2660 849 2697 frumentariam
872 2659 1004 2709 patriae
1025 2658 1272 2702 afferendam,
1294 2671 1339 2696 ea
1358 2658 1396 2694 in
1416 2671 1526 2703 nave,
1545 2671 1624 2708 qua
1640 2671 1708 2710 per

249 2724 368 2762 maria
410 2722 593 2773 agitanda
630 2727 823 2771 quaestum
857 2727 1051 2757 exerceret
1087 2719 1363 2757 navicularium
1382 2732 1391 2756 ε
1439 2719 1505 2757 sed
1535 2719 1707 2770 inquilini

248 2785 402 2836 quidem
435 2792 551 2835 atque
581 2783 754 2834 hospites
777 2782 880 2819 urbis
903 2788 1055 2826 nostrae,
1077 2780 1319 2819 contestandi
1339 2794 1429 2832 ergo
1450 2781 1547 2831 grati
1567 2793 1709 2819 memo-

247 2848 374 2897 risque
393 2846 521 2890 animi,
541 2846 687 2883 veniam
704 2845 802 2881 inter
822 2855 896 2880 nos
913 2842 1174 2899 commorandi
1191 2842 1420 2892 hospitiique
1439 2841 1707 2880 liberalitatem

194 2949 202 2956 ,
247 2908 552 2959 compensabant
589 2919 651 2955 co,
678 2904 781 2957 quod
814 2904 1005 2943 civitatem
1041 2903 1202 2942 annonis
1233 2903 1402 2954 undique
1434 2903 1709 2942 convectandis
