1822 3219
236 155 284 191 26
765 151 1131 190 ANTIPHONTIS

233 271 326 309 puer
347 258 477 310 jaculo
496 258 594 297 intra
622 259 745 308 spatia
764 271 833 297 sua
859 259 1041 305 manenti,
1073 259 1171 297 ultro
1190 260 1312 296 semet
1327 258 1493 297 venienti
1515 258 1668 304 obtulit,

233 331 445 370 corpusque
459 333 567 357 suum
583 320 616 358 ei
632 319 843 369 objiciendo
856 319 1047 370 impedivit
1059 320 1230 371 jaculum
1245 332 1321 369 quo
1334 320 1457 358 minus
1470 320 1519 358 ad
1534 327 1670 358 metam

232 383 426 431 pervenire
456 390 611 432 posset:
643 394 736 431 puer
756 394 801 418 eo
831 381 933 431 quod
953 381 1025 418 sub
1055 381 1119 418 teli
1148 381 1364 432 conjectum
1384 381 1499 427 venit,
1529 390 1566 420 et
1587 382 1670 432 ipse

231 443 302 480 sibi
323 444 459 480 vulnus
489 443 628 481 lethale
649 443 847 486 contraxit,
878 450 916 479 et
943 443 1049 479 nobis
1069 442 1260 480 infamiam
1282 442 1330 479 ad
1358 455 1426 480 nos
1447 455 1597 492 prorsus
1617 442 1670 480 nil

230 505 496 556 pertinentem.
554 504 668 542 Patet
696 517 787 554 ergo
819 503 1100 541 adolescentem
1134 505 1269 552 injuria
1299 504 1416 541 caedis
1449 503 1672 548 insimulari,

230 567 294 616 qui
325 569 510 606 neminem
531 581 661 606 eorum
690 568 856 604 omnium
884 567 993 612 feriit,
1023 568 1088 617 qui
1118 568 1248 619 procul
1279 581 1301 605 a
1320 577 1422 605 meta
1440 567 1526 605 loco
1545 580 1616 605 suo
1631 575 1673 606 et

232 635 315 665 tuto
331 630 596 667 constiterunt.
654 628 754 666 Puer
775 629 918 678 itaque,
939 628 969 666 si
988 629 1122 679 pariter
1137 629 1222 667 loco
1243 642 1310 667 suo
1330 638 1437 667 stans
1458 630 1672 675 mansisset,

232 691 363 740 procul
384 692 484 728 omni
505 692 617 729 dnbio
639 692 732 728 ictus
763 703 837 728 non
864 690 1017 733 fuisset;
1049 703 1108 728 res
1129 698 1187 728 est
1212 692 1434 741 perspicua:
1465 692 1533 729 sed
1553 692 1672 730 multo

233 750 360 789 adhuc
391 752 511 802 magis
542 760 598 789 est
619 751 872 803 perspicuum,
903 764 989 788 cum
1009 764 1086 789 non
1119 752 1242 789 alieno
1272 765 1412 797 errore,
1438 752 1503 789 sed
1526 760 1676 790 suomet

232 812 440 858 cecidisse3
470 826 556 850 nam
584 813 615 850 si
640 813 792 863 quietus
811 821 847 850 et
867 812 1067 850 immobilis
1098 820 1201 850 stans
1222 813 1258 850 in
1280 814 1444 851 statione
1460 825 1529 851 sua
1547 827 1674 864 perse-

232 881 415 918 verasset,
437 874 535 912 ictus
556 887 632 912 non
652 874 797 912 fuisset.
855 874 1000 912 Erroris
1030 874 1158 925 itaque
1178 887 1308 925 poenas
1328 875 1359 912 si
1388 887 1471 912 eum
1500 874 1589 912 dare
1609 888 1677 926 par

233 942 294 971 est
320 935 384 985 qui
409 936 557 981 erravit,
585 943 735 973 constat
756 938 849 984 jam,
884 949 906 972 a
932 948 1007 986 qua
1032 943 1136 986 parte
1167 947 1268 972 error
1300 936 1374 973 sit:
1415 936 1548 973 ambos
1576 936 1678 974 enirn

233 1003 367 1033 contra
378 997 609 1034 voluntatem
628 1010 734 1034 suam
751 997 900 1040 fecisse,
920 996 957 1034 id
971 996 1074 1047 quod
1090 997 1276 1042 fecerunt,
1291 997 1451 1035 alterum
1469 997 1677 1044 ferientem,
1713 1024 1718 1028 -

232 1055 393 1093 alterum
414 1057 483 1093 sub
503 1057 618 1093 ictum
639 1058 866 1101 venientem,
888 1056 935 1094 de
956 1069 1001 1094 eo
1022 1057 1111 1094 mihi
1137 1070 1223 1094 cum
1244 1065 1464 1096 accusatore
1484 1058 1677 1096 convenit.

234 1117 311 1154 Sed
347 1117 473 1155 adhuc
511 1117 722 1155 evidentius
759 1125 939 1168 arguatur
974 1117 1168 1155 homicida
1203 1117 1276 1154 hoc
1317 1118 1515 1168 quaerendi
1549 1119 1676 1157 modo.

234 1178 324 1224 Qui,
354 1191 440 1215 cum
471 1179 595 1215 animo
617 1191 685 1215 suo
714 1178 1000 1229 proposuissent
1026 1177 1168 1228 aliquid
1197 1177 1334 1222 facere,
1364 1178 1403 1216 id
1423 1179 1575 1217 efficere
1603 1192 1677 1218 non

232 1245 408 1290 possunt,
430 1238 497 1275 sed
519 1239 566 1275 ab
588 1239 757 1276 instituto
778 1247 891 1289 atque
913 1251 978 1288 spe
1000 1250 1069 1275 sua
1090 1239 1281 1283 aberrant,
1299 1239 1336 1275 hi
1357 1239 1544 1277 habentur
1563 1246 1678 1290 atque

233 1302 472 1352 appellantur
489 1301 686 1339 effectores
705 1315 825 1338 rerum
844 1301 1203 1343 involuntariarum:
1235 1302 1298 1351 qui
1315 1309 1438 1339 autem
1458 1310 1594 1353 sponte
1610 1316 1681 1341 sua

234 1370 301 1401 aut
320 1369 438 1413 agunt
458 1362 600 1413 aliquid
627 1369 693 1400 aut
720 1361 908 1400 affectioni
935 1362 1085 1400 cuidam
1106 1375 1144 1400 se
1165 1362 1360 1413 objiciunt,
1388 1363 1425 1400 in
1446 1362 1516 1400 hos
1544 1364 1677 1402 merito

233 1431 273 1461 et
290 1425 458 1462 actiones
479 1423 553 1460 illae
573 1423 794 1461 voluntariae
810 1431 847 1461 et
867 1423 1088 1460 voluntariae
1108 1423 1251 1469 clades,
1266 1431 1308 1460 ut
1326 1423 1364 1460 in
1382 1431 1572 1470 auctores,
1587 1437 1679 1463 con-

233 1486 419 1524 feruntur.
475 1486 562 1525 ,Jam
585 1486 811 1524 adolescens
833 1499 938 1524 meus
955 1498 1078 1536 neque
1097 1485 1291 1523 hominum
1311 1498 1530 1537 quenquam
1548 1487 1682 1525 volun·

234 1547 326 1585 tarIe
344 1547 443 1584 laesit
463 1560 585 1597 neque
604 1547 640 1584 in
662 1560 702 1584 re
722 1547 900 1597 quapiam
918 1546 1112 1584 voluntate
1133 1560 1203 1584 sua
1220 1549 1407 1597 peccavit.
1464 1547 1682 1587 Exercebat

233 1610 572 1661 artemjaculandi‚
587 1624 663 1647 non
679 1609 918 1648 interdictam
938 1610 1022 1654 sibi,
1039 1609 1106 1647 sed
1124 1610 1342 1660 imperatam
1358 1627 1368 1654 ;
1395 1611 1682 1662 nonjaculaba·

234 1679 293 1709 tur
313 1672 348 1708 in
372 1684 458 1709 area
473 1672 704 1709 luctantibus
722 1680 958 1715 consecrata,
975 1671 1095 1709 sedin
1111 1685 1168 1717 ea,
1185 1672 1245 1709 ubi
1260 1672 1479 1723 jaculantes
1495 1673 1598 1724 operi
1613 1687 1683 1712 suo

234 1740 393 1776 vacant:
423 1745 547 1783 neque
567 1733 714 1770 intorsit
727 1732 898 1784 jaculum
918 1732 992 1770 alio
1011 1746 1124 1783 quam
1143 1745 1274 1770 versus
1295 1740 1462 1782 metam3
1491 1747 1567 1771 non
1583 1747 1606 1772 a
1623 1735 1684 1773 via

234 1801 339 1830 recta
372 1793 560 1830 detortum
595 1793 643 1830 ad
676 1793 806 1843 procul
844 1806 865 1830 a
897 1800 999 1830 meta
1027 1793 1215 1831 distantes
1246 1793 1419 1843 jaculum
1450 1793 1487 1831 in
1523 1807 1682 1845 puerum

234 1854 415 1893 incurrit:
445 1863 549 1892 recte
575 1855 702 1904 itaque
723 1855 849 1892 omnia
878 1855 1025 1906 peregit
1051 1855 1292 1900 adolescens,
1316 1869 1404 1905 quae
1434 1855 1585 1906 agenda
1612 1857 1683 1895 sibi

234 1924 506 1967 proposuerat;
537 1929 612 1967 quo
643 1917 685 1954 fit
715 1925 758 1954 ut
788 1917 882 1954 nihil
912 1917 1079 1954 omnium
1115 1918 1244 1955 fecerit
1273 1924 1413 1968 praeter
1445 1917 1681 1956 voluntatem

234 1991 357 2021 suam,
375 1978 443 2015 sed
462 1978 531 2028 ipsi
558 1977 661 2015 haud
688 1979 921 2029 exspectanti
949 1986 987 2016 et
1017 1978 1132 2016 invito
1158 1991 1273 2016 casus
1297 1978 1478 2016 adversus
1505 1979 1683 2030 objectus

234 2039 318 2084 fuit,
340 2047 381 2076 ut
393 2039 566 2090 jaculum
583 2040 664 2090 ejus
683 2039 896 2078 interventu
912 2040 1016 2090 pueri
1039 2053 1060 2077 a
1079 2047 1189 2077 metae
1206 2046 1388 2077 contactu
1407 2039 1684 2090 prohiberetur.

234 2100 338 2138 Puer
357 2107 496 2146 autem,
515 2107 651 2151 praeter
682 2107 820 2138 metam
846 2108 1101 2138 transcurrere
1121 2101 1255 2138 volens
1283 2108 1489 2151 antequam
1511 2101 1683 2151 jaculum

234 2162 393 2210 veniret,
423 2162 576 2199 errabat
602 2161 639 2199 in
660 2162 886 2200 aestimando
906 2162 1085 2213 temporis
1106 2162 1243 2212 spatio,
1274 2174 1351 2211 quo
1371 2161 1538 2199 licuisset
1567 2161 1681 2201 alicui

235 2223 340 2261 salvo
372 2231 641 2266 transcurrere,
661 2223 725 2272 qui
753 2222 911 2260 rectiore
941 2230 981 2260 et
1008 2222 1175 2259 feliciore
1206 2221 1459 2260 aestimatione
1489 2231 1684 2263 momenta

234 2290 447 2334 temporum
464 2295 616 2320 mensus
632 2282 788 2324 fuisset;
810 2282 1003 2320 incidebat
1018 2282 1144 2332 itaque
1158 2283 1195 2319 in
1210 2282 1349 2320 malum
1364 2282 1681 2323 involuntarium:

234 2344 407 2395 peccavit
435 2356 525 2393 ergo
559 2343 596 2380 in
627 2350 746 2380 semet
774 2343 911 2393 ipsum,
945 2342 1094 2380 etiamsi
1119 2349 1251 2381 contra
1280 2342 1518 2381 voluntatem
1548 2357 1681 2391 suam;

235 2405 377 2442 habeat
402 2417 492 2455 ergo
512 2405 582 2442 sibi
613 2411 652 2441 et
675 2403 772 2442 ferat
799 2404 942 2442 inultus
970 2417 1121 2455 poenam
1149 2404 1284 2442 erroris
1304 2405 1386 2443 sui:
1416 2405 1566 2444 cladem
1583 2407 1683 2446 hanc

234 2467 316 2518 ipse
332 2467 401 2505 sibi
416 2470 589 2515 jumento
605 2479 673 2504 suo
690 2466 888 2504 accessivit
904 2479 914 2509 ;
945 2479 1076 2516 poenas
1096 2466 1225 2510 dedit:
1255 2466 1334 2517 ipse
1351 2473 1472 2505 semet
1486 2466 1587 2505 ultus
1601 2477 1682 2513 est;

236 2529 446 2567 desistatur
466 2541 556 2579 ergo
586 2528 633 2565 ab
657 2527 797 2566 ultione
826 2528 979 2566 aliunde
1001 2527 1188 2579 petenda:
1218 2528 1405 2566 nollemus
1434 2528 1593 2576 factum,
1617 2531 1682 2568 cui

235 2591 408 2641 profecto
439 2602 512 2627 non
544 2588 759 2634 illaetamur‚
795 2588 863 2626 sed
896 2590 1023 2640 potius
1051 2589 1347 2639 ingemiscimus.
1418 2589 1474 2626 At
1503 2589 1542 2626 in
1569 2590 1683 2643 culpa

237 2658 365 2688 tamen
385 2663 454 2688 nos
474 2663 550 2688 non
581 2662 712 2686 sumus
733 2649 866 2686 erroris
886 2650 951 2699 qui
980 2650 1012 2687 ei
1033 2650 1188 2700 pestifer
1217 2650 1300 2695 fuit,
1333 2649 1400 2687 sed
1420 2648 1535 2701 culpa
1563 2663 1682 2702 penes

238 2724 325 2748 eum
356 2719 415 2749 est
445 2711 508 2763 qui
541 2723 705 2748 errorem
734 2710 944 2753 commisit;
981 2710 1197 2762 malumque
1229 2723 1276 2748 ex
1309 2724 1432 2748 errore
1465 2718 1612 2759 natum,
1644 2713 1683 2752 in

235 2773 370 2809 erroris
391 2780 585 2810 auctorem
605 2771 792 2816 relabens,
813 2784 900 2808 cum
928 2784 996 2809 nos
1017 2784 1039 2809 a
1058 2772 1318 2810 criminatione
1348 2771 1523 2819 absolvit,
1544 2780 1624 2812 turn
1643 2775 1683 2813 in

237 2832 317 2882 ipso
335 2833 593 2871 committendi
608 2832 740 2871 erroris
755 2832 915 2870 articulo
931 2832 1082 2870 meritas
1098 2845 1120 2870 a
1132 2833 1376 2871 commissore
1392 2846 1523 2885 poenas
1541 2835 1682 2887 exegit.

237 2893 588 2941 verumenimvero,
601 2906 677 2932 non
693 2893 775 2933 sola
787 2893 838 2932 rei
851 2899 1001 2941 natura,
1013 2893 1079 2932 sed
1094 2894 1158 2944 jus
1173 2906 1326 2945 quoque
1345 2895 1455 2935 civile
1469 2909 1540 2936 nos
1557 2895 1683 2936 absol·-
