1822 3219
565 177 637 214 DE
667 174 828 225 CAEDE
858 174 1117 212 HERoms
1502 176 1553 210 43

114 276 261 315 tissima
293 289 316 315 a
345 276 500 316 crimine
529 289 588 314 me
622 276 833 321 absolvere,
864 276 975 326 cujus
1013 275 1176 313 criminis
1217 276 1389 321 obtentu,
1420 275 1458 313 hi
1496 288 1556 313 me

114 344 295 375 curarunt
309 338 347 375 in
369 334 560 376 carcerem
572 336 857 374 abducendum.
905 336 1180 374 Verumtamen
1201 336 1443 374 cavillatione
1463 348 1558 385 qua-

115 397 203 435 dam
242 399 450 449 sophistica
478 398 603 447 legem
634 397 758 435 secius
789 398 1078 447 interpretatum
1116 408 1300 445 suamque
1337 395 1557 433 violentiam

114 457 326 496 coloratum
347 465 453 504 eunt,
473 457 633 504 aientes,
655 457 781 508 legem
802 470 903 504 eam,
922 456 1031 507 cujus
1054 469 1100 494 ex
1129 455 1356 494 auctoritate
1388 469 1460 506 ego
1489 469 1559 505 pro

114 517 292 556 malefico
312 518 470 555 fuissem
490 516 529 553 in
555 529 745 554 carcerem
765 529 788 554 a
808 529 848 554 se
867 523 1014 567 raptus,
1037 516 1244 554 decernere
1272 515 1320 552 de
1351 514 1560 554 maleficis:

107 576 190 626 jam
219 577 466 615 homicidium
497 589 680 627 magnum
712 589 796 614 esse
827 576 1053 614 maleficium
1071 576 1083 614 :⁷
1111 589 1172 613 me
1198 582 1325 613 autem
1347 573 1559 612 occidisse:

114 648 207 687 ergo
238 636 451 674 maleficum
482 648 638 687 quoque
673 649 734 674 me
767 648 877 674 esse:
919 649 1010 687 ergo
1049 636 1165 674 etiam
1202 635 1288 686 lege
1326 634 1393 672 illa
1428 634 1560 672 teneri.

114 695 252 734 Fateor
283 697 474 735 enimvero
506 696 763 743 homicidium,
794 709 872 734 non
905 696 1020 734 modo
1057 708 1241 747 magnum
1276 708 1374 740 esse,
1408 694 1472 732 sed
1502 694 1562 732 vel

113 756 329 800 maximum,
345 755 597 794 maleficium:
627 769 757 794 verum
773 756 1014 806 sacrilegium
1026 768 1180 807 quoque
1194 762 1234 793 et
1250 755 1414 806 proditio
1429 755 1562 806 patriae

111 827 189 853 non
219 815 345 854 minus
374 815 475 854 hanc
507 816 804 867 appellationem
837 824 1054 856 merentur:
1093 824 1132 855 et
1161 816 1408 853 nihilominus
1435 822 1562 853 tamen

111 875 309 925 legislator
326 876 432 914 haud
451 877 680 915 existimavit
699 890 745 915 ea
770 877 820 915 ad
846 877 950 915 hunc
981 877 1252 915 maleficiorum
1279 877 1432 914 titulum
1464 876 1561 913 refe-

110 934 232 973 renda
248 948 348 982 esse,
368 937 434 974 sed
454 937 697 987 peculiariter
725 938 774 975 de
801 938 952 975 illorum
983 938 1170 976 scelerum
1200 950 1436 988 unoquoque
1463 949 1562 988 prae-

113 996 228 1047 cepit.
286 996 451 1043 Deinde,
471 998 588 1035 caedis
608 1011 668 1036 me
689 1006 929 1045 accusantes,
959 1011 1035 1036 non
1054 1012 1099 1036 eo
1126 999 1241 1036 modo
1261 999 1298 1035 in
1331 1010 1391 1034 me
1426 1003 1561 1047 agunt,

111 1057 247 1107 quoin
263 1056 470 1096 homicidas
494 1058 557 1109 agi
590 1058 673 1096 vult
695 1059 759 1110 jus
790 1059 920 1097 civile:
951 1060 1015 1109 qui
1036 1059 1131 1097 alios
1165 1059 1281 1096 eaedis
1315 1058 1562 1095 accusatione

111 1116 362 1163 insectantur,
388 1118 428 1155 hi
464 1119 609 1157 debent
642 1119 687 1157 iis
719 1120 960 1166 denuntiare,
992 1126 1037 1159 ut
1071 1120 1165 1158 locis
1195 1120 1268 1157 illis
1306 1120 1484 1156 omnibus
1521 1131 1562 1155 se

115 1176 345 1226 abstineant,
371 1178 509 1228 quibus
540 1171 785 1217 interdictum
812 1186 871 1217 est
893 1180 1097 1218 homicidis
1127 1180 1201 1217 ritu
1230 1186 1407 1217 vetusto:
1448 1177 1564 1228 igitur

115 1237 229 1275 etiam
257 1238 369 1275 foro:
397 1251 527 1276 verum
555 1238 593 1275 hi
620 1239 657 1275 in
677 1240 760 1277 foro
791 1252 852 1277 me
877 1240 1126 1278 insectantur.
1182 1240 1289 1285 Post,
1309 1240 1455 1276 ultores
1475 1251 1566 1275 san-

113 1297 238 1348 guinis
259 1309 453 1348 nunquam
481 1299 528 1335 ab
547 1298 739 1336 homicida
758 1298 973 1338 mercedem
994 1300 1267 1350 pecuniariam,
1295 1299 1363 1337 sed
1382 1298 1562 1335 talionem

113 1359 347 1409 deposcunt:
377 1359 416 1396 hi
435 1372 524 1397 vero
544 1359 648 1397 litem
671 1360 759 1396 mihi
793 1373 867 1398 aere
897 1362 1151 1408 aestimarunt,
1172 1360 1324 1398 tametsi
1343 1360 1403 1396 lex
1423 1358 1563 1402 edicat,

112 1425 156 1456 ut
173 1419 363 1457 homicida
393 1420 580 1471 sanguine
604 1433 673 1458 suo
694 1420 798 1465 luat;
831 1428 946 1469 atque
965 1421 1004 1458 id
1025 1435 1101 1459 non
1121 1434 1166 1459 eo
1197 1422 1385 1465 fecerunt,
1418 1431 1495 1468 quo
1524 1417 1563 1454 id

113 1491 161 1516 ex
175 1491 262 1517 mea
280 1492 320 1516 re
345 1486 461 1525 esset,
480 1493 626 1525 verum,
647 1480 751 1529 quod
772 1492 792 1517 e
811 1493 895 1518 sua.
952 1481 1040 1524 Quo
1070 1480 1337 1531 prodiderunt,
1359 1480 1389 1516 si
1414 1477 1563 1528 cupidi-

112 1539 182 1577 tati
200 1552 280 1577 suae
299 1540 515 1586 satisfieret,
535 1547 737 1578 contentos
760 1541 914 1595 sedfore,
935 1547 978 1578 ut
1007 1541 1254 1578 homicidium
1286 1540 1430 1577 minore
1450 1539 1562 1575 etiam

113 1612 230 1650 poena
261 1600 403 1646 luatur,
433 1613 548 1651 quam
585 1601 649 1638 lex
682 1601 921 1651 praescribit:
959 1614 1050 1652 ergo
1082 1602 1240 1639 minoris
1275 1601 1448 1638 fecerunt
1477 1599 1566 1648 jura

111 1666 311 1711 perempto
344 1661 486 1707 debita,
515 1674 631 1711 quam
665 1661 913 1712 cupiditatem
946 1675 1080 1700 suam:
1120 1661 1302 1699 lucellum
1338 1672 1448 1697 suum
1484 1658 1566 1708 ejus

115 1719 323 1771 placationi
343 1721 509 1758 manium
528 1721 801 1771 praetulerunt:
833 1735 951 1772 quare
972 1729 1098 1760 autem
1119 1723 1159 1760 id
1190 1721 1365 1766 fecerint,
1395 1719 1566 1757 oratione

113 1779 345 1830 procedente
376 1780 415 1818 id
449 1781 686 1832 intelligetiS.
741 1783 852 1828 Tum,
881 1795 957 1820 non
996 1783 1113 1820 modo
1145 1783 1182 1820 in
1215 1782 1304 1820 loco
1328 1780 1477 1832 judicii,
1498 1777 1564 1816 sed

115 1840 229 1878 etiam
247 1841 286 1878 in
306 1841 422 1879 modo
442 1841 714 1892 deliquerunt:
744 1843 865 1881 nostis
889 1856 957 1881 vos
978 1857 1114 1882 omnes
1139 1844 1316 1895 judicum
1338 1847 1566 1883 conventus,

116 1900 254 1951 quibus
292 1914 422 1939 causae
460 1901 749 1940 homicidiorum
790 1903 1057 1955 disceptandae
1095 1904 1397 1947 committantur,
1432 1901 1566 1938 haberi

116 1962 239 2000 solere
266 1963 337 2000 sub
371 1962 449 2008 dio,
479 1962 586 2000 nulla
616 1963 691 2001 alia
723 1962 772 2001 de
809 1977 940 2012 causa,
979 1978 1106 2015 quam,
1143 1978 1218 2015 quo
1252 1975 1378 2015 neque
1411 1961 1565 2013 judices

115 2022 253 2061 eodem
271 2022 358 2060 loco
378 2035 465 2060 cum
484 2023 527 2060 iis
546 2024 790 2070 conveniant,
806 2025 942 2075 quibus
968 2025 1138 2063 humano
1157 2038 1290 2063 cruore
1310 2023 1468 2075 pollutae
1489 2022 1566 2058 sint

115 2095 267 2128 manus,
286 2095 411 2133 neque
444 2090 645 2121 accusator
677 2097 764 2121 cum
790 2084 984 2123 homicida
1013 2086 1148 2123 eodem
1176 2092 1280 2122 tecto
1309 2084 1564 2122 contineatur.

114 2144 174 2180 Tu
192 2156 295 2189 vero,
307 2144 358 2180 mi
377 2142 582 2190 adversari,
596 2157 657 2181 me
674 2144 723 2182 de
734 2144 940 2182 homicidio
959 2158 1158 2190 accusans,
1173 2147 1244 2183 sub
1260 2143 1396 2182 eodem
1413 2153 1564 2180 mecum

113 2210 217 2242 tecto
235 2202 396 2241 versaris
415 2202 455 2240 in
475 2216 595 2253 eoque
614 2216 756 2241 morem
777 2204 973 2254 vulgarem
993 2205 1160 2255 migras:
1190 2205 1257 2241 sed
1278 2203 1390 2241 etiam
1411 2200 1565 2250 religio-

114 2278 203 2303 nem
235 2264 485 2315 jurisjurandi
512 2265 768 2308 intermisisti;
813 2267 1013 2316 oportebat
1054 2272 1091 2304 te
1124 2266 1394 2317 jusjurandum
1436 2263 1565 2300 dicere

115 2324 377 2376 gravissimum
406 2332 519 2374 atque
541 2326 801 2372 sacerrimum,
821 2339 895 2376 quo
915 2327 1173 2377 obstringeres
1193 2335 1231 2365 te
1246 2339 1322 2364 non
1343 2325 1419 2364 alia
1438 2324 1564 2362 dictu-

114 2400 199 2424 rum
226 2387 265 2424 in
295 2386 444 2424 actione
465 2393 545 2432 tua,
563 2400 678 2437 quam
698 2388 748 2425 ad
779 2388 904 2438 ipsum
923 2388 1168 2426 homicidium
1196 2387 1440 2439 pertinentia,
1460 2384 1563 2422 unde

113 2447 272 2497 planum
301 2453 559 2497 testatumque
590 2447 712 2492 fieret,
730 2460 791 2485 me
821 2448 1054 2485 homicidam
1084 2461 1191 2492 esse;
1222 2449 1278 2486 sin
1300 2454 1428 2486 autem
1450 2456 1562 2483 secus

115 2507 266 2554 feceris,
285 2505 368 2558 ipse
393 2513 475 2545 tute
505 2507 654 2545 tibimet
681 2508 831 2557 tuisque
859 2507 989 2545 liberis
1019 2509 1272 2559 posterisque,
1293 2509 1562 2555 universaeque

117 2569 222 2618 genti
249 2574 326 2605 tuae
358 2567 563 2618 perniciem
597 2575 804 2605 extremam
831 2568 1030 2606 horrendis
1059 2569 1152 2607 diris
1171 2569 1457 2620 imprecareris:
1487 2580 1562 2616 quo

117 2628 285 2666 futurum
307 2635 390 2666 erat
413 2629 529 2675 facto,
549 2635 593 2666 ut
611 2629 689 2665 sive
708 2629 829 2666 multa
847 2629 921 2667 alia
940 2629 1085 2667 scelera
1103 2637 1328 2681 patrassem,
1346 2631 1393 2666 ob
1414 2628 1563 2665 nullum

119 2693 246 2724 tamen
277 2701 405 2726 eorum
435 2688 604 2725 omnium
632 2688 919 2734 condemnarer,
945 2702 1060 2738 quam
1081 2691 1129 2727 ob
1150 2690 1272 2727 solum
1291 2688 1564 2731 homicidium;

120 2752 159 2784 et
177 2759 317 2792 rursus,
337 2747 486 2785 etiamsi
518 2748 727 2785 innumeris
761 2749 844 2785 aliis
875 2749 1053 2786 laudibus
1087 2762 1208 2786 essem
1237 2748 1564 2794 commendabilis,

121 2807 171 2844 ob
204 2818 331 2844 earum
360 2814 487 2845 tamen
520 2808 665 2845 nullam
691 2809 920 2854 absolverer,
943 2809 1012 2847 sed
1039 2809 1232 2846 homicidii
1267 2822 1399 2859 poenas
1419 2809 1564 2846 darem.

121 2866 265 2904 Verum
290 2872 331 2904 tu
357 2868 458 2906 hanc
491 2881 644 2919 quoque
669 2869 886 2907 cautionem
905 2870 1060 2918 insuper
1077 2868 1267 2905 habuisti:
1296 2869 1376 2918 ipse
1395 2875 1475 2905 tute
1497 2869 1563 2905 tibi

116 2926 182 2976 jus
203 2925 437 2964 arbitrarium
457 2935 694 2967 commentus
715 2942 771 2976 ες,
792 2942 865 2979 quo
899 2929 1043 2970 utaris;
1080 2929 1164 2975 jure
1195 2929 1259 2966 illo
1287 2929 1450 2979 jurando
1484 2940 1561 2967 non
