1822 3219
251 160 329 196 262
552 156 719 194 LYSIAE
748 156 971 193 CONTRA
1001 156 1343 194 ALCIBIADEM
1377 158 1405 193 1.

252 263 368 307 dicet,
388 259 632 311 intelligetis;
663 272 829 309 nequam
850 265 978 296 autem
998 258 1164 295 eundem
1184 270 1283 304 esse,
1301 272 1322 296 e
1341 258 1493 308 reliquis
1511 259 1596 309 ejus
1615 269 1698 294 mo-

251 325 356 362 ribus
385 322 491 360 vobis
506 322 586 372 jam
617 320 801 358 constitit.
859 319 918 357 Ne
946 318 1019 356 hoc
1045 318 1200 368 quidem
1222 325 1293 364 est,
1311 318 1416 368 quod
1439 318 1632 363 metuatis,
1649 329 1700 354 ne

252 385 347 421 urbe
369 383 513 434 ejectus
535 381 677 418 malum
695 380 802 417 vobis
829 379 1029 430 injungat:
1059 378 1210 428 ecquod
1230 378 1331 416 enim
1350 378 1456 416 vobis
1473 378 1618 416 malum
1636 377 1703 415 det

252 444 380 490 homo,
399 442 463 493 qui
489 441 646 479 timidus
675 440 851 490 idemque
879 451 1025 490 pauper
1052 439 1114 484 sit,
1133 438 1182 476 ad
1206 451 1266 476 res
1292 439 1469 489 ingentes
1488 437 1701 488 suscipien-

252 505 400 554 dasque
426 510 540 553 atque
568 501 759 552 gerendas
778 512 1015 550 corporeque
1040 499 1244 549 animoque
1263 505 1421 549 torpens
1439 504 1478 536 et
1496 497 1702 541 invalidus,

251 578 339 604 cum
366 562 592 602 necessariis
612 562 691 611 ipse
708 561 785 598 suis
805 561 1011 606 dissidens,
1029 559 1128 598 odiis
1149 559 1310 597 aliorum
1329 571 1548 610 oppressus.
1602 558 1704 599 Quae

251 626 380 664 omnia
396 624 557 669 faciunt,
570 629 614 660 ut
627 635 785 660 necesse
804 621 856 658 nil
876 621 1049 660 habeatis
1064 633 1151 658 eum
1170 620 1431 665 reformidare,
1446 618 1516 657 sed
1530 623 1704 656 statuen-

251 688 344 727 dum
368 686 496 738 potius
522 686 561 722 in
587 697 632 722 eo
652 684 760 721 vobis
788 683 837 720 sit
861 682 1092 733 exemplum,
1111 681 1151 718 in
1179 681 1285 731 quod
1311 681 1506 718 intuentes
1531 690 1620 716 cum
1639 677 1704 715 alii

250 755 333 786 tum
351 746 535 797 imprimis
555 744 667 782 amici
685 747 768 792 ejus
787 743 1010 792 resipiscere
1029 742 1190 785 discant,
1206 741 1286 791 qui,
1301 753 1390 778 cum
1404 739 1564 790 imperia
1575 744 1706 776 vestra

251 808 450 859 gaudeant
478 804 688 855 aspernari,
718 811 799 840 tum
828 802 957 840 studia
985 801 1196 840 Alcibiadis
1225 801 1363 838 imitari
1392 799 1542 845 ardent,
1573 798 1707 848 reique

253 882 334 906 suae
367 865 543 905 familiari
574 863 673 901 male
704 875 793 900 cum
820 862 1103 913 prospexerint,
1128 869 1260 899 tamen
1293 860 1572 899 concionantes
1596 857 1705 896 vobis

252 935 428 968 auctores
454 925 535 963 fieri
557 923 806 962 consiliorum
826 922 875 960 de
893 922 1196 960 administranda
1215 927 1333 971 atque
1352 920 1499 959 tuenda
1517 931 1558 957 re
1576 924 1707 957 vestra

251 989 407 1041 publica
424 999 504 1024 non
521 986 766 1022 erubescunt.

310 1050 371 1085 12.
405 1046 495 1083 Jam
527 1056 600 1094 ego
631 1043 705 1081 hac
736 1042 985 1080 accusatione
1017 1054 1134 1092 quam
1167 1040 1277 1091 potui
1308 1039 1450 1091 optime
1483 1038 1706 1084 defunctus,

250 1109 369 1160 probe
396 1106 500 1152 novi,
520 1105 560 1142 in
587 1104 661 1141 hac
687 1103 961 1140 circumstante
986 1114 1132 1139 corona
1153 1101 1235 1139 fore
1254 1100 1321 1150 qui
1342 1100 1541 1142 mirentur,
1561 1097 1628 1148 qui
1644 1110 1709 1136 oc·
1737 1115 1741 1118 ·

253 1170 359 1208 culta
384 1168 498 1218 hujus
529 1164 739 1203 Alcibiadis
768 1163 942 1201 facinora
968 1170 1048 1200 tam
1077 1162 1250 1200 sollerter
1276 1160 1462 1210 indagare
1490 1159 1707 1210 pomerium

251 1234 335 1284 ipse
363 1236 493 1268 autem
516 1227 591 1272 hic,
612 1225 758 1264 credite
780 1225 886 1271 mihi,
906 1236 967 1262 me
987 1223 1101 1270 ridet,
1121 1223 1188 1273 qui
1206 1235 1254 1260 ne
1274 1220 1524 1259 centesimam
1549 1219 1707 1270 quidem

251 1298 399 1343 partem
428 1288 672 1333 dedecorum,
693 1299 857 1337 quorum
883 1286 966 1336 ipse
996 1284 1068 1323 sibi
1092 1284 1270 1322 conscius
1297 1290 1371 1328 est,
1391 1281 1707 1320 enumeraverim.

253 1353 335 1390 Vos
353 1352 483 1400 itaque
497 1349 693 1386 vobiscum
707 1353 746 1384 et
763 1347 880 1385 modo
896 1358 919 1383 a
932 1359 993 1384 me
1013 1345 1118 1383 dicta
1137 1353 1176 1382 et
1194 1343 1452 1395 praetermissa
1469 1350 1709 1394 reputantes,

251 1415 327 1452 hoc
345 1412 466 1462 magis
482 1423 570 1449 eum
586 1410 857 1454 condemnate,
871 1407 1062 1446 recordati
1075 1405 1284 1457 majestatis
1301 1417 1389 1442 eum
1402 1404 1559 1443 crimine
1573 1403 1708 1448 teneri,

255 1475 366 1526 cujus
385 1472 551 1510 criminis
571 1483 660 1508 eum
681 1482 755 1520 ego
774 1481 878 1507 reum
897 1468 986 1514 feei,
1007 1479 1263 1518 magnamque
1287 1464 1451 1503 civitatis
1476 1477 1562 1502 esse
1586 1463 1710 1502 felici-

254 1543 374 1573 tatem
394 1534 426 1571 si
445 1532 541 1570 tales
561 1544 585 1569 a
603 1544 642 1568 se
663 1530 766 1568 cives
791 1529 1005 1568 amoliatur.
1063 1527 1203 1565 Recita
1221 1533 1264 1564 tu
1284 1525 1443 1576 [scriba]
1469 1524 1562 1576 ipsis
1589 1524 1710 1575 [judi-

254 1596 383 1644 cibus]
413 1595 517 1645 leges
545 1600 583 1631 et
613 1591 885 1644 jusjurandum
918 1596 959 1628 et
991 1589 1195 1627 formulam
1227 1586 1510 1625 accusationis:
1548 1586 1710 1624 istorum

257 1657 358 1695 enim
377 1667 565 1694 memores
584 1666 737 1704 aequam
759 1658 798 1690 et
809 1651 962 1702 justam
979 1649 1106 1688 ferent
1123 1647 1368 1688 sententiam.
