1822 3219
239 148 287 182 34
775 137 1140 177 ANTIPHONTIS

239 251 277 282 et
296 256 378 287 nos,
397 242 462 292 qui
481 248 759 292 peremptorum
780 241 920 278 ultores
939 252 1010 277 nos
1030 238 1197 281 ferimus,
1218 236 1248 273 si
1267 247 1342 273 non
1362 235 1410 272 ob
1431 233 1574 272 caedem
1594 243 1682 270 vere

238 304 492 347 commissam,
510 303 577 339 sed
599 303 648 340 ob
669 302 779 339 aliam
800 301 1014 351 quampiam
1030 298 1262 336 simultatem
1281 309 1366 345 qnae
1385 295 1557 345 privatim
1573 292 1682 330 nobis

239 379 325 403 cum
356 365 544 402 accusatis
577 364 802 407 intercedat,
831 363 1000 399 insontes
1023 361 1059 397 in
1086 361 1168 396 foro
1196 359 1437 400 insectemur,
1460 368 1536 394 non
1557 354 1682 392 solum

239 425 425 475 perempti
445 436 575 461 manes
597 424 739 461 ultione
759 422 862 459 nulla
882 422 1093 471 placamus,
1111 419 1179 456 sed
1199 419 1311 456 etiarn
1331 413 1635 455 consciscenda
1627 425 1684 450 in·

241 485 412 522 sontibus
432 484 616 520 immerita
636 495 730 520 nece
747 482 782 518 in
800 494 870 519 nos
885 481 1072 518 irritamus
1092 479 1327 516 iracundiam
1347 478 1505 515 deorum
1520 474 1685 512 inferna-

240 545 344 587 lium,
367 544 518 581 caedes
510 543 640 610 impias
666 542 863 580 dirissimis
892 540 1086 591 suppliciis
1112 538 1424 588 exsequentium,
1456 543 1536 573 tum
1565 533 1685 585 poenis

241 605 432 642 homicidii
452 604 578 654 capita
603 604 674 653 ipsi
699 611 830 640 nostra
857 602 1099 647 innectimus,
1119 601 1291 637 homines
1320 600 1544 636 innocentes
1572 594 1687 633 exitio

243 665 411 702 nefando
438 663 752 714 pessumdantes;
790 662 955 711 denique
991 662 1096 698 vobis
1130 660 1419 711 persuadentes,
1445 665 1489 695 ut
1515 657 1687 694 insontes

242 725 369 774 iniqua
390 723 579 761 sententia
605 722 833 773 percellatis,
854 722 1007 772 culpam
1026 721 1137 758 vestri
1159 722 1290 758 erroris
1310 720 1380 770 ipsi
1402 719 1509 757 nobis
1535 723 1688 755 contra-

242 785 382 822 himus.
441 783 537 820 Haec
554 796 626 833 ego
643 795 787 819 mecum
806 782 934 818 omnia
949 782 1063 831 probe
1079 788 1258 831 reputans
1273 788 1384 830 atque
1400 791 1553 822 cavens,
1567 776 1690 814 homi-

244 859 330 882 nem
351 843 520 894 impium,
540 843 653 893 hujus
671 842 787 880 caedis
806 848 1049 892 patratorem,
1064 842 1111 879 ad
1127 855 1195 879 vos
1212 841 1389 884 adduc0;
1419 840 1455 877 id
1472 838 1574 890 quod
1589 844 1692 876 recte

243 912 358 954 atque
380 904 511 941 ordine
533 903 689 947 faciens,
710 902 1004 952 reprehensione
1024 910 1062 939 et
1081 902 1234 952 piaculo
1254 915 1369 940 vaco:
1400 914 1468 939 vos
1488 908 1630 944 autem,
1646 911 1692 936 eo

244 965 372 1008 modo,
394 963 457 1013 qui
479 963 656 1013 gravitati
676 969 953 999 momentorum
977 975 998 998 a
1018 975 1076 998 me
1097 962 1209 999 modo
1228 967 1606 999 commemoratorum
1631 971 1691 997 re-

247 1024 448 1074 spondeat,
470 1036 599 1060 causae
619 1023 731 1072 hujus
753 1022 962 1071 cognitioni
979 1022 1144 1058 animum
1162 1022 1418 1066 attendentes,
1431 1021 1570 1058 afficite
1586 1032 1692 1057 reum

246 1096 359 1134 poena
378 1083 630 1133 magnitudini
652 1081 802 1119 sceleris
822 1082 868 1118 ab
889 1094 935 1118 eo
955 1081 1147 1118 commissi
1167 1081 1444 1130 respondente;
1474 1079 1579 1130 quod
1604 1092 1692 1117 cum

247 1144 410 1187 facietis,
428 1150 507 1180 tum
534 1142 674 1192 piaculi
701 1142 887 1179 maculam
908 1155 930 1179 a
950 1148 1031 1178 tota
1053 1141 1206 1178 civitate
1235 1141 1476 1191 abstergetis.
1533 1140 1632 1178 Nam
1661 1140 1693 1178 si

246 1205 386 1242 invitus
412 1203 650 1253 peremisset,
671 1208 771 1240 esset
797 1202 951 1238 forsitan
975 1201 1084 1238 venia
1101 1202 1266 1251 quadam
1287 1202 1448 1251 dignus:
1478 1213 1608 1238 verum
1628 1213 1696 1251 per

249 1265 437 1316 superbiae
463 1271 578 1314 atque
607 1263 829 1314 petulantiae
862 1262 1188 1312 intemperantiam
1221 1269 1258 1299 et
1287 1268 1423 1299 aestum
1460 1261 1694 1299 temulentiae

248 1325 369 1364 saeviit
387 1326 424 1361 in
443 1324 635 1362 hominem
654 1323 761 1361 senio
780 1322 1010 1364 confectum,
1032 1335 1144 1372 quem
1166 1322 1310 1360 tamdiu
1330 1322 1433 1360 nodo
1455 1322 1693 1360 brachiorum

250 1384 501 1435 strangulavit
528 1391 641 1433 atque
670 1395 884 1434 pugnorum
909 1383 1128 1420 verberibus
1157 1383 1345 1428 contudit,
1367 1382 1492 1420 donec
1515 1383 1693 1421 miserum

249 1458 377 1483 senem
407 1445 533 1481 anima
560 1443 764 1488 desereret,
791 1442 942 1493 gemino
967 1443 1092 1493 itaque
1118 1443 1229 1481 titulo
1248 1443 1388 1494 dignus
1407 1443 1470 1481 hic
1489 1450 1546 1482 est
1564 1456 1694 1494 poena,

248 1506 409 1557 primum
431 1517 477 1542 ea
496 1516 582 1553 quae
603 1504 640 1540 in
660 1503 870 1540 homicidas
889 1504 1037 1541 sancita
1051 1510 1123 1548 est,
1139 1517 1226 1541 narn
1242 1504 1434 1541 homicida
1447 1504 1528 1554 ipse
1541 1516 1697 1555 quoque

250 1573 330 1608 est;
361 1572 441 1603 tum
463 1564 543 1601 illas
564 1577 696 1601 omnes
712 1564 847 1600 meruit
863 1564 1224 1609 animadversiones,
1240 1564 1377 1614 quibus
1392 1564 1429 1601 hi
1445 1564 1695 1614 castigantur,

251 1628 282 1664 si
297 1626 360 1676 qui
375 1625 625 1663 reverentiam
646 1624 754 1661 senili
774 1624 878 1662 aetati
897 1623 1063 1662 debitam
1083 1624 1270 1670 violarint,
1290 1638 1375 1662 nam
1395 1624 1425 1662 is
1444 1625 1696 1676 quoquejura

251 1698 385 1724 senum
406 1684 614 1722 temeravit.
674 1683 794 1720 Recte
816 1683 944 1734 itaque
961 1685 1023 1734 jus
1043 1683 1152 1723 civile
1170 1685 1275 1722 vobis
1293 1684 1396 1722 hunc
1410 1685 1602 1723 hominem
1618 1693 1696 1724 tra-

251 1746 347 1783 didit
367 1744 624 1794 puniendum:
657 1744 816 1780 audistis
842 1750 971 1789 testes,
996 1744 1060 1794 qui
1087 1745 1306 1789 intererant,
1333 1758 1420 1782 eum
1443 1745 1504 1783 hic
1533 1745 1697 1784 stimulis

251 1804 484 1842 temulentiae
505 1809 612 1840 actus
633 1804 669 1840 in
694 1811 929 1854 peremptum
956 1804 1077 1841 modis
1101 1805 1497 1843 contumeliosissimis
1519 1806 1696 1845 saeviret:

251 1871 400 1903 constat
418 1864 543 1913 itaque
560 1876 692 1900 necem
710 1864 808 1900 hanc
824 1876 908 1900 esse
928 1864 1242 1913 praemeditatam.
1298 1866 1411 1909 Quod
1427 1878 1514 1903 cum
1534 1874 1698 1914 constet,

251 1942 319 1967 vos
346 1928 459 1965 decet
483 1927 631 1963 facinus
652 1926 726 1975 juri
754 1925 853 1962 civili
874 1925 1081 1962 adversans
1102 1927 1247 1964 auctori
1266 1927 1344 1976 pari
1365 1926 1479 1964 modo
1497 1926 1698 1966 refundere

253 1988 582 2038 arrogantiamque
604 2000 670 2038 per
690 1987 941 2024 contumelias
957 1995 996 2024 et
1013 1988 1235 2026 insolentias
1253 1995 1489 2038 grassantem
1509 2002 1699 2037 coercere,

253 2051 330 2086 vita
349 2049 401 2086 illi
427 2048 587 2085 invicem
615 2047 823 2097 eripienda,
844 2048 908 2097 qui
932 2047 1045 2085 vitam
1070 2048 1131 2086 alii
1159 2049 1250 2086 data
1278 2062 1393 2100 opera
1421 2056 1462 2088 et
1489 2050 1700 2090 deliberato

252 2122 339 2148 cum
358 2108 553 2159 proposito
573 2107 723 2158 eripuit.

379 2328 415 2361 2.
448 2325 722 2363 DEFENSIO
755 2326 927 2363 CAEDIS
957 2326 1306 2365 AGGRESSORI
1338 2328 1576 2366 OBLATAE.

820 2422 842 2447 Α
849 2419 972 2448 RGUM
981 2419 1137 2449 ENTUM.

298 2486 398 2513 Staius
421 2494 510 2513 causa
529 2484 684 2513 translatio
707 2489 771 2514 est:
799 2485 939 2514 transfert
960 2484 1039 2514 enirn
1057 2485 1086 2513 in
1108 2490 1260 2515 curantem
1283 2485 1432 2515 medicum
1455 2496 1575 2516 eausam
1596 2486 1699 2518 caedis.

258 2533 544 2563 Recriminatorium
560 2534 638 2563 enim
654 2540 685 2562 ut
702 2544 890 2572 consequens
905 2535 998 2573 cepit.

311 2650 446 2686 Bmzvx
468 2651 638 2687 oratione
665 2649 868 2687 defunctos
895 2663 976 2687 esse
1000 2651 1070 2688 hos
1099 2659 1345 2690 accusatores
1373 2653 1459 2696 mei,
1482 2653 1533 2690 nil
1560 2653 1699 2692 miror:

258 2721 379 2758 neque
400 2710 500 2746 enim
521 2710 621 2748 hoc
613 2710 704 2760 ipsis
725 2723 827 2747 nunc
847 2711 985 2759 agitur,
1006 2723 1083 2760 quo
1103 2712 1155 2748 nil
1174 2712 1263 2749 mali
1290 2712 1481 2762 patiantur
1508 2714 1602 2763 ipsi·
1631 2714 1700 2751 sed

256 2768 373 2809 istud,
396 2777 437 2805 ut
455 2770 731 2808 satisfacientes
750 2771 931 2808 simultati
952 2785 1043 2821 erga
1063 2785 1122 2809 me
1142 2785 1232 2818 suae,
1248 2786 1313 2823 per
1328 2774 1435 2811 nefas
1452 2787 1511 2811 me
1527 2787 1700 2830 pessum—

259 2827 372 2863 dent.
403 2829 503 2877 quod
526 2838 652 2867 antem
673 2831 872 2868 teterrimis
894 2844 1094 2881 exoequare
1111 2833 1329 2871 criminibus
1348 2834 1450 2872 hunc
1466 2847 1596 2873 casum
1613 2847 1704 2873 con·
