1822 3219
729 578 1079 631 LYSIAE

464 739 781 786 ORATIO
836 740 1355 789 OLYMPIACA.

672 915 823 954 [AEmylio
844 916 937 944 Portu
956 915 1155 954 Interprete.]

241 1054 274 1091 1.
305 1053 610 1094 AEQUISSIMUM
639 1062 711 1100 est,
738 1055 912 1100 Judices,
932 1056 982 1093 ob
1008 1055 1128 1093 multa
1152 1054 1307 1104 quidem
1332 1053 1513 1104 praeclare
1533 1060 1645 1104 gesta

185 1111 363 1151 Herculis
378 1114 597 1152 memoriam
615 1115 830 1158 celebrare;
858 1123 936 1153 tum
956 1116 1167 1166 praesertim
1190 1115 1295 1165 quod
1315 1116 1455 1165 primus
1475 1115 1554 1165 ip'se
1572 1115 1646 1153 hoc

182 1179 376 1211 certamen
394 1174 442 1211 ad
459 1175 655 1213 Graeciam
673 1177 890 1214 universam
906 1176 1187 1214 conciliandam
1208 1175 1425 1213 instituerit.
1474 1176 1534 1213 Ad
1553 1175 1648 1212 illud

187 1234 287 1270 enim
310 1247 434 1284 usque
455 1242 604 1286 tempus
626 1238 768 1274 mutuis
790 1238 886 1274 inter
906 1251 946 1275 se
967 1237 1270 1275 dissensionibus
1296 1237 1410 1274 urbes
1438 1236 1646 1273 ardebant:

187 1302 394 1344 postquam
416 1309 505 1333 vero
532 1297 593 1335 ille
613 1305 796 1348 tyrannos
824 1299 1035 1335 domuisset
1061 1305 1098 1335 et
1126 1298 1195 1334 sibi
1222 1297 1381 1334 infestos
1403 1297 1649 1339 coercuisset,

185 1368 388 1406 corporum
417 1357 575 1406 quidem
609 1366 818 1405 certamen,
850 1359 1066 1396 divitiarum
1104 1358 1403 1403 contentionem,
1436 1365 1475 1395 et
1508 1357 1650 1408 ingenii

185 1417 481 1454 ostentationem
515 1418 553 1454 in
581 1419 835 1468 pulcherrimo
862 1420 979 1457 totius
1002 1419 1163 1456 Graeciae
1182 1419 1270 1456 loco
1289 1419 1460 1464 instituit,
1483 1426 1524 1455 ut
1543 1418 1652 1455 nimi-

185 1489 266 1513 rum
288 1485 443 1527 propter
463 1478 549 1516 haec
571 1480 703 1517 omnia
723 1480 888 1518 eundem
908 1481 946 1517 in
967 1479 1093 1517 locum
1114 1480 1420 1524 conveniremus,
1435 1479 1510 1516 alia
1525 1478 1652 1524 visuri,

189 1537 262 1575 alia
282 1538 447 1575 audituri
467 1552 476 1581 ;
508 1540 671 1577 credidit
692 1542 793 1578 enim
814 1541 920 1578 illum
943 1548 1176 1578 conventum
1195 1547 1339 1577 mutuae
1358 1539 1507 1577 Graecis
1527 1539 1654 1576 amici-

189 1598 251 1634 tiae
272 1607 309 1635 et
329 1599 548 1637 concordiae
567 1600 714 1637 initium
741 1602 939 1651 quoddam
969 1602 1153 1639 futurum.
1212 1600 1309 1637 Haec
1338 1599 1401 1636 ille
1429 1600 1653 1650 reputabat:

189 1671 262 1707 ego
288 1672 376 1697 vero
405 1661 488 1697 haec
510 1673 587 1698 non
607 1662 906 1711 reprehensurus
928 1669 995 1699 aut
1014 1662 1263 1711 sugillaturus
1285 1659 1342 1697 vcl
1363 1659 1410 1696 de
1430 1660 1555 1697 verbis
1574 1672 1656 1696 cer-

190 1726 337 1757 taturus
364 1721 439 1758 huc
466 1721 566 1758 veni.
625 1721 726 1758 Puto
753 1735 920 1772 namque
946 1722 1030 1759 haec
1057 1729 1232 1772 spectare
1259 1720 1308 1756 ad
1330 1719 1522 1768 sophistas
1541 1719 1653 1757 valde

191 1780 385 1830 improbos
406 1788 445 1818 et
466 1781 606 1819 victum
626 1783 901 1830 quaeritantes3
931 1782 1094 1819 hominis
1112 1794 1202 1818 vero
1223 1780 1314 1818 boni
1333 1780 1502 1829 civisque
1523 1781 1655 1830 optimi

192 1842 309 1891 partis
329 1855 416 1879 esse
437 1843 485 1880 de
506 1843 682 1879 maximis
705 1845 817 1881 rebus
844 1844 1079 1888 consultare,
1100 1841 1232 1880 videns
1260 1854 1315 1878 sc.
1337 1841 1527 1878 Graeciam
1558 1841 1656 1879 adeo

192 1902 458 1948 deformatam,
481 1903 678 1952 multaque
704 1903 807 1941 illius
836 1904 922 1941 loca
941 1916 964 1941 a
983 1903 1148 1941 barbaro
1168 1908 1357 1952 occupata
1377 1909 1414 1938 et
1434 1901 1614 1951 plurimas
1635 1915 1659 1940 a

194 1965 363 2013 tyrannis
379 1965 494 2001 urbes
513 1972 695 2001 vastatas,
754 1965 854 2005 Quae
871 1964 1026 2014 quidem
1042 1965 1072 2001 si
1090 1977 1157 2014 per
1174 1970 1343 2000 nostram
1358 1961 1658 2000 imbecillitatem

196 2024 530 2074 infirmitatemque
560 2025 662 2074 passi
693 2037 880 2070 essemus,
908 2032 1049 2062 sortem
1086 2032 1258 2061 nostram
1287 2023 1471 2059 ferremus
1501 2035 1659 2060 necesse

196 2092 324 2121 esset:
361 2098 447 2122 cum
478 2098 566 2122 vero
595 2086 644 2122 ob
675 2085 883 2123 seditiones
912 2092 1162 2134 mutuamque
1191 2083 1436 2132 discordiam,
1467 2083 1658 2133 quomodo

198 2158 274 2183 non
295 2146 366 2183 erit
385 2147 647 2196 aequissimum
674 2147 732 2183 his
755 2147 909 2196 quidem
936 2147 1050 2184 finem
1077 2157 1235 2196 ponere,
1264 2144 1327 2180 illa
1355 2157 1443 2181 vero
1467 2143 1659 2181 eliminare

198 2219 244 2244 ac
274 2206 485 2256 prohibere,
507 2220 593 2243 cum
622 2208 835 2244 noverimus
856 2208 976 2257 ipsam
999 2205 1283 2243 aemulationem
1303 2210 1343 2240 et
1360 2203 1408 2240 de
1429 2203 1551 2253 gloria
1568 2215 1659 2240 con-

198 2267 405 2304 tentionem
435 2268 531 2304 inter
552 2268 649 2304 viros
674 2268 805 2305 felices
834 2268 920 2305 oriri
949 2267 1084 2312 solere,
1108 2273 1147 2303 at
1172 2265 1379 2302 infelicium
1406 2277 1491 2301 esse
1517 2265 1661 2315 optima

198 2327 412 2365 consulere.
472 2327 648 2376 Undique
664 2327 763 2364 enim
781 2327 950 2377 pericula
965 2328 1152 2363 immensa
1171 2326 1312 2362 instare
1329 2324 1525 2361 videmus:
1556 2325 1661 2362 scitis

200 2394 327 2424 autem
353 2388 550 2437 imperium
577 2401 662 2424 esse
687 2400 817 2425 eorum
842 2389 906 2437 qui
935 2388 1029 2425 mari
1057 2387 1314 2431 dominantur,
1335 2386 1581 2437 pecuniarum
1603 2386 1659 2423 di-

199 2455 460 2498 spensatorem
482 2461 567 2485 esse
588 2461 739 2498 regem3
772 2448 997 2487 Graecorum
1025 2461 1114 2486 vero
1142 2460 1305 2497 corpora
1332 2460 1460 2484 eorum
1482 2447 1546 2496 qui
1565 2458 1659 2484 con-

201 2511 299 2547 sumi
326 2517 364 2547 et
391 2509 508 2546 deleri
536 2517 719 2559 possunt:
753 2522 868 2547 naves
898 2510 977 2559 ipse
1007 2509 1146 2546 multas
1174 2507 1360 2558 possidet,
1381 2507 1521 2544 multas
1543 2507 1659 2544 etiam

203 2569 342 2607 Siciliae
373 2578 570 2620 tyrannus.
628 2569 680 2606 Ut
708 2583 858 2619 aequum
892 2570 940 2607 sit
970 2570 1113 2607 bellum
1141 2569 1330 2619 privatum
1364 2568 1520 2618 deponi,
1553 2580 1659 2604 com—

202 2631 382 2680 munique
407 2632 598 2668 sententia
624 2630 737 2668 saluti
767 2631 1006 2680 prospicere;
1039 2630 1087 2667 de
1117 2630 1319 2679 praeteritis
1343 2628 1497 2678 quidem
1525 2627 1662 2666 erube—

203 2704 322 2737 scere,
348 2691 396 2728 de
422 2691 560 2728 futuris
593 2704 682 2728 vero
717 2699 897 2735 metuere,
929 2698 967 2728 et
1001 2691 1164 2741 majores
1195 2689 1343 2734 imitari,
1372 2690 1437 2739 qui
1467 2689 1662 2726 barbaros,

205 2752 294 2789 dum
320 2752 451 2790 alienis
482 2753 678 2790 inhiabant
701 2752 933 2802 regionibus,
957 2753 1035 2789 suis
1063 2752 1232 2802 ipsorum
1257 2758 1454 2796 exuerant,
1473 2750 1662 2801 tyrannis-

204 2825 279 2861 que
299 2813 464 2863 expulsis
483 2826 724 2850 communem
743 2812 921 2850 omnibus
938 2812 1151 2850 libertatem
1170 2811 1394 2849 attulerunt.

261 2875 298 2909 2.
329 2873 413 2910 Prae
443 2874 589 2911 cacteris
619 2881 746 2910 autem
774 2872 1088 2911 Lacedaemonios
1117 2871 1293 2917 demiror,
1311 2884 1476 2920 quonam
1506 2871 1660 2908 tandem
