1822 3219
715 416 1258 471 ANTIPHON'I'IS

542 562 845 609 SUPER
904 562 1428 610 CHOREUTA

862 701 1109 743 ORATIO.

780 913 1179 943 ARGUMENTUM.

297 979 381 1015 Quot
403 980 482 1019 apud
500 980 702 1010 Athenienses
718 981 840 1020 choregi
859 982 929 1015 siut,
946 985 977 1010 et
992 990 1082 1018 quare
1099 984 1252 1016 creentur,
1269 984 1300 1010 et
1317 984 1392 1019 quot
1403 990 1514 1019 pueros
1530 982 1611 1012 aiere
1625 986 1708 1012 tene·
1729 1000 1731 1003 ·

252 1035 349 1065 antur,
363 1041 401 1060 ex
422 1032 633 1060 Demosthenis
647 1032 835 1061 orationibus
851 1036 992 1060 accurate
1007 1031 1184 1060 didicimus.
1230 1032 1390 1070 Cboregus
1404 1032 1499 1071 igitur
1511 1033 1710 1072 Antiphontis

251 1081 380 1109 oratoris
393 1088 528 1121 ternpore
539 1082 605 1115 suit,
616 1081 666 1120 qui
679 1082 788 1110 tribum
800 1081 926 1111 sortitus
938 1081 1183 1116 Erechtheidem,
1193 1085 1224 1110 et
1234 1081 1362 1120 ampiius
1373 1082 1587 1120 Cecropidem,
1597 1093 1710 1122 pueros
1726 1119 1728 1121 Ι

249 1131 408 1160 saltatores
421 1132 502 1161 domi
514 1132 675 1163 nutriebat.
721 1134 858 1171 Quorum
877 1142 952 1161 unus
969 1133 1056 1161 bonae
1067 1131 1151 1161 vocis
1165 1142 1256 1160 causa
1271 1132 1466 1170 pharmacum
1478 1131 1568 1167 bibit,
1580 1143 1710 1172 cumque

249 1181 391 1217 bibisset,
405 1183 466 1212 vita
481 1183 602 1212 functus
619 1188 677 1213 est.
721 1182 814 1212 Pater
830 1183 916 1221 pueri
933 1182 1043 1211 mortui
1060 1183 1223 1221 choregum
1236 1182 1407 1217 accusavit,
1420 1186 1559 1220 tanquam
1573 1183 1617 1212 iiii
1628 1193 1707 1213 mor·

248 1238 309 1261 tem
325 1233 512 1263 offerentem.
560 1232 744 1263 Defenditur
761 1234 912 1272 cboregus
926 1237 1057 1262 mortem
1075 1243 1197 1272 negans.
1244 1233 1347 1262 Status
1362 1242 1461 1262 oausae
1477 1233 1708 1271 conjecturalis,

248 1283 395 1313 incertum
421 1294 490 1312 cum
512 1284 552 1313 sit
576 1284 708 1313 crimen:
734 1288 818 1313 certo
842 1283 957 1313 indicio
978 1288 1136 1313 accusator
1157 1283 1265 1318 utitur,
1287 1293 1323 1312 eo
1345 1283 1439 1322 quod,
1457 1283 1544 1322 pueri
1564 1284 1594 1313 in
1616 1285 1706 1314 domo
1727 1324 1731 1328 Ι

248 1335 372 1374 choregi
388 1340 626 1373 exercerentur-3
650 1336 730 1375 quod
747 1336 805 1366 etsi
820 1336 947 1365 crimine
964 1340 1063 1372 vacet,
1081 1336 1120 1365 ad
1137 1335 1339 1374 suspicionem
1355 1335 1598 1374 persuadendam
1616 1337 1722 1367 valet.»

302 1463 336 1499 1.
365 1462 741 1500 JUCUansSIMUM
771 1461 1016 1512 quidem-est
1040 1460 1380 1511 homini,judices,
1401 1461 1432 1498 si
1452 1474 1646 1512 nunquam
1664 1463 1703 1500 in

244 1522 379 1572 capitis
411 1523 614 1561 discrimen
643 1523 885 1574 conjiciatur,
907 1529 945 1560 et
973 1522 1022 1560 ad
1049 1522 1142 1559 deos
1167 1529 1258 1559 vota
1281 1522 1425 1560 faciens
1450 1522 1521 1560 sibi
1540 1524 1704 1574 quisque

241 1584 340 1621 inter
359 1584 435 1621 alia
455 1584 641 1635 optabilia
661 1585 777 1622 etiam
794 1585 868 1622 hoc
883 1590 991 1634 optet
1005 1584 1254 1634 contingere:
1285 1582 1424 1632 quodsi
1440 1589 1569 1622 tamen
1583 1592 1706 1624 certa-

242 1657 330 1681 men
350 1644 519 1682 devitare
540 1645 647 1682 nullo
666 1645 781 1683 modo
801 1650 931 1695 queat,
945 1650 1026 1681 tum
1046 1643 1085 1680 id
1105 1643 1260 1693 quidem
1279 1643 1402 1680 multo
1420 1651 1480 1681 est
1495 1645 1701 1693 jucundis-

241 1706 394 1750 simum,
415 1707 446 1744 si
466 1713 606 1757 praesto
633 1707 695 1752 sit,
715 1706 819 1757 quod
843 1719 917 1756 ego
945 1705 1122 1756 equidem
1150 1705 1188 1742 in
1218 1704 1407 1755 ejusmodi
1435 1719 1552 1744 causa
1578 1706 1700 1746 habeo

239 1766 480 1817 palmarium,
501 1773 544 1804 ut
567 1767 710 1804 nullius
739 1767 810 1805 sibi
836 1766 967 1804 delicti
997 1766 1048 1803 sit
1073 1766 1267 1812 conscius,
1293 1765 1362 1803 sed
1391 1765 1422 1803 si
1450 1767 1510 1804 vel
1537 1768 1699 1807 maxime

239 1827 505 1877 accipiendum
525 1827 575 1865 sit
589 1827 851 1873 infortunium,
867 1827 907 1864 id
926 1826 1070 1864 malitia
1083 1833 1122 1864 et
1136 1826 1325 1865 dedecore
1340 1833 1483 1872 careat,
1499 1830 1698 1880 magisque

236 1886 401 1924 fortunae
422 1887 583 1925 sinistrae
602 1900 716 1938 quam
737 1886 970 1939 improbitati
985 1887 1124 1925 mentis
1139 1887 1339 1925 referatur.
1395 1887 1526 1938 Leges
1541 1889 1698 1939 quidem

236 1947 310 1986 hoc
331 1948 379 1985 de
399 1961 538 1998 genere
558 1949 758 1987 criminum
776 1949 876 1987 latas
897 1961 1009 1986 nemo
1028 1948 1140 1986 facile
1156 1949 1205 1986 sit
1222 1949 1406 1995 omniurn,
1423 1949 1488 2000 qui
1507 1962 1582 1988 non
1603 1951 1696 1990 fate-

235 2014 321 2045 atur
335 2008 486 2058 legibus
504 2009 587 2046 aliis
603 2009 789 2059 sapientia
804 2016 919 2059 atque
935 2009 1141 2047 sanctitate
1156 2009 1312 2047 anteire.
1370 2009 1518 2060 Legum
1535 2010 1694 2050 aliarum

232 2069 402 2106 omnium
422 2069 460 2106 in
480 2069 554 2107 hoc
574 2071 702 2108 Attico
721 2071 803 2108 solo
826 2070 1081 2108 obtinentium
1107 2076 1199 2108 sunt
1225 2069 1522 2121 antiquissimae;
1553 2071 1693 2111 deinde

232 2131 482 2168 mutationem
508 2131 655 2169 nullam
682 2145 808 2182 passae
834 2140 937 2178 sunt,
957 2131 1027 2169 sed
1050 2139 1093 2169 ut
1118 2132 1275 2169 crimina
1298 2131 1428 2170 adhuc
1447 2138 1538 2169 sunt
1555 2133 1691 2173 eadem

231 2200 345 2242 atque
373 2193 476 2238 olim,
504 2206 667 2242 quorum
694 2194 744 2230 de
773 2194 893 2243 poenis
922 2202 965 2230 ut
992 2193 1261 2243 praeciperent,
1287 2200 1366 2230 tum
1395 2193 1569 2243 primitus
1598 2195 1688 2233 latae

228 2259 331 2298 sunt,
351 2254 405 2290 ita
430 2254 524 2303 ipsae
549 2266 702 2303 quoque
726 2253 902 2290 formulae
929 2260 1019 2290 sunt
1043 2253 1171 2290 adhuc
1197 2252 1346 2290 eaedem
1373 2260 1489 2304 atque
1514 2255 1687 2305 primitus

227 2313 404 2356 fuerunt;
436 2314 475 2351 id
496 2313 600 2364 quod
616 2314 678 2351 vel
693 2314 927 2364 praecipuum
949 2320 1010 2351 est
1028 2313 1303 2351 documentum
1323 2314 1451 2365 legum
1465 2316 1572 2366 juste
1586 2318 1686 2368 sapi-

226 2383 410 2424 enterque
440 2375 724 2412 institutarum:
760 2375 944 2425 temporis
978 2374 1079 2412 enim
1108 2375 1338 2413 diuturnitas
1363 2382 1401 2413 et
1432 2390 1526 2415 usus
1559 2390 1684 2416 rerum

226 2435 318 2474 vitia
336 2435 513 2486 aperiunt
530 2435 715 2473 institutis
735 2435 912 2473 humanis
933 2435 1180 2473 adhaerentia.
1238 2436 1482 2487 Quapropter
1495 2451 1563 2476 vos
1578 2452 1687 2489 opor-

226 2504 297 2540 tet,
320 2509 398 2534 non
423 2496 552 2547 legum
577 2496 804 2546 probitatem
832 2509 880 2534 ex
908 2497 1146 2535 accusatoris
1175 2497 1450 2547 praedicatione
1479 2499 1683 2547 aestimare,

226 2557 297 2595 sed
317 2562 452 2594 contra
465 2556 675 2594 orationem
696 2556 928 2595 accusatoris
944 2570 964 2595 e
979 2558 1130 2608 legibus
1150 2558 1336 2604 arbitrari,
1356 2571 1446 2595 num
1464 2566 1569 2597 recta
1586 2559 1681 2611 legi-

224 2619 374 2667 busque
392 2624 654 2655 consentanea
672 2630 740 2655 vos
756 2617 910 2662 doceat,
929 2630 1063 2655 necne.
1121 2618 1291 2656 Maxime
1308 2618 1462 2668 quidem
1479 2631 1565 2657 mea
1578 2633 1682 2660 nunc

225 2678 349 2727 agitur
369 2690 501 2723 causa,
520 2679 586 2728 qui
609 2690 697 2716 reus
722 2691 837 2728 agar:
867 2685 1130 2716 verumtamen
1154 2679 1268 2716 etiam
1292 2686 1418 2716 vestra
1446 2692 1524 2717 non
1553 2680 1680 2720 minus

223 2739 405 2775 interesse
433 2746 604 2785 autumo,
623 2745 667 2777 ut
690 2752 819 2778 causae
845 2739 1133 2777 homicidiorum
1161 2752 1209 2777 ex
1232 2752 1343 2790 aequo
1373 2746 1412 2778 et
1436 2753 1526 2779 vero
1555 2741 1679 2781 disce-

221 2805 400 2848 ptentur3
429 2799 619 2851 praecipue
643 2800 799 2851 quidem
821 2800 980 2838 deorum
1009 2813 1142 2847 causa,
1164 2813 1241 2850 quo
1268 2800 1401 2856 religio
1426 2802 1518 2853 ipsis
1547 2803 1677 2842 debita

223 2857 328 2898 salva
348 2866 532 2906 servetur,
554 2868 633 2899 tum
656 2868 779 2900 tamen
801 2861 913 2900 etiam
934 2861 1049 2899 vestri
1070 2873 1197 2900 causa.
1258 2862 1357 2899 Nam
1380 2869 1517 2913 praeter
1532 2864 1672 2903 famam
