1822 3219
181 174 253 216 100'
746 172 1048 211 ANDOClDlS

177 279 255 317 sive
275 276 430 314 minoris
448 281 608 327 spectet,
627 274 731 325 quod
752 275 878 313 adhuc
899 282 1023 313 ratum
1044 282 1084 312 et
1104 273 1272 311 validum
1293 274 1367 313 sit?
1415 275 1498 327 Ego
1517 276 1627 327 equi-

178 339 265 377 dem
280 336 382 375 haud
396 338 566 375 arbitror.
613 337 690 374 Sed
707 337 773 387 ipsi
793 349 858 373 vos
874 349 1030 387 quoque
1046 336 1242 373 vobiscum
1260 335 1372 373 velim
1387 337 1627 376 existimetis.

237 402 297 438 15.
326 398 470 436 Verum
500 399 699 436 videamus
726 411 827 435 nunc
855 411 1008 448 quoque
1038 397 1232 448 quomodo
1260 397 1366 435 vobis
1397 406 1532 437 vestrae
1561 399 1628 437 ha-

179 463 296 500 beant
311 459 612 512 injurejurando
632 459 850 509 religiones.
907 459 978 496 Jus
995 459 1147 510 quidem
1170 458 1263 496 illud
1279 459 1503 510 jurandum,
1523 461 1627 512 quod

180 524 369 561 universae
397 520 539 559 civitati
568 532 770 558 commune
800 526 874 563 est,
897 528 934 558 et
953 533 1030 570 quo
1049 533 1117 558 vos
1137 520 1208 571 ipsi
1230 528 1318 571 post
1346 521 1629 559 reconciliatam

181 584 342 636 gratiam
370 589 520 623 vosmet
548 581 818 628 obstrinxistis‚
848 582 901 619 sic
929 582 1067 619 babet:
1119 582 1432 633 Acceptarum
1470 582 1632 634 injuri-

172 659 303 705 'arum
331 644 500 684 nemini
527 655 603 681 ero
631 656 812 687 memor,
836 657 985 694 neque
1015 644 1240 682 ultionem
1269 658 1425 682 earum
1453 645 1496 682 in
1525 657 1633 696 quo-

181 723 314 761 quam
343 720 587 757 exsequar,
615 714 925 757 praeterquam
953 707 996 744 in
1027 707 1225 758 triginta
1253 709 1488 759 tyrannis,
1517 708 1636 746 etin

183 770 488 810 decemviris:
538 767 680 818 quid?
726 769 850 818 quod
890 768 1048 806 horum
1079 769 1280 820 ipsorum
1311 782 1398 807 non
1428 768 1635 808 ulciscar

183 846 276 878 eos,
303 833 339 870 si
370 831 448 883 qui
476 830 700 868 rationem
721 830 924 868 -reddere
952 831 1104 881 parati
1134 830 1228 868 sint
1255 844 1403 869 rerum
1434 843 1457 868 a
1485 843 1532 869 se
1562 843 1636 881 ge-

183 901 360 934 starum
403 892 458 930 iis
501 892 543 929 in
584 891 947 941 magistratibus
990 904 1104 942 quos
1148 905 1346 942 gessere.
1405 892 1484 930 Vos
1511 891 1639 943 igitur,

183 956 248 1004 qui
262 953 516 1008 jurejurando
534 953 862 998 confirmaveritis,
877 954 915 991 in
932 953 1022 1003 ipsis
1042 953 1139 990 adeo
1158 953 1314 1004 triginta
1335 953 1435 1000 viris,
1451 953 1515 1004 qui
1535 952 1638 990 mala

184 1019 292 1057 vobis
323 1025 500 1056 crearunt
530 1014 786 1059 atrocissima,
809 1015 1026 1053 memoriam
1058 1022 1304 1065 acceptarum
1332 1014 1552 1067 injuriarum
1571 1026 1638 1052 vos

184 1080 288 1118 baud
310 1091 393 1117 esse
413 1084 676 1120 renovaturos,
694 1076 722 1113 si
744 1089 870 1113 rerum
891 1089 913 1113 a
933 1089 973 1114 se
994 1084 1190 1126 gestarum
1220 1076 1403 1114 rationem
1426 1075 1637 1116 vobisred-

187 1143 307 1184 (lant;
334 1139 461 1177 multo
482 1138 608 1176 minus
629 1137 813 1176 censendi
833 1138 924 1175 estis
945 1150 1110 1188 unquam
1131 1137 1298 1175 voluisse
1329 1138 1548 1175 memoriam
1575 1150 1638 1176 ac-

185 1212 384 1256 ceptarum
414 1201 636 1252 injuriarum
667 1199 705 1236 in
739 1199 814 1236 alio
843 1199 1023 1249 quopiam
1049 1199 1187 1237 civium
1217 1205 1430 1237 vestrorum
1464 1211 1642 1237 exercere

189 1274 256 1304 aut
284 1265 322 1302 id
344 1264 502 1314 dignum
524 1262 628 1299 vobis
657 1261 865 1298 censuisse.
923 1261 1091 1297 Senatus
1122 1273 1250 1297 rursus
1280 1260 1356 1306 hic,
1376 1273 1489 1311 quem
1519 1259 1642 1297 nostis

190 1340 322 1366 omnes
352 1339 417 1376 per
450 1337 597 1362 annuas
632 1322 736 1360 vices
768 1322 816 1359 ad
851 1321 946 1372 reip.
979 1322 1129 1359 clavum
1165 1321 1366 1360 sedentem
1403 1320 1643 1371 publicaeque

191 1388 326 1427 salutis
347 1387 458 1424 frena
482 1385 774 1435 gubernantem,
793 1383 883 1433 quid
906 1383 936 1420 is
952 1383 1203 1434 jurejurando
1235 1383 1438 1421 confirmat
1457 1396 1498 1421 se
1517 1382 1645 1421 factu-

191 1449 304 1487 rum?
361 1448 520 1498 Neque
559 1446 801 1483 admittam
839 1445 925 1494 (ait)
962 1445 1195 1483 actionem
1233 1445 1465 1482 forensem
1503 1444 1646 1482 titulo

191 1511 419 1557 ἐνδείξεως
459 1521 606 1559 neque
642 1507 783 1544 titulo
821 1509 1076 1555 ἀπαγωγῆς
1111 1514 1280 1544 contra
1312 1505 1511 1556 aliquem
1540 1518 1647 1557 pro-

191 1580 293 1625 pter
332 1570 532 1610 antehac
568 1569 708 1617 facta,
746 1576 1057 1618 praeterquam
1096 1575 1261 1605 contra
1300 1566 1546 1605 damnatos
1575 1580 1647 1604 ex-

191 1635 301 1674 silii.
355 1633 435 1671 Vos
465 1631 645 1682 denique,
665 1629 936 1675 Athenienses,
964 1629 1027 1679 qui
1057 1628 1143 1666 lites
1177 1630 1351 1666 forenses
1372 1628 1505 1679 judicii
1533 1629 1649 1666 vestri

189 1694 417 1735 auctoritate
438 1692 677 1743 disceptatis,
695 1691 787 1742 quid
806 1692 972 1728 facturos
990 1703 1057 1728 vos
1072 1689 1327 1741 jurejurando
1347 1689 1560 1741 spondetis,
1581 1703 1648 1728 an-

193 1766 344 1808 tequam
367 1754 684 1807 adjudicandum
706 1751 979 1791 admittimini?
1027 1752 1128 1790 Non
1158 1765 1394 1802 exsequar
1423 1759 1650 1803 acceptas

194 1820 395 1873 injurias
434 1817 680 1856 simultate
719 1816 920 1860 memori,
959 1828 1106 1866 neque
1145 1815 1231 1852 ulli
1269 1815 1351 1852 alii
1385 1814 1653 1854 inhonestae

197 1881 546 1935 perturbationi
577 1879 753 1917 aditum
781 1879 835 1917 ad
866 1878 1064 1916 animum
1097 1890 1242 1914 meum
1272 1876 1392 1915 dabo
1422 1890 1445 1914 a
1471 1890 1561 1927 qua
1587 1877 1653 1915 in-

197 1955 519 1984 transversum
552 1954 676 1992 agar,
704 1939 784 1978 sed
818 1940 1103 1977 sententiam
1137 1938 1461 1988 pronuntiabo
1491 1951 1654 1977 secun-

197 2007 300 2044 dum
330 2003 463 2054 leges
492 2002 604 2039 fixas
634 2008 679 2038 et
706 2001 750 2038 in
779 2013 870 2052 rep.
901 2000 1186 2038 obtinentes.
1243 1999 1342 2043 Quae
1362 2012 1451 2037 cum
1473 1999 1654 2038 aioame

197 2079 266 2120 pro
286 2066 392 2104 vobis
417 2071 455 2102 et
483 2076 552 2114 pro
580 2063 731 2113 legibus
750 2062 885 2100 vestris
911 2060 1110 2112 disputari,
1129 2061 1243 2099 decet
1261 2073 1328 2098 vos
1354 2060 1540 2107 arbitrari,
1559 2073 1653 2099 num

197 2136 301 2168 recte
321 2139 434 2164 aiam.

256 2191 316 2229 16.
345 2190 432 2228 Jam
448 2187 704 2232 considerate,
721 2185 800 2231 viri,
815 2186 922 2236 leges
937 2198 1088 2236 quoque
1104 2192 1141 2222 et
1157 2191 1416 2230 accusatores,
1428 2184 1565 2235 quales
1582 2183 1654 2234 ipsi

200 2265 289 2291 cum
323 2251 413 2297 sint,
441 2250 536 2288 alios
569 2258 697 2286 tamen
732 2261 918 2286 accusare
949 2247 1132 2284 audeant.
1190 2247 1394 2297 Cephisius
1425 2246 1503 2292 hic,
1537 2246 1656 2285 vecti-

202 2313 288 2365 gale
304 2312 432 2362 aliquo
452 2312 499 2348 ab
519 2310 653 2347 aerario
673 2308 885 2359 redempto,
901 2322 986 2346 cum
1006 2309 1090 2360 ejus
1106 2308 1217 2345 titulo
1237 2308 1448 2358 nonaginta
1467 2308 1655 2346 minarum

201 2374 521 2414 contributionem
542 2385 565 2409 a
587 2370 732 2413 colonis
760 2370 862 2408 bunc
881 2370 1052 2407 Atticum
1080 2382 1213 2420 agrum
1242 2370 1508 2407 exercentibus
1538 2370 1656 2408 colle-

202 2437 336 2488 gisset,
355 2434 571 2472 mercedem
594 2433 685 2483 reip.
707 2439 858 2482 pactam
880 2444 955 2470 non
979 2431 1175 2482 dependit,
1196 2431 1359 2482 ideoque
1379 2432 1474 2483 fuga
1493 2431 1657 2469 salutem

202 2497 402 2551 quaesivit:
433 2508 519 2533 nam
542 2496 574 2532 si
593 2502 670 2531 tum
694 2493 856 2531 redisset
875 2495 981 2544 [ante
1001 2506 1121 2531 novas
1142 2493 1248 2544 leges
1274 2493 1391 2542 latas]
1411 2493 1545 2543 suique
1573 2505 1657 2531 cor-

202 2560 304 2612 poris
332 2558 488 2596 fecisset
513 2556 677 2606 copiam,
698 2555 812 2592 datus
837 2555 970 2605 utique
997 2555 1034 2592 in
1060 2567 1254 2593 carcerem
1273 2562 1311 2592 et
1330 2555 1446 2605 cippo
1477 2554 1657 2604 alligatus

202 2621 342 2659 fuisset
372 2617 571 2668 compede.
647 2616 709 2653 Sic
740 2616 837 2653 enim
869 2615 984 2653 edicit
1011 2615 1085 2661 lex,
1109 2624 1152 2652 ut
1183 2615 1332 2653 senatui
1359 2615 1658 2665 quingentorum

203 2684 365 2720 virorum
387 2680 514 2724 liceat,
533 2678 755 2729 quicunque
775 2677 972 2727 vectigalis
991 2689 1014 2714 a
1033 2690 1073 2714 se
1096 2676 1281 2727 redempti
1310 2676 1528 2714 mercedem
1552 2676 1658 2715 haud

206 2742 447 2794 dependerit,
460 2753 546 2779 eum
563 2740 611 2778 ad
630 2747 804 2777 truncum
827 2738 996 2788 alligare.
1054 2738 1140 2776 Hoc
1156 2745 1262 2775 tanto
1279 2730 1444 2773 facinore
1457 2738 1662 2778 commisso

207 2804 414 2854 Cephisius
434 2810 578 2846 tamen,
598 2800 703 2852 quod
721 2813 790 2838 vos
820 2799 976 2837 decreto
1005 2799 1185 2838 sanxistis
1214 2806 1256 2836 ut
1280 2798 1529 2849 magistratus
1548 2802 1664 2839 vestri

207 2865 419 2904 secundum
440 2864 547 2915 leges
568 2864 606 2900 in
627 2875 674 2900 ea
694 2861 934 2900 solummodo
955 2861 1124 2898 facinora
1151 2859 1468 2906 animadvertant,
1487 2874 1574 2911 quae
1595 2861 1662 2899 illo

208 2940 309 2966 anno
323 2925 479 2976 juniora
499 2926 574 2963 sint
601 2937 678 2975 quo
699 2923 880 2962 Euclides
902 2921 1107 2961 Archontis
1133 2921 1276 2960 honore
1302 2921 1458 2960 functus
1484 2929 1556 2970 est,
1575 2922 1664 2960 ideo
