1822 3219
237 155 286 190 80
810 156 1115 195 ANDOCIDIS

236 253 509 302 conditionem,
530 256 616 295 alibi
643 257 681 295 in
708 271 833 296 rerum
863 260 1031 297 omnium
1061 259 1258 298 affluentia
1276 261 1442 309 vivendi,
1463 262 1529 301 sed
1557 261 1626 308 sic,
1648 270 1692 302 ut

232 315 357 366 patria
387 317 594 356 carendum
622 318 711 356 mihi
741 320 812 357 sit:
844 320 965 358 multo
986 322 1180 360 enimvero
1199 321 1292 360 civis
1312 335 1386 374 ego
1405 323 1535 374 patriae
1558 324 1691 362 malim

232 391 335 424 esse,
356 392 472 431 quam
505 381 664 419 aliarum
692 381 906 428 civitatum,
927 383 1078 421 etiamsi
1105 383 1180 422 hac
1211 390 1325 422 aetate
1350 383 1550 422 nonnullae
1576 385 1692 424 rebus

232 440 369 479 florere
390 442 568 480 secundis
588 442 803 481 videantur.
862 442 949 481 Hac
969 456 1044 494 ego
1071 452 1199 483 mente
1219 451 1389 482 armatus
1409 445 1562 496 permisi
1579 447 1704 485 vobis·

231 514 372 553 corpus
392 515 532 547 meum,
553 504 602 541 de
622 517 700 554 quo
713 503 910 552 judicetis,
931 517 1070 555 rogans
1090 519 1173 551 vos,
1192 513 1233 543 ut
1255 506 1346 544 mihi
1373 519 1441 556 pro
1461 519 1524 544 me
1544 506 1689 546 dicenti

231 563 508 616 benigniorem,
524 578 636 616 quam
653 566 956 612 accusatoribus,
974 568 1144 618 praebere
1162 567 1284 606 velitis
1304 567 1569 612 audientiam·‚
1598 581 1688 607 cum

230 627 374 673 sciatis,
395 627 545 665 etiamsi
576 628 656 679 pari
688 627 888 678 diligentia
916 628 1048 666 ambas
1074 635 1201 678 partes
1222 627 1396 676 audiatis,
1418 628 1692 667 defendentem

231 697 359 729 tamen
372 690 460 729 loco
476 704 625 742 semper
639 704 725 728 esse
741 691 939 741 iniquiore.
997 690 1118 730 Alteri
1134 690 1235 728 enim
1254 691 1541 730 accusationem
1557 690 1693 737 edunt,

233 752 379 791 dudum
400 760 489 791 ante
508 767 555 791 ex
575 752 723 791 insidiis
752 751 1055 804 praemeditatam
1075 758 1114 790 et
1132 752 1398 804 compositam,
1418 765 1469 791 ex
1488 758 1587 800 tuto,
1605 765 1693 790 ver-

233 821 362 852 santes
386 814 457 866 ipsi
486 822 594 853 extra
616 813 853 866 periculum:
885 827 958 865 ego
977 826 1068 852 vero
1087 820 1193 852 metu
1214 814 1444 853 constrictus
1463 821 1505 853 et
1522 814 1694 866 periculo

233 883 381 928 septuS,
399 885 516 927 atque
535 876 694 914 infamia
713 877 873 915 obrutus
893 876 1071 923 maxima,
1085 876 1136 914 ad
1152 876 1226 915 mei
1245 876 1515 928 purgationem
1532 877 1693 915 accedo.

232 940 425 982 Quocirca
443 951 511 977 vos
533 938 659 987 decet,
675 951 768 990 erga
787 951 846 978 me
866 939 1004 978 animis
1025 939 1157 990 magis,
1178 952 1294 990 quam
1314 952 1408 991 erga
1426 945 1692 988 accusatores,

230 1001 492 1053 propendere:
522 1000 734 1052 praesertim
764 1001 796 1039 si
826 1001 1026 1053 reputetis,
1056 1000 1096 1039 id
1121 1001 1227 1052 quod
1255 1013 1324 1039 vos
1353 1007 1533 1053 reputare
1559 998 1691 1051 velim,

229 1076 332 1114 saepe
360 1063 505 1100 factum
534 1073 636 1105 esse,
658 1067 699 1099 ut
717 1070 981 1108 accusatores,
1001 1063 1065 1114 qui
1086 1076 1170 1100 reos
1196 1062 1417 1101 criminibus
1443 1062 1694 1115 plurimisque

227 1132 268 1162 et
297 1123 547 1162 atrocissimis
579 1129 820 1168 onerassent,
856 1123 986 1162 statim
1023 1130 1061 1162 et
1093 1122 1351 1162 incontinenti
1383 1129 1463 1162 tam
1493 1129 1626 1175 aperte
1654 1130 1694 1163 et

228 1185 373 1237 liquido
392 1184 681 1223 mendaciorum
700 1184 1033 1231 convincerentur,
1054 1192 1097 1224 ut
1114 1199 1181 1223 vos
1197 1184 1320 1223 multo
1338 1184 1522 1223 libentius
1541 1197 1698 1224 accusa—

228 1255 331 1286 tores
351 1246 716 1293 condemnaveritis,
734 1259 852 1297 quam
879 1252 1106 1289 accusatos3
1139 1259 1215 1284 non
1234 1258 1319 1284 raro
1345 1246 1435 1285 item
1454 1259 1528 1284 usu
1547 1246 1694 1294 venire,

229 1317 272 1348 ut
289 1309 376 1348 falsi
400 1315 535 1354 testes,
555 1320 644 1345 cum
670 1307 897 1345 testimoniis
917 1307 1117 1345 venalibus
1146 1313 1185 1345 et
1209 1307 1402 1346 ementitis
1432 1307 1609 1346 homines
1634 1307 1693 1345 in-

231 1361 363 1412 sontes
383 1384 450 1422 per
470 1370 578 1408 nefas
595 1368 868 1420 perdidissent,
887 1369 974 1407 falsi
993 1368 1202 1406 testimonii
1221 1381 1351 1406 coram
1371 1368 1480 1408 vobis
1509 1368 1602 1407 dicti
1626 1381 1692 1407 co-

228 1438 455 1485 arguantur,
475 1438 515 1470 at
532 1438 615 1469 tum
635 1430 805 1476 demum,
826 1443 945 1480 quum
962 1429 1002 1468 id
1016 1430 1097 1482 jam
1117 1430 1170 1467 nil
1191 1430 1375 1479 prodesse
1401 1429 1525 1481 possit
1549 1430 1607 1476 iis,
1627 1429 1694 1480 qui

229 1496 373 1536 malum
393 1494 648 1546 accepissent.
707 1492 864 1530 Errores
884 1491 999 1543 igitur
1018 1491 1242 1543 hujusmodi
1266 1503 1354 1530 cum
1383 1490 1555 1542 quotidie
1580 1490 1692 1532 innu-

228 1558 323 1597 meri
349 1556 539 1602 eveniant,
559 1560 861 1593 consentaneum
892 1560 953 1591 est
981 1566 1063 1598 vos,
1084 1552 1257 1591 nondum
1289 1552 1423 1591 audita
1451 1552 1694 1599 defensione,

229 1626 496 1661 accusatorum
519 1615 850 1655 criminationibus
875 1628 952 1653 non
979 1615 1154 1666 protinus
1178 1628 1325 1654 coecam
1351 1615 1469 1654 fidem
1489 1614 1691 1654 adhibere.

231 1681 338 1719 Nihil
357 1681 456 1719 enim
474 1678 579 1716 aliud
600 1691 646 1716 ex
673 1677 908 1715 accusatoris
928 1676 1103 1714 oratione
1124 1675 1218 1714 lIcet
1237 1676 1435 1727 colligere,
1455 1687 1573 1728 quam
1601 1675 1692 1725 hoc,

229 1743 423 1783 atrociane
449 1742 526 1780 sint
551 1754 599 1778 an
630 1739 771 1785 minus,
791 1752 952 1790 quorum
982 1751 1041 1776 me
1070 1744 1275 1777 accusator
1302 1751 1410 1777 reum
1434 1738 1692 1784 insimulavit;

226 1818 367 1844 verane
382 1809 508 1842 autem
530 1802 596 1839 illa
615 1801 692 1839 sint
712 1814 783 1839 nec
803 1814 865 1847 ne,
881 1800 919 1838 id
936 1813 1026 1838 vero
1046 1808 1230 1851 negatum
1249 1800 1356 1839 vobis
1374 1806 1434 1839 est
1452 1801 1557 1851 prius
1576 1799 1692 1839 intel-

229 1868 363 1919 ligere,
381 1878 497 1916 quam
517 1877 566 1902 ex
585 1876 643 1901 me
665 1862 903 1907 audiveritis,
923 1875 1009 1913 quae
1027 1875 1095 1914 pro
1116 1875 1175 1899 me
1196 1862 1343 1901 dixero.

282 1931 319 1966 2.
349 1929 438 1966 Jam
451 1926 620 1964 delibero
635 1938 798 1971 mecum,
816 1924 919 1963 unde
936 1925 1051 1962 ordiri
1066 1924 1331 1963 defensionem
1345 1924 1506 1964 debeam
1521 1937 1532 1969 ;
1564 1930 1691 1964 utrum

229 2006 252 2031 a
271 1991 477 2030 novissime
497 1988 620 2034 factis,
640 1988 716 2026 hoc
737 1995 810 2033 est,
831 1994 955 2025 utrum
977 2000 1044 2025 vos
1064 1987 1201 2025 docere
1229 1987 1393 2025 debeam
1421 1993 1692 2026 accusatorem

229 2059 364 2093 contra
378 2051 579 2090 formulam
587 2051 684 2102 juris
700 2051 739 2087 in
759 2051 841 2088 foro
856 2056 988 2088 nostro
1004 2049 1133 2086 usitati
1147 2049 1337 2087 actionem
1358 2048 1539 2096 ἐνδείξεως
1556 2048 1692 2087 adver-

230 2129 295 2154 sus
312 2127 373 2153 me
387 2113 619 2156 instituisse;
652 2125 702 2150 an
718 2111 928 2150 Isotimidae
949 2111 1146 2149 decretum
1167 2111 1316 2149 dudum
1333 2111 1562 2161 abrogatum
1583 2123 1689 2154 esse;

230 2192 293 2222 an,
309 2189 396 2227 quae
416 2176 522 2226 leges
542 2182 581 2213 et
600 2188 688 2225 quae
703 2181 821 2226 pacta
833 2172 1083 2224 jurejurando
1099 2173 1249 2210 sancita
1263 2172 1502 2210 accusationi
1516 2171 1606 2209 huic
1621 2172 1692 2210 ob-

230 2249 355 2284 stent;
387 2253 435 2278 an
455 2239 621 2289 denique
643 2252 664 2276 a
684 2238 870 2289 principio
889 2237 979 2274 inde
997 2242 1179 2287 repetens
1199 2243 1318 2274 totam
1338 2249 1417 2274 rem
1435 2243 1477 2274 ut
1492 2241 1606 2287 gesta
1620 2235 1693 2273 fuit

230 2304 363 2343 ordine
382 2313 582 2350 exsequar.
640 2299 778 2337 Dicam
804 2298 928 2345 vobis,
947 2297 1046 2335 hanc
1071 2297 1350 2335 dubitationem
1375 2296 1468 2348 quid
1498 2297 1692 2348 praecipue

229 2365 323 2404 mihi
341 2362 535 2415 injecerit:
567 2374 643 2398 non
666 2367 726 2398 est
747 2360 853 2398 vobis
874 2360 1050 2398 omnibus
1075 2372 1143 2410 par
1163 2367 1203 2396 et
1221 2359 1382 2410 aequalis
1402 2359 1453 2397 ad
1472 2359 1601 2397 omnia
1625 2371 1691 2398 ac-

229 2425 440 2468 cusationis
461 2423 588 2474 capita
614 2422 810 2466 severitas,
834 2421 902 2459 sed
929 2421 992 2458 alii
1015 2427 1185 2459 vestrum
1212 2420 1286 2459 hoc
1306 2420 1464 2466 crimen,
1484 2419 1549 2459 alii
1569 2419 1691 2467 aliud,

231 2496 322 2529 ante
343 2487 470 2526 omnia
490 2498 512 2523 a
532 2498 591 2523 me
611 2483 703 2521 dilui
725 2483 886 2534 cupiunt
903 2497 911 2526 ;
943 2483 1048 2533 atqui
1068 2482 1247 2520 omnibus
1269 2481 1382 2520 simul
1402 2494 1605 2520 occurrere
1625 2494 1692 2519 ne-

230 2559 365 2604 gatum
383 2557 454 2587 est.
511 2547 756 2596 Quapropter
777 2544 1109 2582 consultissimum
1130 2544 1247 2590 duco,
1268 2555 1329 2580 me
1351 2555 1374 2580 a
1391 2542 1578 2593 principio
1600 2542 1690 2580 inde

231 2625 374 2657 orsum,
405 2623 492 2661 quae
524 2615 635 2658 gesta
664 2612 767 2650 sunt,
793 2605 922 2643 omnia
952 2618 1144 2652 enarrare,
1175 2611 1292 2654 atque
1322 2615 1390 2640 vos
1421 2603 1576 2648 docere,
1598 2602 1690 2640 nihil

230 2675 484 2712 omittentem.
541 2669 666 2706 Recte
691 2665 791 2705 enim
814 2667 843 2703 si
864 2680 944 2704 rem
964 2667 1091 2705 edocti
1112 2674 1233 2705 totam
1253 2663 1433 2711 teneatis,
1452 2663 1564 2702 facile
1585 2665 1692 2704 vobis

231 2738 303 2775 erit
317 2736 593 2773 immanitatem
606 2730 897 2769 mendaciorum
913 2730 1119 2775 noscitare,
1134 2729 1271 2779 quibus
1287 2740 1348 2764 me
1362 2734 1610 2764 accusatores
1624 2739 1691 2778 op-

232 2810 407 2849 pressum
425 2796 562 2833 ierunt.
621 2792 802 2829 Confisus
822 2790 949 2841 itaque
969 2803 1035 2828 vos
1055 2802 1169 2840 {equa
1187 2796 1226 2826 et
1244 2801 1333 2826 vera
1352 2801 1439 2826 esse
1458 2788 1689 2839 pronuncia-

233 2866 354 2903 turos,
374 2865 414 2894 et
442 2856 490 2893 ad
511 2853 763 2906 judicandum
793 2851 1006 2889 accessisse
1033 2864 1120 2887 cum
1154 2849 1280 2887 animo
1306 2856 1441 2899 parato
1464 2855 1692 2900 argumenta

233 2919 433 2957 admittere
464 2926 578 2966 atque
612 2916 774 2965 probare
803 2926 861 2958 ea,
882 2925 1045 2963 quornm
1077 2912 1251 2948 firmitate
1282 2909 1401 2948 fretus
1421 2923 1493 2961 ego
1513 2910 1634 2948 mansi
1652 2910 1690 2948 in
