1822 3219
653 124 724 162 DE
755 124 1072 163 REPUBLICA.
1505 127 1577 164 367

191 230 226 264 ³.
257 226 409 264 Deinde
428 225 732 264 desiderantibus
752 226 807 263 eis
828 225 893 263 illa
911 239 998 276 quae
1019 225 1124 263 vobis
1144 227 1315 278 subjecta
1336 234 1438 274 sunt,
1456 241 1580 279 ecqua

135 287 278 326 c-ivitati
302 287 403 325 salus
425 287 550 324 futura
575 293 644 331 est,
676 286 745 323 nisi
766 286 967 324 fecerimus
996 299 1083 336 quae
1115 286 1394 326 Lacedaemonii
1418 288 1580 339 jubent?

140 347 222 398 Ego
241 360 330 385 vero
349 347 406 384 his
431 347 556 384 dicere
583 347 708 390 velim,
737 347 830 397 quid
860 347 1000 397 populo
1027 354 1251 385 eventurum
1283 349 1343 394 sit,
1372 350 1402 386 si
1432 350 1581 388 illorum

131 408 239 458 jussa
261 408 486 446 fecerimus?
543 409 609 444 Sin
637 408 775 451 minus,
796 408 915 444 multo
942 407 1168 445 laudabilius
1195 410 1264 445 erit
1289 412 1495 459 pugnando
1516 425 1580 449 oc-

138 470 316 506 cumbere
337 481 450 518 quam
472 475 630 504 mortem
658 468 765 504 nobis
801 468 988 505 sententia
1026 475 1064 505 et
1093 468 1247 505 decreto
1274 478 1404 507 nostro
1433 471 1581 509 inferre.

137 530 265 567 Credo
285 530 385 567 enim
404 529 433 566 si
455 541 530 566 non
559 529 820 577 persuadeam,
841 541 1041 566 commune
1067 530 1249 566 ambobus
1270 531 1582 579 [Atheniensibus

137 597 176 627 et
192 589 509 636 Lacedaemoniis}
524 589 666 626 instare
679 588 902 638 periculum.
950 588 1072 638 Cujus
1093 589 1294 625 sententiae
1314 598 1352 626 et
1373 591 1532 640 Argivos
1546 599 1585 631 et

140 648 405 686 Mantinenses
441 648 505 697 qui
543 661 652 684 suurn
688 648 809 684 solum
844 647 1017 685 incolunt
1048 661 1132 685 esse
1165 649 1289 693 video,
1318 649 1400 686 illos
1431 652 1584 701 quidem

140 709 437 748 Lacedaemoniis
459 710 727 753 conterminos,
758 710 825 745 hos
855 721 942 745 vero
975 722 1090 759 prope
1119 709 1323 746 admodum
1352 711 1584 758 habitantes,

138 769 223 807 illos
238 770 391 820 quidem
407 769 514 806 nobis
525 769 629 806 haud
651 769 789 819 plures,
806 768 876 805 hos
897 777 1023 806 autem
1040 769 1102 806 vix
1118 769 1187 806 tria
1204 770 1319 807 millia
1335 772 1584 821 complentes.

141 830 274 868 Sciunt
295 829 391 867 enim
408 843 462 874 se,
483 829 656 879 quamvis
678 842 782 879 saepe
802 829 839 865 hi
859 830 894 865 in
909 843 1018 866 suurn
1041 842 1171 879 agrum
1189 830 1463 880 sintirrupturi‚
1480 846 1582 884 saepe

139 891 252 928 etiam
275 890 433 941 sumptis
456 890 570 927 armis
598 890 671 927 illis
693 902 932 936 occursuros,
954 890 1050 927 adeo
1069 898 1111 928 ut
1126 891 1335 941 periculum
1356 892 1428 929 illis
1450 906 1583 943 parum

139 951 343 989 honestum
364 952 547 995 videatur,
574 950 722 988 etiamsi
741 951 906 997 vincent,
931 964 972 989 se
989 952 1152 995 servire;
1184 952 1213 988 si
1237 966 1325 990 vero
1346 954 1584 1003 superentur,

141 1011 251 1049 bonis
277 1025 316 1049 se
345 1012 594 1063 praesentibus
626 1011 800 1062 spoliari:
832 1020 977 1062 quanto
1005 1012 1141 1050 melius
1167 1020 1298 1063 agant,
1324 1021 1431 1052 tanto
1460 1016 1583 1066 magis

141 1074 349 1124 periculum
370 1073 600 1111 desiderant.

205 1135 242 1171 4.
274 1133 456 1183 Ejusdem
486 1140 523 1170 et
559 1146 626 1170 nos
651 1133 856 1183 aliquando
895 1133 1083 1183 opinionis
1117 1133 1270 1178 fuimus,
1311 1134 1584 1183 Athenienses,

141 1194 294 1245 quando
316 1194 540 1231 Graecorum
576 1194 824 1244 principatum
855 1194 1111 1236 habebamus3
1145 1201 1185 1231 et
1214 1196 1384 1245 profecto
1413 1205 1515 1235 recte
1544 1198 1584 1235 id

140 1255 263 1292 facere
279 1255 513 1298 videbamur,
534 1254 702 1304 quando,
723 1254 877 1304 regione
897 1261 1030 1292 nostra
1049 1268 1134 1305 quae
1153 1258 1374 1294 vastabatur
1393 1258 1582 1308 neglecta,

138 1318 367 1366 putabamus
388 1328 462 1352 non
484 1328 568 1353 esse
587 1328 655 1366 pro
668 1329 713 1353 ea
727 1315 1005 1354 dimicandum:
1037 1330 1189 1366 aequum
1211 1318 1308 1354 enim
1324 1325 1404 1356 erat
1423 1331 1502 1364 eos,
1517 1315 1584 1370 qui

140 1389 253 1426 parva
283 1376 519 1426 negligerent
547 1383 585 1413 et
612 1389 749 1426 pauca,
774 1383 812 1414 et
842 1378 989 1427 magnis
1020 1384 1059 1415 et
1089 1378 1215 1416 multis
1241 1379 1348 1416 bonis
1378 1380 1581 1418 abstinere.

138 1437 223 1475 Jam
238 1450 327 1474 vero
347 1450 432 1477 cum
454 1438 627 1474 omnibus
647 1437 720 1474 illis
749 1438 850 1475 bello
876 1438 979 1475 exuti
1012 1439 1143 1483 simus,
1165 1446 1203 1476 et
1221 1440 1304 1477 sola.
1331 1440 1439 1477 nobis
1460 1442 1583 1491 patria

138 1497 187 1536 sit
202 1498 343 1542 relicta,
364 1498 506 1535 scimus
533 1497 602 1535 hoc
630 1511 717 1535 vero
738 1498 907 1548 periculo
927 1511 1078 1536 ornnem
1098 1499 1230 1537 salutis
1257 1513 1361 1550 spem
1383 1502 1581 1540 contineri.

139 1558 216 1595 Sed
236 1566 397 1610 oportet,
416 1558 657 1596 recordantes
680 1559 782 1609 quod
803 1559 892 1596 olim
925 1560 1037 1597 etiam
1068 1560 1150 1596 aliis
1173 1562 1429 1599 succurrendo
1447 1562 1583 1612 injuria

138 1618 299 1664 affectis,
321 1619 356 1655 in
378 1627 477 1656 terra
503 1619 622 1656 altera
645 1619 764 1656 multa
785 1626 930 1669 tropaea
946 1621 993 1657 de
1014 1620 1187 1658 hostibus
1203 1623 1447 1668 erexerimus,
1466 1624 1581 1662 etiam

136 1681 238 1718 viros
253 1693 322 1716 nos
338 1681 505 1729 praebere
526 1680 615 1716 dum
642 1693 708 1729 pro
739 1680 859 1730 patria
886 1688 924 1717 et
944 1694 1012 1730 pro
1032 1681 1141 1717 nobis
1170 1681 1262 1731 ipsis
1282 1692 1487 1729 certamus,
1508 1685 1581 1723 diis

137 1741 372 1779 confidentes
394 1747 432 1777 et
451 1740 850 1789 sperantesjustitiam
876 1753 964 1777 cum
992 1741 1126 1790 injuria
1147 1741 1293 1779 affectis
1322 1744 1580 1783 militaturam.

138 1802 254 1839 Esset
284 1800 382 1837 enim
415 1800 605 1843 acerbum,
636 1799 907 1844 Athenienses,
936 1799 1090 1849 quando
1124 1801 1278 1838 exsules
1312 1802 1464 1848 fuimus,
1492 1818 1580 1841 cum

136 1861 423 1899 Lacedemoniis
439 1859 679 1903 contendere,
699 1867 742 1896 ut
761 1867 1032 1898 reverteremur
1050 1874 1060 1902 ;
1091 1874 1262 1898 reversos
1284 1876 1372 1899 vero
1392 1864 1527 1901 iterum
1542 1866 1580 1902 in

136 1923 310 1961 exsilium
333 1922 408 1972 agi,
427 1935 475 1959 ne
495 1921 656 1971 amplius
674 1934 901 1971 pugnemus.
970 1922 1105 1958 Nonne
1127 1923 1240 1973 igitur
1259 1931 1368 1975 turpe
1387 1925 1468 1970 erit,
1494 1933 1579 1964 tan-

138 1988 216 2020 tum
249 1996 318 2020 nos
352 1982 551 2019 admittere
579 1982 762 2027 dedecus,
792 1990 833 2020 ut
866 1995 953 2021 cum
983 1984 1145 2033 majores
1177 1985 1289 2022 etiarn
1325 1999 1391 2035 pro
1419 1987 1579 2024 aliorum

139 2043 363 2082 Graecorum
387 2044 558 2081 libertate
583 2044 851 2094 pugnaverim,
871 2057 938 2083 vos
965 2057 1055 2083 vero
1082 2059 1151 2096 pro
1171 2054 1297 2084 vestra
1327 2048 1489 2098 ipsorum
1506 2061 1577 2099 pu-

137 2118 255 2156 gnare
275 2117 350 2143 non
371 2104 567 2143 audeatis?
595 2104 615 2125 ³⁶
645 2105 665 2124 ³⁵
695 2104 715 2124 *¹

785 2443 918 2470 runs.

310 2823 458 2853 Londini:
482 2822 671 2863 imprimebat
682 2823 711 2853 J.
728 2824 762 2852 F.
779 2823 876 2852 Dovn
889 2821 918 2850 in
934 2831 1003 2851 urea
1018 2831 1084 2859 quae
1099 2824 1146 2849 est
1164 2819 1238 2849 Divi
1256 2820 1390 2850 Ioannis.
