1911 3248
273 215 317 248 18
796 208 1166 246 ANT1PHONT1s

378 371 414 405 3.
437 367 749 406 ACCUSATIO
780 367 1087 404 POSTERIOR
1119 362 1372 402 EJUSDEM
1403 334 1610 399 CAUSAE.

838 456 1155 486 ARGUMENTUM.

320 524 398 560 Quoe
418 534 435 552 a
457 535 508 553 reo
524 524 607 553 dicta
625 527 705 558 sunt,
735 524 762 552 in
786 523 840 551 liae
863 521 1000 551 oratione
1029 521 1184 559 Antiphon
1205 519 1330 553 refellit,
1361 517 1479 556 qnando
1511 524 1608 554 neque
1639 511 1721 543 servi

277 574 483 603 testimonium
517 574 638 604 infidele
662 579 693 603 et
720 573 899 602 incredibile
928 577 986 606 est,
1012 582 1108 610 neque
1133 581 1301 609 quanquam
1330 570 1418 599 dives
1445 572 1528 598 esset
1556 570 1587 595 et
1609 563 1724 594 nobilis

277 623 478 662 improbabile
500 635 568 654 eum
600 624 796 653 homicidium
828 622 948 657 secisse,
972 627 1135 660 propterea
1157 622 1245 650 bunis
1277 619 1529 659 periclitaturum.
1576 613 1726 654 Proposi-

279 674 376 703 tiones
401 685 472 704 vero
496 685 551 714 pen·
576 675 778 704 inversionem
806 673 915 702 diluit:
940 672 991 701 illo
1018 682 1145 711 namque
1174 671 1317 705 diceudo,
1346 669 1454 698 infelix
1482 677 1560 702 sum,
1584 663 1721 698 invertit,

280 723 388 753 dicens
404 725 605 754 calamitatem
622 725 680 754 sibi
698 724 758 762 ipsi
773 723 882 752 damno
897 733 974 752 csse.

334 838 564 877 INJumAM
588 839 717 888 utique
735 838 797 875 hic
817 837 907 874 facit
928 836 1160 873 infelicitatis
1181 835 1340 880 numini,
1361 833 1464 885 quod
1485 832 1548 870 ille
1567 837 1728 882 praeten-

284 898 378 935 dens
410 899 604 948 piaculare
637 911 748 936 suum
782 898 931 935 facinus
965 897 1193 933 obumbrare
1227 903 1413 936 conatur;
1445 905 1569 942 neque
1599 896 1728 947 vestra

283 959 424 1009 dignus
449 966 521 1004 est,
544 959 709 1007 Judices,
733 957 1006 1002 misericordia,
1032 957 1096 1007 qui
1128 969 1216 994 cum
1247 963 1487 1007 peremptum
1509 953 1729 992 calamitate

284 1021 446 1070 perculit
465 1034 550 1071 quae
571 1034 658 1058 eum
679 1020 836 1057 invitum
863 1026 901 1056 et
926 1025 1205 1069 repugnantem
1232 1018 1280 1055 de
1308 1017 1433 1055 medio
1458 1015 1628 1065 sustulit,
1647 1020 1729 1051 tum

285 1086 408 1117 semet
444 1081 525 1130 ipse
563 1080 602 1117 in
644 1079 849 1117 discrimen
891 1078 1055 1128 conjecit
1098 1077 1196 1115 ultro
1243 1076 1479 1114 arcessitum.
1537 1071 1731 1125 Superiori

285 1140 454 1177 oratione
473 1140 628 1190 planum
648 1140 734 1184 feci,
756 1144 998 1190 peremptum
1032 1144 1207 1175 nostrum
1239 1136 1374 1187 procul
1407 1136 1510 1173 omni
1537 1134 1653 1172 dubio
1684 1133 1733 1170 ab

283 1199 399 1249 hujus
432 1200 484 1237 rei
512 1201 610 1237 ferro
642 1199 855 1237 cecidisse:
886 1211 989 1236 nunc
1023 1205 1150 1235 autem
1181 1197 1339 1247 planum
1370 1196 1495 1233 facere
1512 1195 1586 1232 hac
1612 1194 1734 1232 altera

285 1271 373 1296 mea
405 1260 650 1297 accusatione
679 1260 862 1303 conabor,
884 1259 1027 1295 crimen
1057 1257 1129 1294 hoc
1151 1258 1199 1294 ab
1219 1269 1264 1294 eo
1284 1269 1361 1294 non
1388 1255 1455 1301 ita,
1477 1263 1519 1292 ut
1546 1268 1613 1306 par
1640 1261 1735 1299 erat,

287 1319 491 1370 depulsum
510 1333 608 1358 esse.
665 1321 748 1370 Age
774 1320 901 1369 itaque
923 1324 1152 1368 argumenta
1182 1318 1263 1368 ejus
1298 1317 1490 1355 libremus.
1548 1316 1626 1353 Fac
1645 1327 1736 1365 ergo

286 1392 415 1416 verum
443 1392 540 1426 esse,
559 1379 662 1429 quod
693 1380 757 1424 ait,
787 1392 810 1416 a
839 1379 1052 1416 latronibus
1083 1390 1150 1415 eos
1183 1377 1301 1415 fuisse
1327 1377 1542 1427 jugulatos,
1575 1376 1735 1426 illosque

285 1439 468 1484 latrones,
487 1453 509 1476 a
529 1440 739 1490 spoliandis
760 1438 1012 1478 cadaveribus
1034 1437 1236 1488 impeditos
1256 1438 1473 1475 interventu
1493 1436 1736 1487 quorundam

286 1512 383 1549 quos
404 1500 453 1536 ad
475 1513 515 1537 se
530 1500 710 1538 advenire
729 1499 927 1544 vidissent,
940 1500 1033 1549 fuga
1053 1499 1217 1536 salutem
1233 1498 1469 1549 quaesivisse,
1485 1497 1540 1534 nil
1554 1503 1734 1534 curantes

286 1562 512 1600 vestimenta
548 1562 622 1599 illis
661 1561 874 1600 detrahere.
934 1561 1041 1599 Esto.
1100 1561 1318 1599 Invenerint
1355 1560 1394 1597 hi
1437 1558 1732 1598 intervenientes

287 1621 422 1659 herum
435 1623 516 1672 jam
537 1622 818 1659 exanimatum:
850 1622 955 1671 atqui
975 1621 1161 1659 famulum
1182 1629 1311 1659 tamen
1339 1620 1586 1659 inveniebant
1607 1619 1737 1658 adhue

289 1682 496 1732 spirantem
516 1690 555 1720 et
573 1684 630 1720 sui
650 1682 846 1720 conscium
862 1698 872 1726 ;
902 1682 1004 1719 hunc
1024 1689 1126 1719 certe
1143 1682 1348 1732 diligenter
1367 1681 1671 1732 interrogassent
1689 1681 1738 1720 de

290 1741 507 1784 homicida;
537 1743 703 1780 famulus
723 1756 833 1780 veros
854 1742 969 1780 caeclis
1004 1749 1179 1780 auctores
1208 1743 1419 1780 indicasset
1438 1743 1540 1780 bona
1558 1742 1657 1787 fide;
1686 1742 1738 1789 hi,

290 1813 330 1838 re
350 1810 559 1852 comperta,
579 1804 732 1840 nomina
751 1803 1022 1841 sceleratorum
1053 1804 1100 1840 ab
1127 1803 1191 1841 illo
1213 1802 1316 1840 edita
1336 1803 1385 1841 ad
1405 1815 1476 1841 nos
1508 1802 1740 1850 retulissent,

292 1862 402 1899 etsie
422 1862 515 1900 liber
544 1876 564 1900 a
598 1863 713 1913 culpa
742 1876 829 1901 reus
860 1862 922 1900 hic
952 1864 1172 1901 mansisset.
1231 1863 1321 1901 Non
1357 1864 1487 1913 placet
1513 1863 1614 1902 hoc?
1661 1865 1740 1902 Fac

291 1933 394 1972 ergo,
422 1930 658 1973 peremptum
689 1923 782 1961 alios
809 1923 997 1973 quosdam
1030 1923 1068 1959 in
1097 1923 1268 1961 facinore
1295 1923 1397 1961 malo
1424 1923 1630 1970 videntem,
1651 1924 1739 1963 ideo

291 1980 413 2018 fuisse
433 1982 481 2019 ab
502 1982 560 2019 his
582 1982 773 2020 sublatum
806 1996 854 2021 ne
885 1983 1062 2020 facinoris
1093 1983 1206 2034 hujus
1240 1983 1356 2020 index
1388 1984 1518 2021 fieret:
1548 1984 1655 2034 atqui
1686 1985 1740 2023 sic

293 2041 420 2079 caedes
440 2041 589 2088 horum,
607 2042 686 2080 heri
701 2043 923 2093 famulique,
943 2056 1019 2081 non
1040 2043 1124 2080 sine
1139 2043 1296 2081 istorum
1310 2043 1478 2082 facinore
1498 2043 1741 2084 innotuisset.

295 2100 371 2143 Qui
389 2114 515 2151 praeco
535 2102 679 2140 caedem
701 2103 998 2153 promulgasset,
1016 2102 1119 2140 idem
1139 2115 1215 2140 una
1233 2115 1386 2153 quoque
1411 2103 1562 2141 facinus
1580 2104 1743 2142 scelera-

295 2167 418 2198 torum
441 2161 736 2212 promulgasset,
757 2163 865 2200 etsie
883 2163 921 2199 in
941 2162 1011 2201 hos
1032 2162 1268 2201 incubuisset
1289 2163 1468 2214 suspicio,
1488 2176 1565 2201 non
1584 2164 1624 2201 in
1641 2164 1743 2203 hunc

295 2233 416 2258 reum.
472 2221 591 2259 Porro
610 2222 669 2259 fac
688 2230 883 2273 perempto
903 2223 998 2260 alios
1018 2236 1172 2273 quoque
1187 2222 1303 2260 fuisse
1323 2222 1510 2269 inimicos,
1531 2223 1600 2261 sed
1620 2225 1743 2264 mino-

296 2281 400 2317 ribus
422 2281 468 2318 ab
488 2281 552 2319 illo
572 2282 714 2332 injuriis
736 2280 893 2320 affectos
914 2295 1038 2333 neque
1053 2283 1090 2319 in
1108 2289 1256 2320 tantum
1277 2283 1413 2333 capitis
1428 2283 1744 2337 fortunarumque

296 2339 503 2378 discrimen
531 2341 736 2387 adductos,
756 2349 872 2391 atque
892 2342 953 2380 hic
973 2355 1059 2379 reus
1080 2355 1102 2380 a
1119 2350 1314 2393 perempto
1343 2343 1427 2380 fuit.
1482 2344 1568 2394 Age
1596 2346 1744 2384 caedem

299 2400 381 2450 ejus
419 2401 475 2438 his
508 2402 761 2452 imputemus:
791 2403 895 2452 atqui
920 2409 1050 2440 mente
1083 2403 1320 2440 comminisci
1359 2415 1436 2440 non
1474 2417 1646 2454 possum,
1679 2408 1745 2458 qui

298 2461 495 2510 potuerint
525 2463 669 2500 minore
711 2462 750 2498 in
782 2462 999 2499 discrimine
1038 2470 1235 2501 versantes
1274 2464 1443 2501 animum
1480 2464 1675 2514 inducere,
1705 2475 1748 2505 ut

300 2522 424 2571 magis
442 2521 556 2572 hujus
577 2522 763 2573 perempti
782 2523 869 2559 vitae
889 2522 1172 2567 insidiarentur,
1194 2536 1307 2573 quam
1327 2523 1402 2568 hic,
1424 2523 1485 2561 cui
1513 2525 1635 2575 majus
1654 2527 1749 2577 peri-

302 2580 430 2618 culum
465 2582 512 2618 ab
547 2582 628 2632 ejus
664 2582 756 2626 vita,
792 2583 824 2619 si
857 2581 999 2620 diutius
1037 2582 1309 2629 extraheretur,
1341 2582 1589 2633 impenderet.
1646 2585 1750 2624 Huic

302 2655 426 2693 neque
447 2649 569 2680 metus
588 2643 743 2693 periculi
771 2644 818 2680 ab
848 2642 1053 2681 homicidio
1080 2644 1287 2681 commisso
1321 2656 1364 2681 so
1397 2643 1601 2690 manentis,
1624 2657 1749 2696 neque

305 2703 528 2753 recogitatio
559 2703 706 2754 injuriae
737 2710 851 2752 atque
879 2703 1088 2741 atrocitatis
1121 2712 1160 2741 et
1189 2703 1373 2742 foeditatis
1401 2716 1478 2753 qua
1496 2716 1537 2741 se
1557 2711 1658 2742 esset
1677 2705 1751 2744 hac

306 2762 413 2799 caede
443 2763 629 2812 patranda
659 2763 1022 2809 commaculaturus‚
1041 2763 1140 2801 sitim
1172 2764 1370 2813 sanguinis
1401 2762 1623 2802 effundendi
1660 2766 1752 2804 satis

308 2822 547 2872 exstinguere
584 2831 759 2876 poterat3
799 2824 948 2861 illorum
989 2830 1115 2862 autem
1151 2824 1383 2862 simultatem
1419 2830 1536 2874 atque
1572 2824 1751 2864 vindictae
