1822 3219
245 158 321 194 2¹28
897 160 1066 198 LYSIAE

244 262 277 299 ei
296 273 371 299 non
393 261 517 299 minus
537 261 718 301 infestum
740 263 873 307 fuisse,
894 276 1009 314 quam
1039 269 1106 300 aut
1126 261 1266 300 Critias
1287 268 1354 299 aut
1374 261 1471 300 alius
1486 263 1706 314 quicunque

248 323 590 374 Trigintavirorum
610 324 698 362 fuit.
757 325 913 376 Frigida
935 325 1130 362 enimvero
1151 323 1216 360 illa
1231 330 1291 360 est
1304 322 1574 361 Eratosthenis
1592 336 1708 362 excu-

244 385 357 430 satio,
383 385 568 423 insidiosa
593 386 801 424 simulatio.
861 387 975 436 Reip.
1003 393 1150 437 partem
1178 385 1345 436 aliquam
1372 386 1402 423 si
1429 398 1516 423 cum
1550 385 1707 424 Themi-

246 447 367 485 stoele
388 447 746 499 gesisset,jactaret
766 448 847 485 sine
868 448 985 485 dnbio
1007 461 1114 485 suam
1136 461 1223 485 cum
1248 447 1511 485 Themistocle
1532 459 1706 485 commu-

242 509 397 546 nionem
417 522 595 547 curarum
617 510 653 546 in
674 510 822 547 moeniis
840 510 1082 547 exstruendis
1103 509 1395 560 postularetque
1411 509 1498 546 ideo
1517 508 1554 545 in
1572 507 1707 559 gloriae

243 582 399 621 quoque
431 571 748 621 praemiorumque
782 583 870 609 cum
902 584 949 609 eo
981 571 1290 609 communionem
1321 571 1492 609 admitti:
1523 570 1708 608 credibile

242 632 398 681 quidem
422 640 481 669 est
501 632 538 669 id
568 646 656 670 eum
677 633 868 671 facturum
894 646 994 677 esse,
1022 633 1102 684 qui,
1121 647 1208 670 cum
1239 633 1479 670 Theramene
1498 632 1708 670 communi-

241 701 329 732 cata
358 694 428 732 sibi
455 707 541 731 eum
563 694 687 745 jactet
711 696 886 740 consilia,
917 695 982 733 illo
1003 709 1089 733 cum
1110 696 1363 739 Theramene,
1387 696 1423 732 in
1450 707 1563 745 quem
1584 706 1704 731 unum

241 756 407 794 maxime
446 756 683 794 conferenda
713 765 773 794 est
798 758 911 809 culpa
943 758 1220 796 devastationis
1255 758 1435 795 moenium
1468 765 1703 802 nostrorum,

238 825 368 856 tamen
401 831 605 869 poenarum
637 818 728 856 item
760 820 1071 857 communionem
1104 833 1126 858 a
1157 821 1399 858 Theramene
1429 819 1502 856 hoc
1534 818 1705 856 facinore

238 881 460 918 meritarum
491 881 694 919 detrectat.
752 881 843 920 Non
870 882 969 920 enim
1000 881 1174 933 profecto
1207 882 1297 918 mihi
1331 894 1400 932 par
1426 880 1520 918 illud
1537 881 1703 918 virorum

238 942 536 992 [Themistocles
562 950 602 980 et
629 943 911 992 Theramenes]
942 945 1050 994 paria
1070 944 1229 994 praemia
1254 944 1443 981 factorum
1470 952 1548 980 tam
1571 942 1702 992 dispa-

208 1012 211 1015 “
235 1004 333 1041 rium
359 1003 543 1042 meruisse
567 1004 741 1042 videtur:
772 1005 844 1042 iste
874 1005 974 1043 enim
1000 996 1134 1042 invitisv
1153 1003 1454 1042 Lacedaemoniis
1479 1004 1611 1041 urbem
1633 1016 1701 1041 no-

235 1072 353 1102 stram
372 1065 517 1102 moeniis
536 1067 753 1116 consepsit3
781 1066 845 1104 hic
860 1080 950 1104 vero
969 1066 1109 1104 moenia
1129 1079 1151 1102 a
1170 1065 1429 1103 Themistocle
1448 1064 1605 1118 condita
1619 1065 1703 1102 solo

237 1127 418 1177 aequavit,
450 1126 638 1165 machinis
657 1127 787 1164 diruta
805 1128 1088 1179 praestigiarum
1118 1127 1270 1164 illarum
1290 1126 1431 1178 quibus
1457 1125 1609 1177 plebem
1629 1125 1703 1163 cir-

238 1195 501 1226 cumvenerat.
558 1188 702 1225 Verum
735 1201 846 1226 secus
878 1189 1006 1226 evenit
1024 1189 1118 1240 reip.
1140 1197 1254 1240 atque
1282 1201 1352 1238 par
1377 1194 1471 1225 erat.
1528 1186 1604 1225 Par
1621 1193 1705 1225 erat

235 1263 313 1287 una
340 1264 428 1287 cum
461 1249 704 1288 Theramene
734 1251 858 1289 socios
890 1264 1048 1302 quoque
1081 1252 1236 1302 perisse,
1263 1251 1335 1288 nisi
1366 1250 1397 1288 si
1423 1250 1565 1301 quibus
1585 1250 1634 1288 ab
1655 1261 1704 1287 eo

234 1311 412 1363 sejuncta
442 1311 603 1349 consilia
626 1319 665 1348 et
693 1312 871 1349 instituta
899 1313 1089 1350 fuissent:
1112 1313 1195 1363 jam
1228 1324 1317 1349 vero
1345 1311 1457 1348 video
1483 1324 1562 1348 non
1584 1324 1607 1348 a
1625 1311 1702 1349 reis

235 1374 353 1413 modo
380 1375 580 1413 criminum
603 1389 743 1413 nomen
764 1376 1016 1415 Theramenis
1037 1377 1087 1414 ad
1109 1377 1310 1414 criminum
1330 1375 1574 1413 defensiones
1594 1388 1704 1413 usur-

233 1438 329 1486 pari,
359 1449 490 1474 verum
520 1437 635 1474 etiam
666 1437 872 1475 familiares
894 1441 976 1486 ejus
998 1438 1116 1476 veluti
1136 1451 1215 1475 rem
1235 1437 1306 1475 sibi
1331 1438 1502 1474 debitam
1527 1450 1701 1487 poscere,

235 1506 278 1535 ut
314 1499 350 1535 in
390 1498 581 1549 dignitate
620 1506 738 1549 atque
779 1500 990 1537 honoribus
1030 1506 1258 1543 versentur:
1289 1499 1401 1550 quasi
1440 1498 1703 1537 Theramenes

232 1561 364 1599 multis
405 1561 634 1612 magnisque
662 1562 897 1600 ornamentis
931 1575 1050 1613 remp.
1084 1561 1336 1612 cumulasset,
1373 1574 1449 1598 non
1483 1561 1704 1611 ingentibus

232 1624 414 1662 cladibus
433 1624 639 1670 obruisset,
674 1624 720 1669 is,
750 1624 816 1674 qui
841 1624 1006 1676 primum
1029 1625 1186 1674 quidem
1215 1637 1316 1660 unus
1339 1623 1510 1661 omnium
1538 1622 1702 1661 maxime

234 1687 400 1737 priorem
425 1686 656 1737 optimatum
677 1685 917 1723 dominatum
938 1686 1115 1724 condidit
1139 1699 1199 1731 eo,
1227 1685 1332 1736 quod
1353 1691 1486 1722 auctor
1505 1685 1613 1722 vobis
1640 1692 1702 1722 est

232 1749 363 1786 factus
393 1748 494 1785 illius
521 1747 720 1798 regiminis
750 1760 826 1798 quo
856 1748 916 1785 usi
943 1761 1076 1785 sumus
1098 1747 1402 1798 Quadringentis
1423 1746 1702 1784 obtinentibus.

235 1811 356 1849 Pater
386 1810 542 1861 quidem
565 1810 831 1855 Theramenis,
860 1817 995 1860 utpote
1017 1810 1081 1861 qui
1102 1818 1183 1847 tum
1205 1810 1242 1847 in
1261 1821 1420 1846 numero
1442 1808 1698 1846 Probulorum

233 1881 351 1919 esset,
379 1873 464 1910 haec
485 1872 685 1922 agitabat:
716 1872 798 1922 ipse
817 1885 909 1909 vero
929 1873 1202 1917 Theramenes,
1234 1870 1340 1921 quod
1371 1870 1564 1909 videretur
1589 1870 1702 1909 liber-

233 1932 326 1975 tatis
345 1936 528 1988 imprimis
549 1935 747 1973 studiosus
769 1949 868 1982 esse,
892 1937 1093 1986 Strategus
1115 1949 1136 1973 a
1155 1942 1264 1986 patre
1285 1934 1411 1972 dictus
1434 1941 1507 1972 est.
1565 1934 1701 1971 Donec

232 2000 350 2050 igitur
367 1999 405 2036 in
420 1998 608 2049 dignitate
623 2011 816 2048 carusque
836 1999 943 2036 vobis
957 2006 1040 2036 erat
1058 1999 1330 2041 Theramenes,
1343 1997 1460 2035 fidem
1481 2010 1588 2035 suam
1605 1996 1700 2047 reip.

233 2061 486 2113 approbavit:
517 2066 726 2112 postquam
746 2068 877 2098 autem
906 2060 1139 2098 Pisandrum
1162 2068 1201 2099 et
1221 2059 1504 2099 Callaeschrum
1526 2059 1700 2110 aliosque

233 2125 305 2162 sibi
324 2124 422 2162 vidit
441 2123 634 2169 anteferri,
665 2130 912 2173 vestramque
931 2122 1083 2173 plebem
1102 2123 1173 2173 ipsi
1198 2123 1375 2173 patrique
1394 2134 1527 2172 parere
1557 2120 1700 2159 diutius

233 2186 352 2233 nolle,
380 2186 431 2223 ibi
454 2198 542 2224 cum
570 2184 781 2222 invidentia
806 2197 899 2235 erga
928 2184 1107 2222 Pisandri
1134 2184 1341 2221 factionem
1363 2190 1444 2237 turn
1464 2189 1567 2219 metu
1589 2181 1702 2218 vestri

233 2261 393 2286 causam
428 2255 467 2285 et
502 2247 632 2285 studia
664 2238 753 2284 cum
783 2246 1022 2284 Aristocrate
1049 2246 1298 2283 consociavit.
1357 2245 1446 2286 Quo
1468 2252 1597 2281 autem
1618 2243 1699 2294 opi-

230 2311 385 2348 nionem
405 2309 496 2346 fidei
525 2309 574 2346 de
596 2321 637 2346 se
657 2308 759 2358 plebi
778 2308 964 2359 injiceret,
985 2307 1264 2358 Antiphontem
1285 2313 1324 2344 et.
1343 2306 1698 2357 Archeptolemum‚

232 2372 407 2410 homines
429 2370 500 2408 sibi
520 2369 788 2415 amicissimos,
808 2382 830 2406 a
849 2383 891 2407 se
913 2377 1119 2407 accusatos
1151 2376 1272 2406 morte
1294 2369 1514 2406 damnavit:
1543 2381 1590 2406 eo
1611 2380 1699 2419 pro-

233 2439 401 2471 cesserat
420 2431 674 2482 improbitatis
691 2438 730 2468 et
750 2430 933 2482 perfidiae,
954 2438 998 2468 ut
1016 2431 1116 2468 idem
1132 2443 1201 2481 per
1221 2443 1328 2468 suam
1345 2443 1431 2467 cum
1448 2430 1520 2467 illis
1536 2429 1699 2467 familia-2

237 2496 391 2533 ritatem
411 2505 480 2531 vos
501 2492 740 2546 subjugaret,
775 2503 814 2530 et
832 2506 899 2543 per
919 2492 1033 2531 fidem
1055 2505 1171 2543 quam
1192 2505 1261 2530 vos
1282 2492 1316 2529 ei
1335 2491 1534 2529 habebatis
1556 2490 1700 2529 amicos

229 2556 406 2594 homines
422 2554 508 2593 neci
529 2553 659 2592 daret:
691 2567 819 2604 neque
839 2562 968 2592 tamen
987 2555 1080 2592 satis
1098 2554 1235 2591 habuit
1254 2553 1399 2592 amicos
1419 2565 1441 2590 a
1463 2565 1505 2590 se
1524 2564 1700 2604 pessum-

233 2618 331 2664 dari,
351 2624 502 2656 vosmet
520 2617 624 2667 ipsos
646 2615 744 2653 adeo
765 2616 1043 2665 pessumdedit.
1102 2616 1271 2653 Summis
1290 2614 1500 2652 honoribus
1535 2628 1558 2652 a
1590 2615 1699 2653 vobis

234 2688 373 2720 auctus
392 2682 618 2730 habensque
636 2679 676 2716 in
695 2678 874 2716 manibus
895 2679 1041 2716 credita
1063 2692 1143 2716 suae
1174 2678 1263 2716 fidei
1284 2677 1496 2728 gravissimi
1516 2678 1699 2716 momenti

231 2744 402 2794 negotia,
433 2755 511 2793 qua
529 2753 650 2792 remp.
673 2747 911 2778 servaturum
930 2740 1032 2778 ultro
1053 2740 1275 2791 recepisset,
1309 2752 1393 2776 earn
1414 2739 1497 2789 ipse
1518 2739 1597 2776 suis
1618 2752 1698 2777 ma-

232 2805 347 2842 nibus
366 2805 516 2849 evertit,
537 2815 584 2841 eo
605 2801 712 2853 quod
728 2815 768 2839 sc
788 2801 976 2852 reperisse
991 2801 1158 2853 jactaret
1173 2815 1249 2839 rem
1265 2801 1462 2850 ingentem
1483 2801 1700 2851 summique

231 2865 462 2904 faciendam.
521 2864 748 2915 Spondebat
774 2876 911 2914 nempe
943 2876 1076 2914 pacem
1109 2876 1224 2914 opera
1254 2876 1324 2900 sua
1354 2875 1376 2900 a
1397 2855 1699 2901 Lacedaemoniis

231 2926 527 2979 impetrandam,
556 2925 737 2965 facillimo
764 2925 934 2976 negotio,
967 2938 1042 2963 non
1072 2924 1172 2963 datis
1203 2924 1417 2973 obsidibus,
1451 2937 1526 2962 non
1562 2924 1697 2963 dirutis
