1822 3219
543 117 833 155 ADVERSUS
865 117 1137 155 SIMONEM.
1500 116 1571 154 173

116 217 343 269 exagitarer.
390 219 596 267 Praeterea,
612 233 659 258 ex
671 220 756 271 ipso
771 232 925 270 quoque
939 219 1135 262 conflictu,
1152 223 1367 263 senatores,
1385 216 1574 267 colligatis

116 292 206 316 eum
227 279 388 318 mentiri.
447 281 548 318 Puer
575 282 690 325 enim,
722 289 766 318 ut
783 280 947 331 primum
968 281 1163 318 Simonem
1190 279 1396 316 noscitavit
1417 279 1577 329 ejusque

120 340 291 389 globum,
320 348 358 378 et
388 341 478 391 quid
506 342 755 392 designarent
783 342 917 387 sensit,
943 341 1094 393 abjecto
1121 339 1250 391 pallio,
1279 339 1314 376 in
1345 340 1465 390 pedes
1492 352 1580 377 sese

119 403 238 448 dedit,
270 417 383 453 quem
411 404 541 441 Simon
568 417 654 441 cum
686 405 868 442 satellitio
896 417 966 442 suo
995 404 1204 442 insectatus
1232 409 1313 445 est;
1344 415 1418 452 ego
1447 408 1577 439 autem

121 465 270 502 diversa
292 465 352 502 via
377 464 649 514 auffugiebam.
708 465 811 503 Utris
834 466 914 517 jam
943 466 1055 504 decet
1077 465 1231 515 culpam
1261 462 1491 501 attribuere?
1520 463 1581 499 fu-

123 525 380 575 gientibusne,
412 538 459 562 an
480 525 774 571 insectantibus,
803 526 1092 577 deprehendere
1120 526 1206 564 illos
1228 524 1581 563 contendentibus?

125 588 208 637 Ego
235 587 413 637 equidem
432 593 609 625 constare
640 589 738 625 inter
769 601 903 626 omnes
924 588 1096 634 arbitror,
1129 594 1345 626 metuentes
1366 586 1479 624 saluti
1500 599 1580 623 suae

120 650 266 700 fugere,
286 649 425 687 malum
446 658 572 688 autem
593 651 686 688 dare
706 658 956 702 properantes
977 651 1169 689 insectari.
1226 650 1314 688 Jam
1331 648 1483 687 causari
1504 661 1580 685 non

122 710 260 756 licebit,
289 711 501 760 probabilia
530 712 686 762 quidem
718 712 798 750 haec
827 712 932 750 dictu
964 712 1170 763 audituque
1199 724 1301 757 esse,
1319 702 1581 748 verumtamen

120 772 224 823 ipsos
255 773 376 810 multo
409 774 535 811 secius
562 780 677 823 atque
707 787 781 824 ego
811 774 910 812 aiam
942 774 1092 824 egisse:
1123 774 1197 811 imo
1218 786 1322 816 vero,
1353 784 1511 823 puerum
1542 778 1585 808 ut

118 833 316 871 consecuti
337 841 439 880 sunt,
461 834 509 872 de
530 836 591 872 via
612 843 763 886 raptum
782 835 817 872 vi
837 835 1106 878 abducebant;
1139 834 1395 872 interveniens
1417 845 1491 883 ego
1511 833 1586 870 for-

122 894 233 938 tuito,
254 908 331 932 non
352 895 409 933 his
429 896 583 946 quidem
604 910 740 934 manus
762 896 889 948 injeci,
912 903 952 934 at
970 910 1128 947 puerum
1153 903 1279 933 tamen
1299 896 1444 946 eripere
1459 900 1585 932 tenta-

120 957 236 999 bam3
267 969 382 1006 quem
414 956 469 993 illi
501 966 705 1007 pergentes
735 959 771 996 vi
801 971 929 1008 agere,
950 971 1009 995 me
1036 957 1289 1008 pulsitabant.
1347 956 1392 994 Id
1413 955 1518 1006 quod
1539 968 1586 992 ex

120 1017 316 1054 hominum
345 1018 408 1068 qui
439 1018 492 1055 rei
520 1027 640 1068 gestae
672 1019 926 1057 interfuerunt
959 1020 1182 1057 testimonio
1211 1018 1400 1055 constitit.
1458 1017 1587 1055 Grave

120 1078 237 1128 igitur
256 1085 295 1115 et
311 1080 490 1116 acerbum
513 1080 638 1125 fuerit,
669 1094 756 1130 quae
785 1080 825 1117 hi
860 1088 936 1118 tarn
963 1080 1287 1130 infandajurique
1309 1079 1410 1117 civili
1429 1086 1506 1116 tam
1527 1091 1586 1115 re-

123 1140 338 1190 pugnantia
356 1148 639 1190 perpetrarunt‚
658 1155 704 1179 ea
725 1155 785 1179 me
806 1141 924 1178 videri
943 1154 1011 1192 per
1025 1141 1197 1178 fraudem
1216 1141 1363 1178 dudum
1385 1147 1474 1178 ante
1489 1153 1587 1190 prae-

125 1199 349 1237 meditatam
370 1201 599 1238 exercuisse.
658 1202 803 1252 Ecquae
824 1202 978 1239 tandem
1001 1210 1083 1239 erat
1104 1215 1188 1238 mea
1209 1201 1340 1238 futura
1361 1213 1457 1246 sors,
1478 1200 1509 1237 si
1529 1213 1588 1237 res

125 1270 261 1299 contra
277 1263 415 1299 fuisset
434 1271 543 1313 gesta
563 1271 679 1313 atque
708 1277 809 1301 nunc
830 1277 964 1314 reapse
983 1262 1072 1300 est?
1101 1263 1131 1299 si
1153 1263 1327 1300 nimirum
1348 1275 1437 1312 ego,
1457 1261 1589 1298 multis

127 1323 290 1373 stipatus
315 1323 565 1362 familiaribus
594 1326 844 1363 occurrissem
879 1324 1038 1370 Simoni,
1065 1337 1202 1362 manus
1223 1338 1309 1362 cum
1341 1337 1387 1361 eo
1407 1336 1590 1361 conseru-

124 1384 255 1428 issem,
294 1385 570 1431 verberassem,
609 1394 832 1438 persecutus
873 1399 1011 1431 essem,
1049 1399 1207 1436 puerum
1238 1385 1524 1436 deprehensum
1557 1385 1591 1421 vi

127 1446 318 1484 abducere
349 1446 601 1492 laborassem,
628 1461 713 1485 cum
743 1461 846 1485 nunc
873 1449 920 1486 ab
947 1461 1006 1492 eo,
1035 1447 1097 1497 qui
1129 1449 1237 1484 istaec
1265 1447 1394 1485 omnia
1418 1446 1591 1498 patravit,

126 1513 276 1543 tantum
308 1506 344 1543 in
366 1507 570 1545 discrimen
590 1509 792 1559 conjectus
814 1510 899 1553 sim,
934 1509 997 1546 ubi
1018 1509 1141 1559 patrio
1169 1509 1217 1546 de
1237 1509 1319 1545 solo
1348 1508 1590 1558 fortunisque

126 1567 218 1604 meis
250 1568 427 1605 omnibus
458 1569 679 1619 periclitor?
723 1570 801 1607 Sed
833 1570 1039 1608 maximum
1071 1570 1213 1613 videte,
1240 1576 1450 1614 senatores,
1475 1582 1590 1620 argu-

73 1672 80 1676 *
127 1639 300 1668 mentum
321 1631 568 1682 omniumque
594 1632 957 1669 luculentissimum.
1015 1632 1177 1682 injurias
1200 1645 1223 1669 a
1240 1645 1301 1668 me
1321 1630 1519 1682 accepisse
1539 1631 1592 1668 in-

128 1691 312 1742 sidiisque
339 1693 481 1743 petitus
509 1706 595 1731 esse
623 1694 687 1745 qui
714 1694 832 1731 videri
855 1695 936 1732 vult
965 1697 1072 1745 (quas
1099 1694 1197 1731 euim
1232 1694 1346 1732 rebus
1378 1694 1591 1744 approbare

129 1753 263 1802 nequit
282 1753 452 1798 insidias,
474 1768 538 1792 eas
558 1756 726 1792 oratione
740 1756 891 1806 jactat),
913 1763 995 1794 toto
1016 1756 1078 1793 ille
1099 1755 1353 1806 quadriennio
1374 1768 1491 1792 ausus
1513 1768 1589 1792 non

131 1822 190 1852 est
210 1814 258 1852 ad
279 1829 347 1853 vos
375 1829 465 1854 suas
487 1818 535 1854 de
556 1831 615 1854 me
634 1818 811 1867 querelas
834 1818 996 1855 deferre.
1054 1818 1128 1855 Alii
1157 1818 1310 1868 quidem
1331 1817 1590 1862 homines‚-ab

129 1875 337 1913 amicorum
360 1879 554 1915 consortio
575 1879 757 1916 abstracti
780 1886 894 1928 atque
912 1879 1068 1929 insuper
1088 1879 1213 1929 plagis
1229 1877 1490 1923 commulcafi,
1513 1885 1592 1915 sta-

128 1936 196 1974 tim
210 1937 266 1974 ira
280 1937 502 1977 stimulante
518 1939 686 1977 animum
703 1939 839 1977 ultioni
855 1940 1060 1991 adjiciunt;
1091 1940 1150 1977 hic
1169 1947 1293 1978 autem
1309 1940 1418 1977 annis
1433 1940 1589 1976 demum

132 1997 278 2048 aliquot
297 2007 398 2049 post.

184 2063 220 2096 8.
253 2059 355 2097 Satis
385 2060 475 2098 mihi
502 2062 646 2107 videor,
677 2070 887 2108 senatores,
920 2078 986 2115 per
1013 2065 1130 2115 ipsam
1162 2065 1215 2101 rei
1246 2071 1367 2115 gestae
1391 2063 1588 2101 veritatem

130 2120 255 2158 verbis
276 2122 370 2159 meis
392 2123 637 2169 declaratam,
656 2124 812 2175 planum
828 2126 934 2163 vobis
955 2127 1104 2170 fecisse,
1123 2126 1238 2176 culpa
1254 2139 1312 2163 me
1329 2138 1467 2163 vacare
1486 2126 1589 2163 frau-

131 2181 266 2232 disque
297 2183 389 2221 nihil
421 2185 687 2239 imputandum
719 2187 808 2223 mihi
838 2200 950 2230 esse;
981 2194 1020 2226 et
1038 2195 1224 2238 praeterea
1243 2187 1432 2238 injurgiis
1454 2200 1500 2224 ex
1519 2187 1589 2224 hu-

123 2242 295 2293 jusmodi
317 2247 443 2283 causis
470 2249 740 2285 enascentibus
761 2256 837 2285 tarn
858 2249 1012 2299 placido
1033 2263 1114 2286 sum
1137 2256 1251 2299 atque
1274 2256 1351 2287 tarn
1375 2249 1589 2299 composito

131 2305 273 2350 animo,
302 2313 356 2350 ut,
376 2309 549 2357 quamvis
577 2309 669 2346 alias
700 2310 840 2347 multas
861 2324 883 2348 a
913 2311 1068 2347 Simone
1091 2310 1345 2348 contumelias
1374 2310 1587 2361 acceperim

131 2375 325 2417 caputque
346 2369 392 2405 ab
412 2382 456 2405 eo
475 2378 678 2407 contusum
699 2371 909 2417 retulerim,
929 2373 978 2409 ad
999 2385 1065 2409 vos
1081 2379 1209 2408 tamen
1229 2386 1274 2410 ea
1293 2373 1341 2410 de
1360 2386 1399 2410 re
1421 2373 1588 2410 referen-

130 2427 223 2464 dum
244 2428 346 2466 haud
369 2429 555 2475 duxerim,
575 2431 727 2476 belluis,
748 2445 824 2469 non
845 2432 1079 2477 hominibus,
1105 2433 1264 2483 dignum
1287 2441 1390 2471 ratus
1412 2433 1586 2470 ardorem

130 2487 326 2537 vindictae,
348 2491 379 2528 si
398 2504 512 2542 super
529 2493 719 2530 amoribus
741 2493 830 2530 mihi
852 2500 1090 2532 contractum
1114 2508 1201 2532 curn
1222 2495 1401 2545 quopiam
1418 2494 1587 2546 jurgium

132 2547 279 2595 fuisset,
298 2565 387 2589 eum
401 2553 527 2603 patria
546 2554 682 2603 ejicere
703 2555 906 2592 molientis.
965 2556 1060 2592 Tum
1085 2556 1115 2593 si
1130 2556 1214 2606 quis
1234 2564 1271 2593 te
1292 2556 1374 2593 sine
1394 2555 1589 2605 proposito

135 2606 372 2650 interimendi
383 2614 571 2661 vulneret,
585 2628 630 2652 ea
643 2615 733 2653 mihi
747 2615 854 2654 nulla
865 2616 1065 2654 videbatur
1078 2619 1246 2667 πρόνοια,
1260 2618 1370 2653 caedes
1382 2617 1588 2661 deliberata,

137 2679 236 2707 esse.
293 2673 435 2723 Ecquis
456 2676 558 2713 enim
577 2683 654 2713 tam
678 2677 727 2715 sit
745 2690 892 2723 vecors,
913 2686 955 2715 ut
973 2678 1120 2716 dudum
1141 2686 1228 2715 ante
1250 2691 1380 2715 secum
1401 2678 1589 2716 deliberet

137 2738 252 2780 atque
283 2736 489 2773 constituat
521 2738 717 2787 quomodo
749 2739 986 2776 inimicorum
1016 2740 1180 2789 cuipiam
1216 2739 1354 2776 vulnus
1391 2739 1588 2790 imponat?

139 2791 275 2841 Liquet
304 2794 508 2841 enimvero,
537 2800 600 2849 qui
620 2799 738 2850 leges
767 2800 839 2837 hoc
869 2801 905 2837 in
928 2800 1107 2837 tribunali
1129 2800 1347 2838 obtinentes
1368 2801 1478 2851 primi
1500 2814 1588 2838 san-

137 2862 286 2899 xerunt,
308 2869 374 2893 eos
396 2858 569 2896 exsilium
591 2874 666 2898 non
688 2861 725 2898 in
744 2861 815 2898 hos
835 2861 1066 2907 decrevisse,
1084 2861 1114 2898 si
1128 2861 1192 2911 qui
1209 2861 1363 2899 fortuita
1382 2863 1588 2900 commissa

136 2928 267 2965 pugna
280 2917 407 2968 capita
423 2918 519 2957 inter
532 2933 613 2959 sese
631 2922 955 2973 ruperint—-nam
969 2923 1141 2973 profecto
1162 2923 1198 2962 id
1216 2923 1352 2974 sijuris
1366 2924 1418 2962 illi
1434 2925 1591 2962 statuis-
