1822 3219
552 158 728 197 SUPER
757 157 1068 195 CHOREUTA.
1490 161 1541 197 69

90 264 228 302 iisdem
259 262 458 314 judicibus
491 263 629 313 negavi
664 261 926 298 Philocratem
964 272 1012 297 ex
1048 272 1162 309 aequo
1199 267 1238 298 et
1273 268 1378 298 recto
1418 261 1543 299 facere

89 324 197 362 falsis
222 323 444 361 criminibus
466 335 527 360 me
551 322 735 359 infamare
762 321 981 358 studentem
1002 320 1052 358 ad
1072 320 1240 369 judices,
1260 334 1305 358 eo
1333 322 1415 372 ipso
1443 330 1539 360 tem·

89 385 192 435 poris
210 384 387 430 articulo,
400 396 478 434 quo
498 382 661 434 agendae
680 381 772 419 mihi
791 394 922 420 eausae
947 389 1080 418 essent
1098 381 1283 419 adversus
1306 383 1538 422 Aristionem

87 458 174 483 cras
196 452 236 484 et
263 446 447 484 adversus
477 444 670 481 Philinum
698 443 905 493 perendie;
934 443 1068 480 horum
1090 455 1227 494 nempe
1246 444 1284 480 in
1305 445 1479 494 gratiam,
1499 454 1542 484 ut

88 519 157 544 eos
187 519 211 543 a
238 506 409 557 periculo
440 503 773 543 condemnationis
801 503 990 549 liberaret,
1018 504 1301 542 accusationem
1328 504 1431 543 hanc
1455 519 1542 546 sus-

89 568 241 618 cepisse
260 567 530 610 Philocratem,
550 565 699 615 aliaque
719 565 826 602 nulla
846 565 894 602 de
912 578 1032 602 causa
1056 564 1220 603 idonea:
1249 578 1340 603 nam
1363 568 1542 607 crimina-

87 629 214 665 tiones
232 634 279 665 *et
307 626 508 664 mendacia
535 627 617 677 ejus
637 626 817 663 facillimo
835 628 992 675 negotio
1018 626 1174 676 coargui
1198 633 1239 664 et
1256 627 1392 665 difflari
1412 642 1541 679 posse.

91 689 278 727 Conscios
305 689 406 725 enim
430 688 483 725 rei
513 695 635 737 gestae
664 687 751 737 plus
778 699 893 736 quam
928 687 1207 737 quinquaginta
1236 701 1320 727 esse
1351 689 1542 738 homines,

91 750 355 800 ingenuosque
393 762 480 786 cum
520 749 652 793 servis,
694 761 884 797 senesque
921 761 1007 784 cum
1044 748 1274 798 junioribus,
1312 764 1410 800 quos
1448 753 1542 791 nihil

83 812 259 849 omnium
288 823 414 861 neque
445 810 635 848 dictorum
665 822 788 859 neque
809 810 997 846 factorum
1020 811 1055 846 in
1087 809 1151 846 illo
1182 810 1362 850 luctuoso
1385 815 1543 864 negotio

85 871 252 921 fugeret.
307 871 447 921 Neque
470 871 593 908 solum
617 871 690 908 hac
715 870 886 908 oratione
914 870 962 907 ad
987 870 1139 920 judices
1165 873 1311 916 utebar,
1332 874 1401 911 sed
1427 876 1541 914 etiam

87 933 334 983 sponsionem
356 934 390 971 ei
404 933 635 978 deferebam,
650 939 690 969 et
711 939 791 969 tum
810 931 952 975 statim,
967 938 1005 968 et
1025 933 1194 981 proximo
1213 933 1276 970 die
1298 943 1397 984 post,
1413 949 1544 976 coram

88 993 224 1031 iisdem
247 994 459 1044 judicibuS‚
483 993 656 1039 hortans,
682 999 724 1030 ut
752 993 960 1042 assumptis
989 993 1165 1038 testibus,
1193 1001 1442 1046 quotcunque
1472 1012 1542 1037 nu-

83 1067 194 1091 mero
211 1055 341 1100 vellet,
361 1067 511 1092 mecum
538 1055 610 1091 iret
627 1053 675 1091 ad
701 1066 767 1090 eos
794 1066 890 1103 quos
909 1066 982 1102 ego
1004 1053 1152 1090 aiebam
1178 1056 1281 1092 actui
1303 1056 1542 1103 interfuisse:

53 1115 57 1118 ”
89 1116 247 1153 nomina
259 1116 360 1153 enim
374 1128 506 1153 eorum
522 1115 593 1165 ipsi
607 1114 800 1165 sigillatim
817 1114 999 1157 edebam3
1029 1122 1143 1164 atque
1159 1122 1201 1152 ut
1213 1129 1279 1153 eos
1293 1117 1546 1170 interrogaret

84 1176 334 1226 severiusque
353 1182 656 1227 percontaretur,
669 1182 710 1211 ut
727 1175 915 1226 cujusque
935 1176 1049 1212 ferret
1064 1176 1251 1219 conditio;
1288 1178 1429 1217 liberos
1443 1182 1543 1220 enim

84 1237 262 1274 >homines
277 1244 414 1288 sponte
435 1249 504 1274 sua
518 1250 594 1273 rem
609 1243 653 1273 ut
666 1249 753 1273 vere
770 1244 880 1286 gesta
892 1244 994 1273 esset
1009 1236 1171 1273 fideliter
1187 1250 1271 1275 esse
1286 1241 1543 1290 exposituros,

80 1310 179 1334 *cum
196 1298 301 1348 quod
315 1310 472 1348 aequum
490 1304 528 1335 et
547 1304 692 1335 rectum
711 1297 749 1334 in
771 1309 813 1334 se
833 1303 937 1334 esset
953 1296 1182 1347 homineque
1197 1298 1367 1349 ingenuo
1383 1301 1543 1352 dignum

88 1357 239 1397 veritati
259 1360 460 1396 verborum
481 1358 651 1403 studere,
671 1364 752 1395 tum
772 1357 878 1408 quod
900 1358 1069 1408 ipsorum
1094 1359 1307 1406 interesset,
1327 1375 1458 1401 verum
1486 1364 1544 1403 di-

78 1420 218 1457 -cendo
237 1433 345 1458 suam
365 1420 471 1471 ipsos
491 1419 812 1457 existimationem
829 1421 1049 1470 bonamque
1069 1421 1211 1458 famam
1232 1423 1343 1469 tueri,
1363 1425 1543 1477 malaque

88 1493 222 1519 cavere
241 1495 328 1532 quae
349 1482 428 1518 veri
447 1481 702 1519 dissimulatio
721 1481 813 1531 ipsis
839 1493 968 1518 creare
997 1487 1153 1530 posset3
1186 1482 1223 1518 in
1252 1496 1383 1522 servos
1413 1494 1544 1526 autem

89 1542 216 1579 modis
239 1542 465 1593 procederet
491 1542 660 1593 ipsorum
688 1541 844 1579 fortuna
872 1541 1014 1591 dignis,
1033 1541 1098 1591 qui
1129 1541 1160 1579 si
1190 1542 1443 1596 interroganti
1470 1548 1544 1600 ipsi

88 1615 180 1640 vera
198 1603 313 1640 edere
332 1603 567 1647 viderentur,
588 1602 642 1639 nil
662 1615 759 1652 opus
779 1615 863 1639 esse
884 1602 1095 1647 tormentis,
1118 1603 1174 1640 sin
1197 1604 1333 1650 minus,
1355 1615 1491 1646 auctor
1510 1611 1546 1648 ei

89 1676 208 1708 eram,
222 1670 400 1714 paratum
422 1670 523 1702 stare
541 1677 602 1701 me
623 1663 672 1701 ad
691 1662 921 1701 tradendum
941 1663 1071 1700 omnia
1089 1676 1173 1701 mea
1195 1666 1348 1704 servilia
1367 1680 1544 1720 corpora,

87 1738 251 1775 quaeque
259 1725 419 1763 aliorum
427 1724 811 1777 juberet,profitebar
823 1737 882 1761 me
893 1723 1057 1761 dominis
1067 1726 1261 1775 persuasis
1271 1729 1545 1779 praestiturum,

87 1785 136 1823 ad
154 1786 422 1836 quaesitionem
441 1799 509 1837 per
526 1792 715 1823 tormenta
733 1786 906 1835 quamvis
926 1785 1043 1823 vellet
1063 1787 1256 1824 acerbam.
1317 1788 1413 1827 Haec
1434 1790 1546 1830 dicti-

86 1853 194 1885 tante
222 1860 285 1886 me
314 1860 442 1903 coram
466 1847 676 1898 judicibus,
698 1853 813 1896 atque
843 1847 1085 1897 sponsionem
1115 1848 1214 1886 hanc
1243 1849 1443 1890 deferente
1471 1853 1544 1904 ipsi

87 1921 217 1946 coram
230 1909 429 1960 judicibus
454 1908 530 1946 illis
558 1921 635 1946 non
662 1907 791 1953 modo,
811 1907 880 1945 sed
907 1908 1021 1945 etiam
1047 1909 1249 1959 permultis
1277 1911 1360 1949 aliis
1388 1914 1544 1963 privatis

86 1977 167 2008 tum
190 1971 542 2017 circumstantibus,
559 1977 685 2008 tamen
707 1983 831 2019 neque
852 1977 934 2007 tum
954 1970 1098 2016 statim,
1112 1985 1238 2022 neque
1257 1979 1340 2011 toto
1360 1974 1425 2013 illo
1445 1984 1543 2015 tem-

86 2044 180 2083 pore
198 2033 303 2083 quod
322 2033 370 2070 ab
389 2032 455 2069 illa
470 2032 532 2069 die
547 2031 597 2069 ad
616 2032 716 2068 hanc
736 2031 892 2077 effluxit,
907 2044 1033 2081 neque
1048 2031 1288 2070 Philocrates
1308 2035 1406 2085 ipse,
1421 2050 1544 2088 neque

86 2107 186 2132 unus
205 2107 336 2132 eorum
358 2093 525 2131 omnium
545 2092 610 2142 qui
634 2092 667 2129 ei
694 2104 824 2128 causae
844 2091 960 2142 hujus
989 2099 1189 2130 consortes
1216 2099 1319 2140 sunt,
1339 2095 1545 2147 impetrare

85 2168 109 2193 a
129 2169 170 2193 se
187 2160 409 2206 potuerunt,
428 2160 471 2191 ut
492 2154 541 2191 ad
560 2153 660 2190 hanc
680 2152 941 2202 aequissimam
970 2153 1219 2203 sponsionem
1246 2154 1545 2204 descenderent,

84 2217 184 2254 bene
212 2215 359 2254 scincet
389 2215 511 2265 gnari,
540 2213 727 2251 rationem
755 2213 858 2250 113110
886 2213 965 2250 veri
993 2213 1233 2263 explorandi,
1259 2228 1334 2253 non
1366 2217 1450 2264 sibi,
1474 2220 1545 2258 sed

86 2276 176 2314 mihi
194 2275 405 2314 secundam
418 2288 517 2321 esse,
531 2287 579 2312 ex
596 2286 718 2323 eaque
734 2274 990 2310 constiturum
1009 2273 1099 2310 nihil
1117 2275 1199 2312 sani
1216 2276 1543 2318 criminationibus

86 2339 259 2388 ipsorum
276 2336 416 2373 inesse.

137 2400 175 2436 6.
207 2397 342 2435 Nostis
355 2397 428 2447 ipsi
444 2409 526 2442 vos,
542 2396 708 2447 judices,
729 2397 1021 2440 necessitatum,
1038 2397 1178 2446 quibus
1197 2399 1341 2450 impelli
1361 2401 1544 2453 adigique

83 2460 257 2498 homines
276 2458 440 2509 possint,
460 2458 534 2495 hoc
556 2470 679 2508 genus
703 2469 789 2494 esse
815 2457 985 2493 omnium
1011 2458 1239 2497 acerrimum
1268 2468 1385 2512 atque
1410 2464 1540 2502 effica-

82 2521 293 2565 cissimum,
314 2525 420 2557 etex
437 2518 510 2555 hoc
530 2518 711 2568 repetitas
732 2518 1084 2556 demonstrationes
1105 2521 1276 2559 omnium
1296 2523 1542 2562 evidentissi-

84 2594 166 2620 mas
185 2594 272 2620 esse
294 2587 411 2630 atque
430 2579 677 2624 certissimas,
697 2579 760 2616 ubi
781 2592 917 2630 nempe
937 2580 1149 2619 multitudo
1169 2582 1219 2619 sit
1238 2584 1410 2630 testium,
1432 2585 1541 2637 inge-

81 2654 242 2679 nuorum
260 2653 340 2678 una
355 2647 470 2689 atque
485 2639 679 2677 servilium
695 2652 912 2689 corporum,
925 2640 990 2690 qui
1007 2654 1139 2680 omnes
1158 2656 1235 2680 rem
1252 2650 1540 2684 controversam

81 2708 256 2746 teneant;
285 2713 449 2752 quorum
469 2700 658 2751 ingenuos
680 2700 822 2738 vincire
849 2701 962 2738 liceat
989 2709 1105 2752 atque
1129 2703 1243 2740 veluti
1270 2710 1450 2755 torquere
1478 2720 1540 2746 re-

81 2762 286 2813 ligionibus
299 2761 550 2811 jurisjurandi
568 2769 608 2799 et
635 2762 998 2809 asseverationibus,
1018 2777 1181 2812 quarum
1209 2764 1303 2802 fides
1330 2767 1442 2805 bonae
1470 2781 1540 2806 cu-

76 2826 220 2875 jusque
237 2823 352 2860 famae
375 2823 529 2861 tuendae
549 2823 721 2873 praemio,
739 2830 818 2868 aut,
840 2824 872 2861 si
891 2824 1072 2861 mentitus
1092 2824 1417 2875 deprehendatur,
1438 2815 1539 2869 infa-

82 2886 167 2923 miae
188 2885 460 2923 contrahendae
482 2884 652 2935 periculo
672 2885 957 2937 oppigneratur,
979 2898 1065 2934 quae
1087 2898 1147 2923 res
1167 2886 1264 2925 bene
1285 2888 1383 2928 natis
1405 2889 1530 2929 homi-
