1822 3219
648 520 696 572 L
739 521 786 572 Y
832 520 866 571 S
911 520 936 571 I
978 519 1048 571 AE

407 665 582 713 PRO
653 662 1286 712 POLYSTRATO

544 801 775 838 EVERSAE
804 800 1150 839 REIPUBLICAE

683 908 1008 950 APOLOGIA.

176 1074 210 1111 1.
241 1073 337 1110 Non
366 1072 509 1111 nomini
531 1072 1092 1122 Quadringentorumvirorum,
1114 1071 1183 1110 sed
1211 1071 1446 1109 facinoribus
1475 1084 1569 1121 quo—

118 1134 281 1172 rundam
300 1146 350 1171 ex
371 1133 444 1171 isto
463 1133 625 1183 collegio
645 1133 736 1170 mihi
756 1134 904 1171 videtur
928 1133 1237 1171 succensendum
1264 1145 1365 1170 esse.
1422 1132 1570 1183 Negari

119 1195 221 1231 enim
242 1195 375 1243 utique
396 1206 472 1230 non
491 1200 632 1242 potest,
648 1207 778 1231 eorum
801 1194 945 1244 aliquos
959 1194 1066 1231 vobis
1083 1193 1284 1231 insidiatos
1299 1205 1410 1235 esse:
1439 1205 1571 1230 rursus

115 1261 244 1292 tamen
265 1255 342 1300 alii,
362 1261 545 1292 coeuntes
565 1255 603 1291 in
622 1255 741 1300 curia,
762 1267 839 1292 non
864 1268 909 1299 eo
935 1255 1091 1292 coibant
1110 1266 1186 1303 quo
1205 1260 1272 1291 aut
1291 1253 1569 1303 rempublicam

115 1321 182 1352 aut
199 1321 367 1351 vestrum
393 1326 624 1364 quemquam
651 1314 824 1365 privatim
853 1314 1055 1359 laederent,
1086 1313 1155 1351 sed
1183 1326 1271 1351 cum
1301 1313 1428 1351 animo
1456 1313 1571 1351 vestri

116 1375 292 1413 studioso
311 1382 350 1412 et
369 1388 461 1425 erga
479 1387 547 1412 vos
570 1375 780 1418 benevolo;
809 1388 886 1425 quo
907 1375 945 1411 in
965 1386 1126 1412 numero
1146 1374 1206 1412 hic
1227 1387 1382 1424 quoque
1403 1374 1475 1410 fuit
1496 1373 1571 1410 Po-

114 1436 297 1486 lystratus
316 1438 440 1486 [pater
461 1436 618 1484 noster].
677 1436 794 1473 Hunc
823 1436 924 1473 enim
954 1442 1180 1485 cooptatum
1205 1442 1288 1472 tum
1308 1434 1491 1484 temporis
1512 1434 1568 1483 [in

115 1491 320 1546 collegium
342 1496 740 1547 quadringentorum]‚
761 1503 804 1533 ut
822 1496 941 1533 virum
974 1495 1220 1534 commodum
1248 1502 1287 1532 et
1315 1494 1466 1532 civilem
1491 1507 1568 1532 non

115 1569 208 1607 erga
227 1557 475 1607 municipales
494 1557 736 1594 solummodo
758 1558 826 1594 sed
846 1557 961 1594 etiam
982 1570 1074 1606 erga
1092 1556 1310 1593 universam
1328 1555 1482 1605 plebem
1502 1567 1569 1592 ve-

113 1625 248 1663 stram,
281 1624 526 1655 accusatores
560 1630 663 1654 nunc
695 1617 976 1654 malevolentiae
1014 1617 1145 1655 nescio
1178 1617 1289 1667 cujus
1323 1616 1570 1659 insimulant;

112 1678 264 1716 tametsi
293 1677 432 1715 fuisset
459 1691 482 1715 a
509 1677 713 1715 tribulibus
740 1678 926 1723 delectus,
946 1678 1012 1727 qui
1041 1677 1211 1714 omnium
1239 1677 1381 1727 optime
1411 1676 1459 1713 de
1489 1676 1567 1713 suis

112 1738 337 1787 dignoscere
361 1738 591 1788 potuissent,
611 1738 734 1788 qualis
755 1738 917 1788 quisque
937 1745 1053 1775 esset.
1111 1737 1195 1786 Ego
1215 1749 1304 1774 vero
1325 1736 1419 1773 scire
1438 1735 1566 1780 velim,

111 1798 223 1848 cujus
238 1798 290 1835 rei
304 1810 423 1835 causa
437 1798 664 1848 principatui
680 1811 889 1848 paucorum
903 1797 1148 1848 Polystratus
1163 1796 1401 1834 studuisset?
1446 1796 1566 1841 Num,

110 1858 218 1908 quod
238 1871 284 1895 ea
302 1865 404 1896 esset
422 1865 550 1903 aetate,
566 1871 643 1907 qua
662 1865 832 1908 speraret
852 1871 892 1894 se
912 1870 1025 1907 posse
1042 1857 1276 1893 orationibus
1292 1857 1370 1893 suis
1386 1869 1479 1906 opes
1494 1855 1565 1893 sibi

108 1919 395 1969 potentiamque
414 1918 573 1968 parere?
602 1931 649 1955 an
671 1918 776 1968 quod
795 1930 953 1967 corpore
979 1916 1116 1952 fideret
1136 1922 1213 1952 tam
1233 1922 1372 1965 vegeto
1393 1921 1432 1953 et
1450 1916 1564 1952 robu-

109 1987 185 2030 sto,
201 1988 243 2017 ut
262 1981 406 2017 inultus
426 1986 556 2028 posset
577 1991 846 2028 quemcunque
862 1976 977 2013 vellet
997 1983 1164 2012 vestrum
1184 1977 1384 2013 verberare
1405 1975 1563 2025 aliisque

109 2040 352 2077 contumeliis
371 2039 550 2076 afficere?
596 2037 713 2087 Atqui
734 2036 870 2073 videtis
886 2042 1039 2072 aetatem
1062 2036 1157 2086 ejus,
1178 2049 1266 2086 quae
1282 2044 1341 2074 est
1359 2037 1561 2087 ejusmodi,

109 2109 153 2138 ut
171 2101 231 2138 vel
252 2100 336 2137 sola
354 2100 477 2149 possit
496 2099 592 2136 alios
613 2099 660 2135 ab
680 2096 866 2147 ejusmodi
886 2097 1100 2134 temeritate
1122 2110 1312 2135 revocare.
1370 2099 1430 2135 An
1451 2111 1560 2136 recu-

108 2161 267 2212 perandi
296 2166 420 2196 status
450 2171 569 2196 causa
596 2158 814 2195 censendus
841 2158 914 2194 erit
939 2164 1048 2208 pater
1075 2159 1184 2196 novis
1205 2159 1318 2196 rebus
1339 2158 1562 2196 studuisse?

110 2223 177 2260 Nil
199 2222 336 2258 minus.
392 2220 586 2264 Profecto,
607 2221 638 2256 si
664 2218 748 2268 quis
770 2219 819 2255 ob
838 2218 989 2256 facinus
1011 2218 1165 2268 aliquod
1186 2219 1370 2269 superiori
1391 2225 1560 2270 tempore

108 2282 319 2321 admissum
337 2281 463 2331 capite
484 2280 652 2317 minutus
674 2280 736 2324 sit,
756 2292 842 2317 eum
862 2286 1164 2317 consentaneum
1183 2287 1242 2317 est
1262 2280 1320 2317 sui
1338 2293 1458 2317 causa
1476 2293 1559 2317 mu-

107 2351 227 2381 tatam
241 2341 340 2379 velle
357 2341 652 2392 rempublicam:
682 2348 792 2390 pater
811 2347 938 2378 autem
955 2340 1047 2378 nihil
1068 2340 1144 2378 tale
1164 2340 1368 2386 commisit,
1385 2343 1434 2378 ob
1454 2340 1560 2390 quod

106 2405 141 2443 ei
160 2417 318 2442 necesse
338 2410 440 2441 esset
463 2403 617 2452 plebem
641 2410 806 2440 vestram
838 2403 896 2440 sui
922 2415 1042 2440 causa
1074 2402 1215 2439 odisse.
1273 2403 1325 2439 At
1353 2402 1558 2439 liberorum

107 2465 265 2506 tamen?
313 2465 372 2502 Ne
392 2464 529 2501 horum
550 2462 718 2513 quidem.
775 2463 876 2500 Nam
896 2475 968 2513 ego
988 2462 1145 2512 quidem
1171 2469 1253 2500 tum
1274 2463 1312 2499 in
1333 2462 1475 2507 Sicilia,
1495 2474 1555 2499 re-

106 2527 203 2578 liqut
217 2527 295 2564 duo
315 2526 449 2563 fratres
478 2530 604 2562 autem
625 2525 662 2561 in
685 2524 832 2562 Boeotia
859 2524 1048 2574 agebant:
1079 2536 1102 2561 a
1120 2524 1229 2561 nobis
1250 2535 1355 2572 ergo,
1375 2522 1440 2571 qui
1462 2522 1554 2559 urbe

107 2590 345 2632 abessemus,
368 2586 516 2624 nullum
544 2586 619 2623 tale
645 2586 794 2623 facinus
823 2586 948 2635 potuit
966 2585 1004 2622 in
1026 2586 1118 2623 urbe
1139 2584 1293 2635 patrari,
1315 2583 1427 2633 cujus
1446 2590 1552 2621 metu

105 2650 260 2688 territus
291 2656 412 2698 pater,
446 2660 580 2685 amans
619 2647 756 2691 nostri,
792 2654 932 2684 statum
965 2645 1113 2684 civilem
1150 2644 1412 2694 perturbatum
1447 2643 1553 2681 isset.

107 2710 301 2753 Quocirca
325 2716 432 2759 pater
459 2722 584 2761 neque
615 2713 770 2758 propter
798 2707 952 2752 liberos,
971 2718 1094 2755 neque
1124 2710 1278 2754 propter
1304 2716 1375 2741 sua
1401 2704 1553 2754 propria

106 2770 314 2809 vetustiora
329 2769 474 2807 scelera
489 2783 576 2820 quae
591 2769 697 2807 nulla
717 2775 820 2815 sunt,
836 2767 1053 2806 censendus
1073 2772 1132 2802 est
1151 2777 1269 2802 novas
1290 2777 1350 2802 res
1370 2764 1548 2815 agitasse.

161 2834 199 2868 2.
233 2830 310 2868 Sed
331 2829 610 2869 multitudinem
637 2831 824 2868 honorum
845 2842 940 2879 quos
959 2827 1080 2877 gessit
1100 2826 1132 2864 ei
1153 2826 1246 2864 dant
1275 2826 1388 2871 vitio;
1417 2839 1549 2877 quam-
