1822 3219
638 143 981 182 TETRALOGIA
1012 145 1060 180 ΙΙ.
1517 147 1566 182 25

346 274 382 308 2.
414 271 683 309 DEFENSIO
712 269 886 308 CAEDIS
917 269 1358 310 INVOLUNTARIAE.

692 383 1011 413 ARGUMENTUM.

183 464 275 495 Pater
296 468 372 505 ejuS,
398 466 448 505 qui
465 465 573 503 sagitta
589 465 680 494 alium
704 465 867 499 interfecit,
890 464 974 499 diest,
997 474 1063 493 eum
1079 463 1129 502 qui
1154 464 1329 493 interfectus
1345 464 1404 494 suit
1428 464 1486 494 sibi
1509 466 1566 504 ipsi

138 525 260 545 causam
275 516 366 545 caedis
381 516 483 545 fuisse.
512 516 619 545 ,laculo
635 526 760 554 namque
773 516 876 549 misso,
893 514 927 543 ad
941 524 1062 552 scopum
1077 514 1228 543 cucurrit:
1255 515 1333 544 unde
1344 515 1389 544 sui
1403 516 1567 545 occisorem

140 566 307 595 habendum
323 576 398 595 esse.
442 567 542 595 Status
559 576 657 595 cansae
672 566 806 596 criminis
821 565 974 595 translatio
991 570 1047 597 est,
1063 575 1132 599 non,
1145 571 1176 593 ut
1188 565 1310 603 quidam
1322 566 1567 604 interpretantur,

140 617 236 646 veniae
251 616 434 655 deprecatio.

191 724 317 762 NUNC
349 726 503 763 tandem
535 739 604 763 uso
638 739 720 763 meo
754 725 932 775 comperi,
969 724 1090 762 solere
1126 724 1330 762 infortunia
1366 737 1568 777 rerumque

137 786 383 823 necessitates
417 786 518 836 ipsos
550 786 646 824 adeo
678 786 816 836 quietae
848 793 887 823 et
922 800 943 823 a
982 786 1099 822 turbis
1132 798 1332 823 causarum
1362 786 1567 824 forensium

137 846 354 884 abhorrenti
372 846 459 885 vitae
487 847 637 885 deditos
665 847 702 884 in
721 847 926 885 certamina
954 847 1115 884 rixarum
1146 847 1391 892 committere,
1419 848 1567 897 puden-

137 914 272 957 tesque
292 914 407 958 atque
425 915 580 959 pacatos
600 921 748 958 cogere,
764 915 806 945 ut
820 908 894 945 alia
908 908 1027 945 multa
1042 909 1165 945 facere
1185 909 1231 946 ab
1247 908 1395 945 illorum
1412 908 1568 958 ingeniis

137 969 376 1019 moribusque
395 969 531 1015 aliena,
554 970 607 1006 sic
627 969 663 1006 in
684 970 764 1006 foro
785 982 935 1020 quoque
955 969 1093 1007 dicere.
1151 968 1235 1018 Ego
1254 969 1367 1015 enim,
1385 970 1447 1019 qui
1468 970 1566 1015 talis,

134 1037 211 1066 tam
242 1029 434 1067 modestus
463 1037 501 1067 et
527 1030 682 1067 sedatus
712 1043 809 1075 esse,
839 1042 914 1067 non
944 1029 1053 1066 modo
1073 1029 1110 1066 in
1140 1029 1265 1080 primis
1290 1030 1476 1075 studeam,
1501 1032 1569 1069 sed

134 1091 249 1128 etiam
270 1091 354 1140 sim,
369 1090 439 1127 nisi
458 1104 542 1128 mea
557 1104 615 1127 me
635 1090 682 1127 de
702 1104 761 1128 me
777 1090 936 1127 multum
951 1090 1046 1127 fallit
1058 1090 1196 1141 opinio,
1211 1098 1338 1127 tamen
1351 1092 1396 1128 ab
1411 1091 1568 1130 adversa

136 1163 221 1188 mea
239 1164 298 1188 me
318 1151 468 1188 fortuna
487 1163 531 1188 eo
561 1150 754 1188 redactum
774 1151 885 1188 video
905 1151 1154 1196 necessitatis,
1185 1159 1239 1196 ut,
1259 1151 1568 1190 inconvenienter

134 1225 222 1250 cum
250 1212 405 1260 reliquae
434 1224 528 1248 meae
546 1211 631 1247 vitae
652 1223 768 1254 more,
798 1223 913 1248 causa
940 1210 1030 1247 mihi
1050 1211 1098 1248 sit
1127 1210 1383 1257 defendenda,
1403 1213 1511 1263 quus
1531 1221 1569 1251 et

133 1286 234 1323 aegre
258 1272 437 1322 perdidici
466 1285 573 1310 veras
602 1272 780 1316 rationes,
810 1280 847 1309 et
880 1272 998 1309 multo
1028 1273 1154 1310 adhuc
1179 1273 1451 1323 impeditiorem
1478 1275 1569 1313 mihi

131 1333 284 1371 invenio
302 1333 484 1370 rationem
514 1345 579 1370 eas
604 1333 774 1370 oratione
803 1346 929 1370 coram
949 1333 1055 1371 vobis
1085 1334 1380 1372 demonstrandi.
1438 1337 1567 1378 Quare

132 1393 182 1431 ad
200 1394 442 1431 clementiam
460 1400 497 1430 et
511 1393 875 1431 commiserationem
893 1401 1065 1439 vestram,
1080 1394 1246 1445 judices,
1265 1408 1341 1432 non
1357 1396 1480 1434 minus
1495 1411 1567 1448 ego

132 1468 300 1506 quoque,
328 1468 442 1505 quam
467 1463 666 1492 accusator
691 1468 812 1501 meus,
838 1455 1016 1505 confugio
1042 1468 1213 1506 rogoque
1238 1469 1304 1493 vos
1325 1463 1377 1502 ut,
1405 1458 1436 1494 si
1461 1458 1567 1496 vobis

130 1516 288 1554 videbor
307 1516 480 1554 subtilius
510 1529 623 1566 quam
644 1529 710 1566 pro
730 1516 872 1567 reliquo
900 1529 984 1553 meo
1004 1529 1106 1553 more
1127 1517 1335 1566 disputare,
1355 1518 1458 1568 quod
1485 1519 1569 1570 ipsa

130 1578 340 1616 necessitas
369 1590 392 1614 a
420 1590 479 1615 me
504 1577 620 1615 invito
648 1577 895 1627 extorquebit,
927 1590 975 1614 ne
1003 1577 1126 1614 minus
1156 1577 1242 1614 ideo
1271 1577 1390 1628 aequis
1417 1580 1568 1618 auribus

131 1639 394 1678 defensionem
414 1651 534 1676 meam
556 1639 760 1689 accipiatis,
780 1652 916 1689 neque,
938 1638 1163 1689 opinationis
1184 1639 1425 1689 speciositate
1446 1642 1568 1691 magis

129 1713 245 1751 quam
280 1699 447 1737 veritatis
484 1700 707 1738 certitudine
739 1700 858 1744 ducti,
895 1700 1125 1737 sententiam
1157 1699 1411 1750 pronuntietis
1429 1714 1438 1737 ι
1480 1714 1568 1739 nam

128 1763 296 1814 opinatio
315 1763 468 1813 quidem
487 1776 609 1800 rerum
627 1770 817 1813 gestarum
835 1763 1006 1800 secunda
1025 1762 1070 1800 iis
1087 1770 1158 1807 est,
1178 1763 1242 1813 qui
1257 1763 1437 1802 facundia
1455 1766 1568 1803 rebus

127 1824 285 1861 induere
317 1824 434 1861 facies
473 1837 719 1874 quascunque
756 1823 885 1861 volunt
916 1824 1067 1868 valent;
1111 1824 1246 1861 veritas
1279 1831 1404 1862 autem
1440 1832 1516 1863 stat
1545 1839 1568 1864 a

127 1884 298 1934 partibus
317 1884 514 1921 hominum
533 1884 693 1935 justitiae
714 1891 827 1935 atque
855 1885 1027 1935 religioni
1048 1885 1300 1934 operantium.
1359 1885 1566 1936 Sperabam

125 1944 254 1994 itaque
272 1958 344 1995 ego
362 1945 554 1996 equidem,
567 1958 692 1996 operae
707 1959 765 1983 me
783 1959 879 1983 meae
894 1946 1039 1983 fructus
1058 1958 1142 1983 esse
1157 1954 1437 1996 percepturum,
1453 1960 1567 1998 quam

127 2006 166 2043 in
186 2006 259 2044 hoc
278 2007 354 2044 filio
374 2020 458 2044 meo
490 2008 632 2046 artibus
662 2009 706 2045 iis
737 2009 945 2046 erudiendo
969 2009 1171 2058 ponebam,
1202 2009 1338 2058 quibus
1359 2023 1446 2047 cum
1465 2023 1566 2060 resp.

126 2067 304 2105 universa
323 2075 490 2113 ornatur,
511 2076 590 2106 tum
610 2082 680 2106 nos
697 2069 806 2106 ambo
822 2069 994 2119 privatim
1014 2069 1124 2106 nobis
1144 2069 1363 2106 videbamur
1377 2071 1567 2108 commodi
1606 2103 1615 2108 .

125 2129 297 2167 nonnihil
316 2129 554 2180 percepturi3
582 2142 711 2167 verum
731 2129 856 2166 evenit
876 2129 964 2166 mihi
982 2142 1135 2180 prorsus
1155 2136 1286 2167 contra
1306 2137 1418 2180 atque
1437 2143 1566 2181 spera-

125 2190 237 2228 batur
255 2196 294 2227 et
312 2189 601 2239 designabatur.
657 2190 759 2226 Nam
788 2190 1012 2227 adolescens
1032 2190 1109 2236 hic,
1135 2203 1211 2227 non
1237 2190 1376 2240 impetu
1397 2192 1564 2241 quodam

123 2249 351 2301 arrogantiae
379 2251 419 2287 in
448 2249 687 2287 contumeliis
713 2250 946 2288 lascivientis
982 2258 1102 2296 actus,
1131 2264 1254 2301 neque
1278 2251 1429 2290 levitate
1455 2261 1564 2303 petu-

124 2310 265 2356 lantiae,
278 2311 345 2348 sed
359 2310 396 2348 in
408 2311 604 2362 gymnasio
618 2325 693 2348 una
705 2324 792 2349 cum
806 2311 886 2350 aliis
897 2312 1106 2362 aequalibus
1120 2313 1190 2350 sub
1205 2313 1565 2364 magistrojaculum

124 2372 340 2422 intorquere
360 2371 526 2418 discens,
543 2372 681 2410 vulnus
701 2372 853 2423 quidem
872 2373 1012 2410 lethale
1032 2374 1168 2411 misero
1186 2387 1316 2424 puero,
1332 2375 1564 2412 accusatoris

123 2432 215 2478 filio,
234 2432 372 2476 intulit,
395 2445 524 2471 verum
544 2440 672 2470 tamen
691 2446 766 2471 non
787 2434 871 2471 ideo
892 2435 1019 2471 statim
1040 2434 1224 2472 dicendus
1251 2442 1311 2471 est
1329 2448 1414 2472 eum
1435 2443 1564 2472 sustu-

125 2493 228 2539 lisse,
249 2494 281 2531 si
299 2506 379 2531 rem
401 2500 563 2544 gestam,
592 2507 667 2531 non
688 2502 846 2532 externa
875 2495 1000 2544 specie
1020 2495 1056 2531 in
1084 2495 1216 2533 oculos
1244 2496 1472 2541 incurrente,
1493 2495 1563 2532 sed

125 2567 249 2592 rerum
267 2555 438 2601 veritate,
457 2568 544 2605 quae
563 2555 757 2605 diligentia
782 2555 1038 2593 meditationis
1066 2556 1242 2606 exigitur,
1264 2556 1426 2593 metiaris
1444 2569 1453 2592 ε
1483 2556 1563 2606 ipse

125 2627 217 2665 puer
236 2615 275 2652 in
295 2623 416 2654 semet
438 2617 624 2667 peccavit,
644 2624 682 2654 et
700 2630 765 2668 per
784 2616 883 2654 hanc
912 2616 1072 2655 alienam
1100 2618 1251 2668 culpam
1282 2618 1379 2654 filius
1400 2630 1505 2655 meus
1523 2618 1562 2655 in

127 2675 403 2714 criminationes
434 2677 602 2728 impegit,
637 2691 730 2728 quas
761 2685 804 2715 ut
834 2678 903 2716 sibi
933 2680 1186 2717 conscisceret
1225 2679 1257 2716 ei
1291 2691 1484 2728 nunquam
1522 2679 1560 2716 in

126 2741 291 2774 mentem
308 2737 420 2775 venit.
481 2739 581 2776 Nam
597 2739 627 2777 si
641 2739 824 2790 jaculum,
840 2747 947 2777 extra
964 2739 1142 2777 terminos
1160 2740 1240 2789 ejus
1256 2740 1383 2777 cursui
1399 2740 1560 2789 praefini-

127 2803 186 2833 tos
205 2803 391 2844 evectum,
419 2799 457 2836 in
476 2813 634 2850 puerum
654 2800 880 2846 incurrisset,
902 2813 1064 2850 eumque
1096 2800 1303 2845 stravisset,
1325 2800 1430 2838 nulla
1448 2802 1558 2839 nobis

127 2856 258 2895 relicta
276 2857 374 2896 foret
391 2861 585 2900 excusatio
605 2875 680 2912 qua
699 2862 974 2900 incusationem
993 2860 1108 2899 caedis
1127 2860 1422 2911 depelleremus:
1455 2862 1558 2912 atqui

823 2935 845 2958 E
