1822 3219
248 176 318 211 158
882 178 1054 216 LYSIAE

243 289 311 326 pro
337 290 450 327 oequo
475 286 513 316 et
533 279 642 329 justo
660 280 870 326 decertare,
892 282 1034 331 quippe
1056 281 1195 329 quibus
1216 281 1302 318 vitae
1323 282 1548 331 principium
1569 284 1690 332 ipsum

235 338 322 387 jure
355 338 559 377 fundatum
592 348 719 378 esset:
750 354 826 378 non
859 341 975 386 enim,
1003 340 1041 377 id
1071 340 1174 389 quod
1210 341 1319 378 multi
1350 342 1493 391 passim
1523 342 1691 380 locorum

241 397 421 436 dicuntur
446 400 543 444 ausi,
562 401 823 450 undecunque
851 400 1002 439 collecti
1029 406 1069 437 et
1087 400 1123 437 in
1145 401 1303 451 globum
1322 402 1519 451 congressi
1539 402 1691 440 miscel·

238 457 409 504 laneum,
427 460 466 498 in
485 460 652 498 alienum
673 461 812 506 solum,
831 461 965 511 ejectis
985 460 1164 510 legitimis
1186 461 1337 507 incolis,
1360 461 1691 505 invaserunt;-sed

237 519 401 558 eandem
428 520 594 571 glebam,
614 527 747 571 utpote
766 520 1009 572 Aborigines,
1025 527 1262 571 matremque
1281 529 1320 560 et
1336 522 1494 573 patriam
1513 522 1695 561 habuere.

238 579 357 619 Primi
376 588 505 618 autem
524 587 564 618 et
581 587 663 618 tum
682 581 839 631 quidem
862 581 1044 632 temporis
1075 581 1204 620 adhuc
1233 582 1306 620 soli
1333 582 1609 620 democratiam
1636 582 1694 620 in-

236 641 458 687 stituerunt,
492 642 767 693 principatibus
786 656 950 694 quorum
983 643 1167 694 subjugo
1193 643 1242 680 ad
1268 643 1306 681 id
1330 644 1512 695 temporis
1530 643 1696 682 fuissent

235 702 512 748 exterminatis,
540 703 815 750 existimantes,
835 704 1048 742 libertatem
1069 704 1240 742 omnium
1260 706 1518 743 consensione
1546 704 1693 743 animo-

238 774 320 799 rum
341 762 518 800 coalitam
538 763 653 802 finem
677 777 763 802 esse
780 763 974 802 felicitatis
993 764 1200 801 humanae:
1232 776 1321 814 spes
1351 777 1372 801 e
1404 764 1586 815 periculis
1605 776 1694 802 cum

237 823 530 873 proposuissent
547 825 722 863 omnibus
741 837 867 876 pares,
896 825 1024 864 liberis
1044 824 1179 862 animis
1201 826 1388 875 gerebant
1411 837 1490 862 rem
1510 831 1550 862 et
1567 824 1693 875 publi-

237 895 326 921 cam
349 891 389 922 et
418 884 604 934 privatam
629 886 794 936 quisque
827 898 951 931 suam,
979 899 1000 924 e
1030 885 1127 936 legis
1158 886 1383 936 praescripto
1414 885 1603 936 bonisque
1621 885 1692 929 lio-

237 956 351 982 nores
383 945 596 984 tribuentes
620 953 660 984 et
686 959 820 997 poenas
851 947 962 985 malis
993 947 1233 997 irrogantes3
1264 946 1536 984 existimabant
1554 958 1693 996 nempe

236 1003 305 1050 illi,
333 1004 546 1042 belluarum
565 1006 720 1056 quidem
746 1020 846 1054 esse,
878 1014 923 1045 ut
942 1007 1006 1046 alii
1025 1007 1108 1046 aliis
1129 1020 1197 1057 per
1214 1007 1291 1044 vim
1310 1006 1438 1045 invitis
1462 1007 1694 1058 imperitent‚

237 1063 414 1105 homines
433 1071 562 1103 autem
583 1066 736 1113 decere,
769 1074 811 1104 ut
829 1067 901 1118 ipsi
922 1067 992 1105 sibi
1022 1067 1182 1105 ferenda
1201 1074 1306 1105 certa
1326 1067 1413 1117 lege
1433 1067 1615 1115 terminos
1634 1080 1693 1105 re-

232 1141 321 1166 rum
350 1130 528 1180 figerent,
557 1130 776 1182 blandaque
806 1131 990 1170 orationis
1019 1131 1270 1183 persuasione
1301 1137 1694 1182 argumentorumque

237 1190 430 1228 evidentia
449 1191 512 1229 alii
530 1191 612 1230 aliis
631 1205 831 1230 assensum
851 1199 1138 1243 extorquerent,
1158 1192 1280 1243 iisque
1298 1191 1589 1239 famularentur,
1616 1192 1693 1243 legi

238 1257 345 1300 puta,
361 1264 434 1289 ceu
453 1253 549 1302 regi,
566 1253 703 1290 rationi
722 1261 853 1291 autem
871 1254 996 1291 verbis
1019 1253 1246 1298 declaratae,
1266 1266 1338 1291 ceu
1359 1256 1558 1303 magistro.

226 1337 232 1340 -
290 1313 328 1349 7.
358 1312 447 1355 Quo
479 1313 624 1350 factum
655 1320 729 1359 est,
755 1322 798 1352 ut
824 1314 990 1365 majores
1010 1315 1176 1352 virorum
1195 1314 1270 1352 hoc
1289 1320 1539 1351 monumento
1557 1312 1692 1351 condi-

236 1378 360 1409 torum
394 1372 664 1424 antiquissimi,
695 1375 918 1425 ingeniique
939 1375 996 1413 sui
1015 1375 1138 1425 adjuti
1157 1373 1382 1425 praestantia
1407 1380 1447 1411 et
1475 1373 1692 1412 concordiae

236 1433 361 1471 nervis
382 1434 534 1480 firmati,
554 1435 674 1473 multa
693 1436 884 1474 ediderint
903 1436 1091 1486 praeclara
1110 1442 1223 1486 atque
1242 1435 1478 1473 admirabilia
1494 1434 1692 1473 facinora:

235 1506 368 1531 verum
392 1494 466 1532 fuit
488 1507 621 1533 eorum
648 1496 810 1546 posteris
835 1509 990 1547 quoque
1024 1509 1069 1535 ea
1099 1496 1250 1534 virtutis
1276 1495 1518 1541 excellentia,
1545 1501 1589 1533 ut
1608 1495 1693 1546 ejus

235 1561 486 1594 monumenta
509 1562 550 1594 et
574 1556 749 1607 ingentia
779 1564 818 1595 et
844 1557 893 1595 ad
921 1557 1064 1595 nullius
1090 1570 1168 1594 non
1193 1556 1264 1593 aevi
1285 1556 1505 1594 memoriam
1524 1555 1694 1593 evictura

232 1622 275 1653 et
303 1628 496 1666 nusquam
529 1628 607 1654 non
637 1617 809 1655 locorum
846 1630 869 1655 a
900 1631 941 1655 se
979 1617 1136 1655 condita
1164 1617 1434 1666 relinquerent.
1493 1615 1545 1653 Hi
1576 1615 1692 1662 enim,

227 1676 389 1714 tametsi
409 1676 481 1714 soli
501 1683 640 1721 essent,
661 1690 729 1728 pro
746 1686 888 1715 cuncta
907 1678 1060 1716 Graecia
1081 1678 1264 1716 adversus
1280 1677 1424 1715 multas
1440 1677 1691 1715 barbarorum

232 1736 431 1786 myriadas
461 1736 704 1775 dimicarunt.
760 1738 866 1775 Asiae
895 1751 1031 1787 nempe
1061 1751 1141 1783 rex,
1169 1739 1280 1776 bonis
1310 1738 1566 1789 praesentibus
1585 1738 1692 1776 haud

234 1803 454 1843 contentus,
487 1797 557 1834 sed
592 1797 758 1848 Europae
792 1810 946 1848 quoque
977 1811 1136 1849 sperans
1168 1811 1208 1836 se
1234 1800 1372 1849 jugum
1408 1799 1690 1848 impositurum,

228 1857 445 1907 quingenta
477 1857 675 1895 hominum
708 1865 939 1896 armatorum
973 1859 1092 1896 millia
1118 1858 1195 1896 huc
1223 1859 1339 1896 misit.
1397 1858 1487 1896 Rati
1505 1859 1559 1905 hi,
1587 1859 1690 1898 hanc

230 1919 366 1955 urbem
387 1918 508 1955 solam
536 1919 568 1956 si
598 1927 666 1956 aut
688 1918 881 1957 volentem
905 1920 975 1957 sibi
1004 1919 1270 1970 adjunxissent
1298 1926 1366 1957 aut
1389 1919 1547 1956 invitam
1574 1920 1689 1958 sube-

232 1979 396 2028 gissent,
417 1978 529 2016 facile
550 1991 593 2016 se
613 1978 780 2029 reliquos
811 1993 965 2031 quoque
989 1979 1155 2018 Graeciae
1174 1980 1336 2030 populos
1360 1980 1431 2017 sub
1454 1986 1688 2030 potestatem

231 2052 317 2076 esse
353 2039 565 2086 habituros,
603 2040 867 2078 escendebant
900 2041 949 2078 ad
981 2041 1268 2085 Marathonem,
1304 2047 1566 2086 autumantes,
1605 2049 1688 2079 tum

231 2100 398 2137 maxime
431 2101 600 2138 futurum
630 2107 673 2137 ut
705 2107 856 2139 nostros
883 2114 906 2139 a
938 2102 1052 2139 sociis
1080 2101 1253 2140 desertos
1283 2101 1555 2152 opprimerent,
1583 2114 1686 2148 cum,

234 2161 390 2198 Graecia
427 2160 554 2199 adhuc
591 2162 676 2211 ipsa
707 2175 838 2200 secum
872 2163 1089 2200 dissidente
1121 2169 1236 2212 atque
1271 2162 1485 2207 dubitante,
1519 2174 1686 2212 quanam

230 2221 520 2271 expeditissima
538 2222 686 2259 ratione
704 2222 898 2260 invasores
925 2222 1144 2274 depellendi
1164 2223 1254 2268 sint,
1270 2221 1499 2259 discriminis
1519 2222 1689 2261 adeundi

232 2283 501 2320 necessitatem
535 2283 628 2333 ipsis
665 2283 928 2321 admoverent.
1004 2284 1199 2321 Praeterea
1241 2283 1523 2321 inhaerescebat
1560 2284 1688 2324 adhuc

231 2354 363 2379 eorum
395 2342 528 2380 animis
548 2342 632 2380 haec
652 2343 700 2379 de
718 2344 916 2394 republica
934 2351 1068 2382 nostra
1087 2345 1228 2395 opinio,
1260 2357 1280 2381 e
1303 2344 1479 2394 gloriosis
1500 2346 1685 2396 majorum

230 2402 342 2439 factis
369 2410 496 2448 enata,
515 2410 558 2440 ut
584 2403 839 2453 praeviderent
869 2405 1054 2450 futurum,
1083 2417 1353 2455 quamcunque
1375 2405 1488 2442 aliam
1509 2407 1686 2456 rempub-

230 2463 344 2501 licam
366 2463 545 2501 Graecam
564 2464 724 2514 priorem
740 2465 1058 2516 aggrederentur,
1071 2472 1113 2502 ut
1133 2478 1209 2503 una
1222 2478 1308 2503 cum
1328 2465 1392 2503 illa
1405 2472 1445 2502 et
1462 2478 1550 2503 cum
1565 2465 1685 2503 Athe-

231 2523 429 2562 niensibus
474 2530 668 2562 certamen
711 2525 898 2563 haberent
935 2525 1239 2569 decertandum3
1287 2526 1546 2563 Athenienses
1582 2527 1684 2564 enirn

230 2590 406 2635 prompte
433 2584 514 2623 sine
541 2585 786 2623 cunctatione
815 2586 890 2623 vim
917 2587 1041 2636 passis
1061 2587 1276 2637 quibusque
1302 2599 1384 2623 esse
1404 2587 1684 2628 subventuros:

227 2645 302 2684 hos
318 2652 445 2684 autem
456 2646 495 2684 in
510 2646 650 2697 primos
664 2646 694 2684 si
708 2646 957 2695 incurrerent,
973 2648 1163 2684 neminem
1183 2648 1262 2684 fore
1277 2646 1509 2696 reliquorum
1527 2646 1685 2686 Graeco-

231 2719 328 2752 rum,
347 2707 423 2758 qui,
444 2706 574 2745 studio
594 2707 771 2744 servandi
790 2714 903 2757 atque
925 2707 1058 2745 tuendi
1077 2708 1186 2754 alios,
1207 2707 1355 2744 illorum
1376 2707 1413 2743 in
1435 2708 1594 2757 gratiam
1614 2721 1683 2746 au-

230 2766 339 2804 deret
358 2775 500 2817 apertae
521 2780 650 2806 secum
670 2767 874 2805 simultatis
895 2769 1041 2805 semina
1061 2780 1254 2818 spargere.
1312 2766 1376 2803 Sic
1399 2766 1529 2804 Persae
1550 2781 1682 2806 secum

229 2827 471 2865 ratiocinari:
503 2828 619 2865 nostri
659 2834 786 2866 autem
823 2829 1003 2877 majores,
1034 2841 1111 2865 non
1148 2828 1201 2864 illi
1231 2827 1387 2877 quidem
1424 2828 1588 2866 consilia
1620 2841 1682 2865 se·

231 2895 393 2936 quantes
413 2889 661 2938 prudentiora
695 2895 809 2938 atque
829 2890 980 2935 tutiora,
1010 2889 1147 2939 quippe
1181 2889 1276 2926 bene
1298 2889 1404 2938 gnari
1423 2888 1680 2939 periculorum
