1822 3219
271 170 347 206 308
555 172 723 211 LYSIAE
757 174 983 214 CONTRA
1019 173 1432 213 DARDANARIOS.

273 269 394 307 multo
426 271 475 309 sit
503 273 636 320 satius,
669 287 736 313 vos
766 277 988 314 miserorum
1023 276 1175 321 civium,
1203 287 1301 326 quos
1334 275 1471 313 horum
1502 274 1724 312 sicariorum

271 330 461 380 cupiditas
474 331 682 384 jugulavit,
711 337 879 374 miserari
898 344 1054 383 sortem,
1073 348 1147 374 nec
1175 348 1252 373 non
1276 342 1544 380 mercatorum,
1563 346 1725 385 quorum

273 389 310 426 in
330 391 458 441 capita
486 393 735 446 fortunasque
764 396 825 434 hic
846 396 972 434 furum
1000 397 1138 447 globus
1167 395 1405 446 conjuravit;
1434 394 1725 445 iisquevdebitas

274 463 406 500 poenas
427 455 474 491 ab
495 455 553 493 his
571 465 756 507 repetere,
774 470 896 508 eoque
916 464 1032 509 pacto
1051 466 1091 496 et
1109 458 1272 508 gratiam
1293 470 1315 495 a
1332 457 1607 495 mercatoribus
1633 456 1728 494 inire

273 517 314 549 et
344 525 410 551 eos
441 515 490 553 ad
522 529 693 555 annonas
723 518 797 556 huc
830 518 1117 557 convectandas
1150 518 1272 555 multo
1304 517 1465 556 reddere
1492 516 1727 555 lubentiores

274 578 389 623 atque
410 577 634 626 paratiores.
693 579 761 616 Sin
782 579 923 624 minus,
944 586 1051 618 certo
1070 580 1240 617 futurum
1267 578 1500 624 existimate,
1519 584 1563 615 ut
1579 589 1727 616 merca·

274 639 400 673 torum
432 651 587 689 quoque
611 640 760 678 animos
783 650 949 691 occupet
969 640 1104 679 eadem
1129 639 1320 691 opinionis
1340 639 1508 685 foeditas,
1533 644 1663 688 atque,
1688 637 1729 675 id

273 696 378 744 quod
398 699 515 737 modo
533 699 722 746 dicebam,
745 708 873 740 vestra
895 701 1085 740 absolutio
1105 700 1242 738 horum
1269 699 1505 738 nebulonum
1524 698 1564 736 in
1589 697 1728 736 civium

275 755 410 794 animis
425 766 600 797 creatura
612 761 775 798 videtur.
834 762 987 810 Ecquid
1003 763 1105 800 enim
1120 761 1240 806 aliud,
1257 773 1373 811 quam
1388 773 1458 799 vos
1477 772 1566 798 cum
1581 759 1729 798 furibus

273 816 484 864 colludere,
504 822 721 859 censebunt
749 830 996 869 mercatores,
1023 822 1238 868 audientes,
1259 834 1326 860 eos
1351 833 1563 872 mangones
1584 820 1729 871 specie-

272 890 356 915 rum
377 882 672 920 annonariarum
692 883 837 921 avobis
853 883 1052 921 absolutos
1072 896 1172 928 esse,
1191 883 1257 933 qui
1271 882 1344 933 ipsi
1359 882 1450 920 fassi
1469 882 1546 920 sint
1567 893 1610 919 se
1628 880 1732 918 navi-

273 939 425 979 culariis
444 941 641 981 insidIari?

330 1001 369 1038 9.
400 1001 546 1041 Nescio
559 1003 657 1054 jam,
679 1017 768 1054 quae
783 1004 895 1054 plura
914 1003 1113 1054 disputare
1133 1003 1319 1040 debeam:
1349 1015 1439 1040 nam
1463 1002 1623 1042 aliorum
1647 1001 1731 1052 qui-

276 1059 364 1098 dem
391 1075 544 1100 reorum
572 1064 732 1101 crimina
757 1076 919 1101 necesse
947 1064 1052 1101 factu
1072 1063 1181 1100 vobis
1206 1068 1278 1107 est,
1299 1069 1342 1099 ut
1371 1064 1418 1101 ab
1445 1062 1731 1100 accusatoribus

276 1122 507 1168 doceamini,
528 1122 665 1161 horum
694 1130 824 1161 autem
852 1123 1134 1174 improbitatem
1154 1123 1228 1173 ipsi
1249 1134 1316 1160 vos
1336 1135 1468 1160 omnes
1482 1118 1566 1173 jam
1583 1122 1731 1161 dudum

276 1184 414 1222 nostis.
469 1183 587 1226 Quod
605 1183 637 1221 si
652 1196 745 1234 ergo
759 1183 830 1221 hos
845 1183 1168 1229 condemnabitis,
1184 1196 1262 1221 una
1269 1183 1347 1234 juri
1363 1196 1475 1234 aequo
1490 1183 1731 1222 satisfacietis

276 1250 316 1282 et
334 1244 516 1283 frumenti
534 1244 698 1296 pretium
718 1244 923 1288 minuetis;
955 1245 1012 1283 sin
1035 1244 1176 1291 minus,
1196 1243 1430 1283 accendetis.
