1822 3219
546 131 768 170 CONTRA
801 128 1120 167 ERGOCLEM.
1476 128 1548 165 337

106 234 152 273 iis
171 235 336 273 honores
357 234 621 278 demandatos,
638 233 731 270 salvi
750 232 780 269 si
801 243 885 269 esse
905 231 1035 274 velint,
1050 236 1155 266 caste
1172 234 1379 278 sancteque
1397 228 1488 277 geri,
1503 240 1549 265 au

107 296 200 346 ipsis
229 296 446 346 permissuri
473 295 568 340 sitis,
588 300 837 344 posteaquam
866 291 975 328 furtis
1000 291 1186 328 bonorum
1206 296 1425 326 vestrorum.
1437 301 1551 336 quam

105 356 276 405 plurimis
291 356 453 406 saginati
468 354 621 399 fuerint,
637 352 799 390 eundem
821 352 869 388 ad
891 358 1042 401 portum
1059 349 1192 387 salutis
1207 349 1422 399 perfugere,
1438 355 1551 397 atque

106 415 145 452 hi
165 423 361 454 conantur.
419 415 536 465 Atqui
564 426 677 451 nosse
697 425 765 450 vos
795 418 957 462 oportet,
981 410 1146 460 judices,
1167 416 1282 458 atque
1309 416 1434 446 certos
1455 421 1553 451 esse,

105 476 169 526 qui
189 476 225 512 in
245 476 326 513 istis
346 477 462 513 tantis
489 487 614 512 rerum
636 480 849 511 nostrarum
877 471 1065 521 angustiis
1086 471 1138 507 nil
1158 469 1305 507 dubitet
1326 469 1390 506 illa
1410 469 1553 506 minora

107 535 253 573 scelera
270 536 520 579 committere,
536 541 579 571 ut
597 534 770 572 civitates
790 533 940 583 prodat,
956 539 999 569 ut
1015 533 1189 569 aerarium
1206 537 1372 568 vestrum
1393 530 1554 580 depecu-

107 595 221 640 letur,
239 602 283 633 ut
295 596 360 646 jus
380 609 531 646 aequum
553 603 591 633 et
610 595 812 645 vectigalia
831 602 956 632 vestra
977 595 1324 644 praerogativasque
1345 593 1553 642 largitioni-

108 657 180 694 bus
199 657 353 702 vendat,
373 671 459 695 eum
489 670 511 695 a
538 657 744 708 majoribus
776 669 929 705 quoque
960 656 1063 693 haud
1094 657 1174 693 fore
1202 656 1368 692 alienum
1390 655 1556 704 nihilque

109 716 382 762 dubitaturum,
402 718 606 766 quominus
628 724 665 754 et
690 729 798 754 arces
819 724 964 754 vestras
985 724 1023 754 et
1042 716 1205 753 classem
1228 716 1403 753 hostibus
1421 717 1557 765 prodat

110 784 227 826 atque
258 784 400 815 statum
429 778 531 814 hunc
561 777 755 828 popularis
786 777 972 814 libertatis
1002 790 1089 814 cum
1118 790 1327 826 paucorum
1359 776 1557 813 dominatu

108 844 316 888 permutet:
346 850 423 875 non
451 839 580 888 itaque
611 837 789 875 convenit
809 850 877 875 vos
905 838 1040 874 horum
1076 845 1257 886 apparatu
1289 837 1417 873 terreri
1447 837 1557 886 eique

109 899 334 944 concedere,
355 912 446 944 non,
467 899 710 937 reformidare
731 898 1012 936 multitudinem
1043 907 1155 946 atque
1185 896 1393 946 potentiam
1415 909 1559 940 eorum,

108 972 205 1009 quos
234 960 272 996 hi
302 960 424 1009 gratia
452 961 706 1010 precibusque
734 966 772 996 et
801 958 1064 1008 largitionibus
1091 958 1210 995 victos
1242 957 1487 1007 impulerunt,
1517 965 1561 995 ut

110 1020 402 1057 advocationem
423 1027 537 1069 atque
553 1020 861 1069 deprecationem
877 1019 1076 1069 injudicio
1092 1019 1323 1069 reciperent;
1343 1019 1560 1069 exemplum

108 1081 236 1130 potius
257 1080 427 1125 statuite,
447 1080 557 1130 cujus
577 1080 679 1117 fama
700 1086 894 1129 terrorque
915 1080 963 1116 ad
984 1092 1116 1116 omnes
1140 1086 1349 1129 permanet,
1372 1086 1410 1117 et
1435 1093 1560 1130 neque

109 1140 258 1178 lucrum
279 1153 402 1191 neque
423 1141 790 1178 commiserationem
820 1153 944 1190 neque
976 1140 1079 1178 aliud
1107 1141 1311 1191 quicquam
1341 1141 1561 1191 praehabete

107 1201 304 1239 severitati
325 1201 533 1251 punitionis
555 1201 592 1238 in
614 1201 672 1238 his
693 1201 929 1238 exercendae.

167 1266 203 1300 3.
224 1263 426 1313 Ergoclem
447 1263 623 1313 suspicor
635 1262 826 1312 equidem,
843 1263 1115 1309 Athenienses,
1133 1264 1400 1314 praevideoque
1418 1264 1466 1301 de
1479 1276 1562 1301 cru-

111 1324 270 1361 delitate
290 1324 443 1374 quidem
464 1330 578 1373 atque
599 1324 807 1374 rapacitate
829 1336 901 1361 sua
919 1324 957 1360 in
979 1324 1384 1362 Halicarnassensibus
1406 1324 1564 1360 demon·

111 1386 231 1422 strata
247 1392 286 1422 et
305 1385 351 1422 de
369 1385 528 1435 imperio
554 1385 690 1422 classis
711 1391 849 1422 vestrae
871 1398 893 1422 a
913 1397 953 1422 se
975 1392 1085 1435 gesto
1104 1386 1319 1434 ceterisque
1341 1385 1389 1422 de
1409 1385 1522 1422 rebus
1542 1398 1564 1422 a

113 1460 153 1484 se
173 1448 294 1497 gestis
316 1460 363 1484 ne
383 1459 563 1484 ausurum
586 1446 739 1496 quidem
757 1459 841 1483 esse
861 1459 900 1484 se
920 1459 1102 1497 purgare3
1135 1459 1262 1483 verum
1285 1453 1410 1483 tamen
1427 1446 1564 1483 volun-

113 1514 230 1545 tatem
250 1520 342 1557 erga
363 1520 428 1545 vos
457 1519 563 1544 suam
585 1506 829 1556 studiumque
857 1507 973 1544 vestri
997 1514 1264 1544 excusaturum
1293 1507 1564 1555 molestiasque

107 1568 342 1618 jactaturum
383 1574 421 1604 et
456 1567 574 1604 veluti
614 1568 719 1605 vobis
760 1567 1078 1618 exprobraturum
1117 1581 1139 1604 a
1176 1581 1217 1604 se
1257 1567 1358 1618 apud
1401 1568 1562 1617 Phylam

112 1629 307 1674 toleratas,
332 1641 419 1665 cum
452 1628 632 1665 exercitui
666 1636 878 1665 vestrorum
907 1628 1081 1665 exsulum
1115 1628 1217 1665 illinc
1249 1628 1284 1665 in
1312 1628 1474 1678 patriam
1506 1641 1563 1664 re-

113 1689 193 1726 dire
207 1688 435 1726 conantium
455 1689 668 1726 interesset.
727 1689 809 1739 Ego
835 1701 937 1734 vero,
959 1689 1227 1733 Athenienses,
1250 1689 1352 1726 hanc
1382 1701 1460 1725 rem
1493 1688 1564 1725 hoc

114 1756 228 1800 pacto
249 1756 342 1800 puto
357 1755 396 1786 et
416 1762 566 1786 censeo.
624 1749 855 1798 Quicunque
882 1749 1054 1799 pericula.
1073 1756 1198 1786 vestra
1219 1749 1418 1786 vobiscum
1446 1748 1564 1798 parti-

114 1809 303 1859 ciparunt,
321 1822 396 1847 non
413 1809 486 1847 alia
504 1809 681 1859 quapiam
696 1809 797 1859 turpi
814 1822 866 1854 re,
883 1810 948 1846 sed
966 1809 1039 1847 hoc
1053 1810 1135 1847 solo
1149 1810 1240 1847 moti
1257 1809 1358 1859 quod
1380 1816 1565 1860 cuperent

115 1870 288 1908 libertate
301 1870 399 1907 civili
415 1877 453 1908 et
465 1871 563 1920 aequi
578 1870 675 1918 juris
693 1869 961 1908 exercitatione
978 1870 1096 1915 beari,
1110 1870 1291 1921 legesque
1308 1870 1409 1920 quod
1423 1870 1567 1907 vellent

117 1944 183 1968 eas
202 1931 346 1968 habere
364 1931 502 1980 quibus
530 1943 663 1968 omnes
694 1930 891 1975 servirent,
917 1938 956 1968 et
983 1931 1087 1981 quod
1116 1938 1351 1981 grassatores
1381 1930 1566 1974 odissent,

118 1991 186 2028 hos
204 2004 277 2040 ego
297 1991 401 2028 cives
421 2004 506 2028 esse
520 1991 639 2028 malos
653 2003 765 2041 nego,
783 2004 884 2042 nego
899 1992 986 2028 item
1007 1991 1114 2029 nefas
1135 2005 1220 2029 esse
1240 1992 1276 2028 in
1293 1992 1425 2029 horum
1442 1992 1566 2029 causis

117 2052 344 2102 capitalibus
364 2051 485 2089 exsilii
506 2053 552 2089 ab
570 2052 660 2101 ipsis
677 2052 827 2089 tolerati
847 2052 1030 2090 rationem
1052 2052 1199 2090 haberi:
1231 2053 1286 2090 sin
1304 2059 1428 2090 autern
1446 2053 1480 2088 in
1504 2052 1563 2095 iis,

118 2113 182 2163 qui
202 2113 250 2150 ab
270 2112 401 2149 exsilio
420 2112 617 2149 vobiscum
639 2113 675 2149 iu
696 2113 859 2163 patriam
891 2113 1099 2157 redierunt,
1123 2114 1212 2159 sint,
1238 2114 1301 2164 qui
1330 2127 1445 2157 nunc,
1466 2113 1565 2150 obti-

117 2180 230 2210 nente
245 2185 339 2223 pace
354 2173 650 2221 atquelibertate
664 2174 889 2222 civili‚cives
903 2180 1108 2225 torqueant
1120 2175 1341 2225 injuriisque
1355 2164 1567 2224 exagitent,

117 2235 328 2284 vestrisque
342 2234 390 2272 de
403 2235 534 2286 spoliis
551 2248 609 2272 res
628 2248 717 2272 suas
734 2235 898 2285 privatas
913 2244 1160 2286 exaggerent,
1177 2236 1214 2273 in
1230 2236 1300 2273 hos
1316 2236 1436 2273 multo
1452 2236 1564 2272 etiarn

118 2295 285 2332 severius
316 2308 429 2344 quam
463 2295 499 2332 in
533 2296 811 2345 Trigintaviros
842 2298 1020 2333 convenit
1049 2309 1115 2334 vos
1135 2296 1452 2334 animadvertere.
1511 2296 1565 2332 Hi

118 2357 218 2393 enim
240 2355 276 2392 in
297 2355 335 2392 id
354 2355 633 2404 deligebantur,
655 2363 697 2393 ut
725 2369 957 2406 quocunque
987 2365 1146 2407 possent
1171 2371 1310 2407 genere
1342 2358 1466 2395 noxiae
1498 2369 1564 2393 vos

118 2422 335 2466 carperent:
365 2415 445 2452 istis
462 2422 588 2452 autem
609 2415 680 2465 ipsi
699 2429 768 2454 vos
796 2418 930 2454 vestris
952 2418 1124 2455 manibus
1143 2419 1179 2455 in
1199 2419 1315 2456 fidem
1337 2419 1444 2468 quasi
1466 2424 1563 2454 tute-

117 2476 272 2526 lamque
290 2476 513 2520 tradidistis,
535 2489 610 2525 quo
630 2489 748 2527 remp.
769 2477 806 2514 in
826 2478 1039 2516 libertatem
1059 2479 1300 2517 vindicarent
1318 2479 1366 2515 ad
1387 2478 1565 2528 splendo-

119 2550 272 2586 remque
292 2544 408 2584 atque
435 2537 723 2587 amplitudinem
755 2538 994 2582 attollerent;
1025 2553 1183 2589 quorum
1211 2540 1302 2576 nihil
1335 2539 1474 2583 evenit,
1496 2538 1564 2575 sed

119 2597 260 2647 potius,
274 2597 400 2646 quoad
422 2598 504 2648 ejus
526 2611 592 2647 per
611 2599 714 2648 ipsos
734 2599 814 2636 fieri
832 2600 969 2649 potuit,
984 2600 1020 2636 in
1036 2600 1252 2638 discrimina
1274 2598 1460 2635 dirissima
1472 2611 1561 2635 con-

115 2657 208 2709 jecti
234 2657 343 2700 estis;
373 2665 605 2709 quapropter
636 2659 756 2696 multo
783 2660 830 2697 sit
850 2661 995 2710 aequius
1017 2673 1083 2697 vos
1103 2660 1429 2697 commiseratione
1448 2659 1564 2696 vestri

120 2719 398 2767 liberorumque
417 2726 530 2769 atque
553 2733 712 2757 uxorum
733 2721 889 2766 moveri,
908 2735 1023 2771 quam
1043 2721 1175 2757 horum
1197 2734 1219 2757 a
1239 2720 1376 2769 quibus
1396 2728 1472 2757 tam
1493 2720 1562 2756 irn-

121 2778 223 2829 puris
243 2785 319 2815 tam
340 2778 545 2817 crudeliter
565 2781 794 2818 laceramiui.
827 2782 915 2825 Quo
931 2782 1030 2819 enim
1046 2789 1214 2830 tempore
1231 2780 1434 2818 anchoram
1453 2781 1562 2830 quasi

124 2838 257 2876 salutis
277 2838 338 2875 vix
369 2839 522 2876 tandem
556 2841 761 2890 aliquando
792 2841 1089 2892 apprehendisse
1115 2841 1471 2889 confidebamus‚hi
1501 2840 1564 2891 qui

810 2904 832 2936 ‘2
856 2915 882 2937 x
