1822 3219
772 506 1175 559 L-YSIAE

393 671 496 723 DE
550 672 936 723 EVANDRI
988 669 1543 721 PROBATIONE

847 815 1092 856 ORATIO.

903 932 1029 939 ——

300 1013 335 1055 l.
365 1018 385 1038 *t
405 1017 425 1037 ’Κ
446 1016 466 1037 *
494 1014 719 1054 existimans
749 1024 815 1051 eos
839 1012 1102 1062 [magistratus
1124 1016 1217 1061 puta
1234 1022 1410 1049 censurae
1430 1020 1576 1048 morum
1594 1021 1691 1060 pree·

242 1079 384 1128 sectos]
413 1090 491 1115 non
520 1075 727 1115 admodum
757 1073 981 1123 diligentem
1010 1085 1134 1123 neque
1164 1084 1334 1110 severam
1371 1084 1457 1109 esse
1489 1083 1691 1120 censuram

242 1140 440 1179 habituros
459 1139 508 1176 ob
528 1135 846 1186 longinquitatem
865 1133 1048 1184 temporis
1067 1132 1170 1182 quod
1188 1145 1210 1170 a
1232 1132 1511 1183 perpetratione
1537 1138 1691 1170 tuorum

242 1200 444 1239 eriminum
477 1198 526 1236 ad
553 1197 628 1235 hoc
656 1195 731 1233 diei
759 1193 933 1239 effluxit;
961 1205 1124 1244 quorum
1151 1192 1362 1238 criminum,
1390 1205 1477 1242 quae
1505 1199 1544 1230 et
1571 1191 1694 1230 multa

242 1267 334 1299 sunt
361 1266 401 1298 et
427 1257 582 1302 atrocia,
604 1267 822 1307 quanquam
848 1263 891 1292 tu
917 1255 1017 1292 bene
1044 1253 1112 1291 tibi
1138 1253 1318 1291 conscius
1338 1266 1394 1300 es,
1413 1265 1544 1304 speras
1564 1259 1693 1291 tamen

240 1334 374 1361 eorum
411 1318 618 1358 nonnullos
656 1330 743 1355 esse
782 1315 935 1354 oblitos.
1005 1316 1248 1365 Quapropter
1288 1314 1414 1352 animo
1451 1314 1695 1352 vehementer

241 1395 363 1434 angor
393 1387 598 1430 metuoque
626 1385 665 1416 et
694 1376 872 1428 indIgnor
896 1376 1011 1423 idem,
1037 1375 1257 1412 Evandrum
1286 1375 1359 1413 hac
1384 1388 1451 1426 spe
1476 1375 1616 1413 fretum
1642 1373 1693 1412 ad

239 1456 310 1482 vos
343 1455 448 1480 nunc
476 1439 696 1492 procedere,
727 1444 939 1482 senatores,
971 1436 1082 1486 quasi
1116 1448 1193 1473 non
1222 1448 1305 1480 VOS,
1333 1435 1403 1473 sed
1433 1436 1566 1474 nescio
1597 1448 1694 1486 quos

240 1506 351 1552 alios,
369 1504 516 1555 injuriis
542 1502 719 1546 laesisset,
744 1508 782 1538 et
807 1499 919 1549 quasi
946 1498 1010 1537 alii
1038 1497 1086 1535 de
1113 1510 1155 1536 se
1184 1497 1322 1534 dicturi
1348 1496 1426 1534 sint
1453 1498 1693 1544 sententiam,

239 1580 317 1606 non
337 1578 419 1612 vos,
437 1564 501 1615 qui
522 1563 575 1602 rei
593 1575 748 1601 causam
767 1558 1010 1611 cognoscetis
1030 1559 1112 1610 ejus
1140 1571 1163 1596 a
1188 1570 1264 1608 quo
1293 1557 1432 1595 multas
1460 1571 1694 1610 magnasque

237 1628 370 1667 noxias
397 1624 616 1676 accepistis.
673 1622 753 1660 Sed
779 1628 907 1660 vestra
934 1621 1018 1658 haec
1046 1628 1104 1657 est
1127 1619 1297 1669 ipsorum
1322 1618 1450 1669 culpa,
1472 1631 1547 1656 non
1568 1633 1694 1658 recor·

238 1688 414 1727 dantium
440 1684 661 1723 Evandrum
690 1682 739 1720 de
768 1694 886 1732 grege
915 1681 980 1717 illo
1010 1692 1109 1725 esse,
1134 1678 1199 1729 qui
1227 1679 1449 1716 facilitatem
1470 1687 1634 1717 vestram
1656 1689 1694 1719 et

237 1747 480 1789 clementiam
506 1758 576 1796 pro
596 1742 775 1782 tarditate
794 1742 1104 1792 interpretantur.
1163 1740 1377 1790 Republica
1399 1753 1423 1778 a
1441 1740 1476 1777 vi
1495 1746 1609 1791 atque
1630 1742 1697 1780 do-

238 1809 448 1849 minatione
478 1804 856 1844 Lacedaemoniorum
893 1815 1090 1854 oppressa‚
1121 1815 1170 1840 ne
1207 1802 1428 1840 servitutem
1463 1803 1636 1853 quidem‘
1655 1804 1694 1842 hi

239 1884 350 1910 suam
375 1881 442 1907 vos
467 1879 598 1906 secum
626 1865 856 1917 participare
882 1863 1074 1908 sinebant,
1105 1863 1173 1901 sed
1200 1863 1295 1900 urbe
1323 1875 1391 1901 vos
1420 1864 1692 1914 expellebant;

238 1946 306 1972 vos
327 1938 454 1970 autem
473 1942 552 1967 non
570 1927 687 1965 modo
706 1926 921 1964 libertatem
943 1924 1080 1963 virtute
1107 1936 1301 1975 operaque
1326 1930 1454 1962 vestra
1481 1931 1693 1975 reparatam

239 2007 326 2033 curn
345 1991 439 2044 ipsis
459 1986 821 2033 communicavistis,
841 1985 910 2024 sed
930 1985 1044 2023 etiarn
1066 1984 1131 2035 jus
1157 1984 1195 2021 in
1216 1983 1370 2035 judiciis
1395 1984 1553 2022 sedendi
1579 1991 1694 2036 atque

238 2069 329 2096 cum
348 2052 492 2106 populo
513 2052 550 2090 in
570 2050 756 2089 concione
776 2046 943 2099 agendi:
975 2054 1079 2084 recte
1099 2045 1230 2096 itaque
1251 2046 1293 2083 fit
1318 2052 1434 2096 atque
1459 2053 1574 2097 prout
1599 2059 1691 2085 con-

238 2124 467 2157 sentaneum
488 2121 548 2152 est
566 2113 660 2158 fieri,
680 2124 749 2150 vos
767 2110 807 2148 hi
826 2122 913 2148 cum
933 2115 1089 2160 sperant
1108 2115 1184 2146 tam
1206 2108 1287 2146 fore
1313 2121 1452 2159 segnes
1476 2115 1591 2160 atque
1615 2116 1692 2148 tam

236 2177 434 2223 vecordes,
454 2183 496 2213 ut
515 2175 581 2213 illa
605 2186 676 2212 sua
702 2180 780 2211 tam
807 2169 977 2209 enormia
1004 2169 1163 2208 crimina
1189 2168 1490 2207 dissimulatione
1507 2170 1694 2220 veniaque

238 2248 278 2278 et
311 2238 500 2277 oblivione
532 2232 814 2273 transmittatis.
870 2231 973 2269 Huic
1006 2230 1114 2281 gregi
1149 2229 1363 2280 adscriptus
1400 2229 1580 2268 Evander
1615 2244 1692 2269 non

238 2297 448 2350 acquiescit
466 2297 505 2334 in
525 2294 817 2347 participatione
836 2292 977 2344 jurium
1002 2291 1176 2334 illorum3
1206 2290 1274 2328 sed
1294 2290 1423 2338 etiam,
1440 2291 1561 2341 poenis
1581 2304 1691 2343 supe·

237 2362 379 2399 riorum
400 2357 588 2396 scelerum
608 2355 779 2393 nondum
799 2353 1018 2405 persolutis,
1035 2352 1200 2390 honores
1220 2351 1352 2389 ambit.
1681 2358 1685 2361 “

293 2423 332 2458 2.
363 2420 408 2457 In
438 2417 660 2456 defensione
687 2421 831 2454 nostrae
859 2412 1132 2458 accusationis,
1155 2419 1198 2450 ut
1223 2413 1326 2450 fama
1352 2412 1402 2450 ad
1431 2425 1500 2451 nos
1525 2413 1692 2464 pertulit,

239 2479 496 2523 accusationis
524 2490 674 2515 summa
701 2476 829 2527 capita
856 2475 991 2513 leviter
1020 2482 1135 2524 atque
1171 2473 1410 2512 defunctorie
1445 2475 1690 2525 perstringet,

237 2542 514 2598 praeterlabens
539 2551 600 2576 res
625 2537 733 2576 dictu
753 2536 991 2575 necessarias
1011 2543 1050 2573 et
1069 2535 1352 2573 accusationem
1373 2533 1594 2572 defensione
1614 2536 1694 2573 suf-

236 2607 370 2644 furans
397 2601 454 2653 [h.
474 2613 508 2639 e.
527 2598 729 2637 criminum
752 2597 973 2635 memoriam
993 2596 1189 2647 judicibus
1218 2595 1421 2646 rapiditate
1449 2600 1692 2634 transcursus

238 2662 448 2717 e1·ipiens];
483 2661 522 2698 in
546 2660 622 2698 hoc
649 2665 777 2696 autem
803 2670 886 2695 sese
913 2657 1090 2708 jactabit,
1109 2663 1150 2694 ut
1180 2656 1294 2701 dicat,
1313 2668 1429 2705 seque
1454 2656 1693 2707 majoresque

240 2727 371 2779 gloriae
391 2723 586 2763 studiosos
605 2721 726 2759 multa
744 2719 782 2757 in
802 2718 1077 2769 rempublicam
1092 2729 1272 2767 erogasse
1290 2729 1526 2766 muneraque
1545 2718 1693 2768 magni-

240 2787 315 2826 fice
335 2784 502 2824 edidisse
529 2780 712 2834 superiori
736 2779 864 2819 adhuc
892 2785 1047 2816 tenente
1074 2779 1249 2816 libertate
1275 2776 1447 2828 populari
1474 2777 1692 2828 multasque

241 2856 281 2887 et
299 2846 469 2897 insignes
490 2843 670 2883 victorias
687 2855 708 2881 e
724 2841 824 2879 ludis
844 2845 1084 2891 reportasse;
1115 2838 1220 2883 item,
1235 2837 1406 2888 proprias
1423 2837 1543 2888 ipsius
1556 2837 1692 2876 laudes

243 2909 275 2948 si
292 2906 504 2958 requiratis,
523 2904 731 2956 pudentem
751 2915 793 2941 se
812 2907 925 2951 atque
950 2904 1224 2949 temperantem
1250 2910 1350 2946 esse,
1369 2910 1494 2949 neque
1526 2898 1691 2949 conspici
