1911 3248
658 155 1002 193 TETRALOGlA
1034 156 1063 192 Ι.
1531 156 1577 192 21

270 342 307 376 4.
339 340 610 379 DEFENSIO
642 341 950 380 POSTERIOR
981 341 1233 381 EJUSDEM
1266 343 1455 381 CAEDIS.

702 443 1021 474 ARGUMENTUM.

189 505 270 535 Ecce
284 506 382 545 inquit
397 517 464 545 ego,
474 513 504 536 et
519 517 650 536 aerumna
659 518 735 538 mea.
766 510 992 540 Demostrative
1006 510 1092 546 dicit,
1104 511 1239 550 seipsum
1255 510 1394 540 innuens.
1430 511 1500 548 lpse
1510 520 1579 549 ego,

143 553 251 592 inquit,
266 556 411 594 meipsum
428 561 459 585 et
473 556 636 587 infortunio
651 568 719 587 meo
736 562 767 588 et
781 558 904 588 istorum
919 560 1043 590 malitiae
1060 561 1156 590 trado.
1201 561 1419 599 Argumentum
1437 570 1470 590 se
1483 560 1578 590 homi—

144 603 256 633 cidium
271 615 329 634 uon
346 605 455 635 fecisse
473 607 588 644 praebet
605 617 686 642 τρυε,
701 608 782 646 quod
799 619 944 648 nusquam
968 620 1001 639 ea
1018 615 1105 640 nocte
1128 620 1311 649 progressus
1324 610 1439 647 fueri25
1462 615 1493 641 el.
1508 620 1578 648 pro-

143 657 249 691 pterea
264 664 367 683 omnes
385 665 490 685 servos
510 661 543 685 ut
558 660 755 696 torqueantur
771 658 870 687 offert.

195 769 306 807 Ecce
326 782 398 820 ego
419 783 478 808 me
497 771 720 816 infelicitati,
742 786 856 823 quam
876 774 913 811 hi
935 787 956 812 a
974 788 1032 813 me
1051 775 1158 812 aiunt
1177 788 1244 826 per
1263 775 1373 812 nefas
1389 775 1576 820 accusari,

141 829 178 866 in
198 843 334 867 manus
361 838 668 883 potestatemque
699 833 797 872 ultro
826 834 949 880 trado,
969 848 1122 886 unaque
1148 835 1280 872 horum
1301 834 1498 877 simultati,
1520 847 1577 872 re-

140 892 346 930 formidans
362 892 513 943 quidem
533 895 769 932 atrocitatem
791 895 941 933 invidiae
960 910 1038 946 qua
1055 896 1168 933 bime
1188 902 1428 948 respergunt,
1448 908 1578 933 rursus

138 958 267 989 tamen
284 959 411 991 vestra
430 953 550 991 fidens
571 955 766 992 voluntate
786 961 824 992 et
842 956 1000 994 veritate
1019 963 1228 1006 coeptorum
1250 968 1432 992 meorum.
1476 955 1579 993 Cou-

139 1013 303 1050 tendunt
332 1014 370 1050 hi
403 1014 557 1064 quidem
590 1015 672 1066 ipsa
701 1016 798 1052 adeo
830 1016 1011 1053 facultate
1045 1016 1281 1054 calamitates
1311 1028 1416 1053 meas
1449 1027 1577 1053 coram

139 1074 244 1112 vobis
279 1074 513 1112 lamentandi
541 1088 602 1112 me
636 1076 865 1120 excludere;
908 1084 945 1114 at
979 1089 1142 1127 quonam
1173 1077 1245 1114 alio
1275 1089 1336 1113 me
1368 1076 1577 1126 confugere

136 1134 338 1185 oportebit,
366 1135 397 1172 si
434 1142 563 1185 portus
594 1136 655 1173 hic
687 1136 819 1174 salutis
846 1149 954 1181 meae,
976 1137 1081 1175 sinus
1111 1143 1251 1182 vester,
1271 1137 1450 1175 occlusus
1488 1136 1577 1173 mihi

137 1194 279 1232 fuerit?
335 1195 510 1233 lnaudito
535 1196 860 1246 exemplo—nisi
892 1196 1020 1245 potius
1051 1210 1111 1235 me
1143 1198 1268 1234 dicere
1301 1209 1370 1247 par
1389 1204 1447 1234 est
1462 1196 1577 1233 modo

138 1255 379 1304 nequissimae
399 1255 652 1305 improbitatis
684 1255 902 1306 turpissimo
916 1278 979 1301 ——,
996 1256 1051 1301 hi,
1072 1257 1136 1306 qui
1157 1269 1197 1294 se
1221 1256 1293 1294 mei
1314 1269 1389 1293 una
1419 1268 1578 1294 accusa-

136 1324 237 1354 tores
281 1316 545 1366 peremptique
594 1316 737 1353 ultores
781 1318 920 1362 ferunt,
954 1330 1105 1354 omnem
1143 1330 1250 1355 suam
1291 1317 1498 1354 orationem
1538 1317 1576 1353 in

135 1377 406 1428 exaggeranda
425 1377 460 1414 vi
479 1377 754 1427 probabilitatis
771 1377 1013 1426 exhauriunt,
1029 1378 1120 1415 dum
1136 1377 1282 1415 interim
1305 1378 1353 1414 ab
1380 1377 1462 1426 ipsa
1479 1375 1577 1414 veri-

136 1445 216 1476 tate
243 1439 445 1475 aberra'nt:
474 1450 602 1475 verum
632 1437 863 1475 homicidam
893 1438 997 1488 quod
1030 1438 1289 1475 demonstrare
1316 1450 1389 1474 non
1417 1436 1575 1481 habent,

135 1499 222 1536 ideo
243 1512 301 1536 me
330 1498 571 1536 contendunt
600 1497 829 1535 homicidam
860 1511 970 1541 esse;
1000 1499 1172 1549 partibus
1199 1497 1498 1549 insuperhabitis
1518 1498 1576 1542 iis,

133 1573 219 1609 quae
247 1559 485 1597 demandatae
512 1559 603 1609 ipsis
636 1566 738 1604 sunt,
757 1559 944 1596 invadunt
973 1559 1009 1595 in
1036 1558 1195 1596 alienam
1228 1557 1484 1609 provinciam;
1516 1571 1576 1595 me

133 1633 200 1673 per
219 1619 326 1657 nefas
353 1619 402 1656 de
422 1618 547 1656 medio
576 1619 768 1656 sublatum
792 1626 898 1664 eunt,
918 1631 995 1656 non
1023 1619 1221 1668 sanguinis
1255 1618 1364 1656 effusi
1388 1618 1571 1655 vindicias

134 1686 323 1729 quaerunt,
358 1692 452 1730 quas
485 1692 658 1729 quaerere
689 1679 789 1730 jussi
822 1686 924 1716 sunt.
980 1679 1068 1715 Jam
1099 1680 1299 1728 oportebat
1327 1693 1386 1716 me
1419 1678 1571 1729 quidem

134 1739 237 1777 aliud
252 1739 343 1777 nihil
359 1732 471 1789 ag‘ere
491 1753 605 1790 quam
627 1748 669 1777 ut
690 1739 819 1777 famuli
839 1740 1098 1776 testimonium
1120 1752 1353 1785 enervarem‚
1375 1752 1452 1790 quo
1472 1740 1574 1777 facto

133 1800 306 1838 insistere
339 1807 377 1837 et
408 1801 651 1849 acquiescere
686 1798 883 1851 poteram:
913 1800 1030 1837 index
1059 1799 1157 1836 enim
1189 1799 1464 1837 homicidarum
1498 1812 1573 1836 non

137 1860 259 1910 magis
280 1873 378 1906 sum,
399 1873 513 1910 quam
533 1867 759 1910 coargutor3
789 1860 880 1897 nihil
901 1859 1004 1896 aliud
1020 1859 1106 1910 jure
1125 1859 1286 1910 flagitari
1308 1871 1330 1896 a
1349 1872 1410 1900 me
1431 1866 1574 1910 potest,

135 1933 251 1971 quam
276 1927 319 1958 ut
349 1920 504 1958 crimina
536 1921 623 1957 mihi
651 1921 799 1972 objecta
831 1920 1006 1958 refutem.
1076 1919 1241 1957 Audebo
1274 1927 1405 1957 tamen
1435 1919 1575 1958 nihilo-

135 1981 256 2017 minus
282 1981 396 2018 etiam
418 1981 574 2018 ulterius
601 1981 822 2033 procedere,
841 1994 917 2032 quo
952 1989 989 2018 et
1008 1980 1094 2026 hos,
1114 1980 1286 2018 inimicos
1309 1993 1428 2027 meOS,
1457 1981 1574 2031 capiti

134 2056 218 2080 meo
246 2043 484 2085 insidiantes,
504 2043 679 2080 omnibus
701 2043 998 2093 propugnaculis
1031 2052 1143 2093 atque
1177 2043 1334 2080 latebris
1366 2043 1572 2094 expellam,

131 2116 357 2152 omnemque
388 2102 542 2140 omnino
575 2103 760 2140 maculam
791 2103 1016 2152 suspicionis
1044 2116 1066 2139 a
1086 2103 1184 2140 fama
1219 2115 1301 2139 mea
1334 2103 1568 2154 abstergam.

132 2163 395 2201 Infelicitatem
415 2163 542 2212 itaque
563 2176 698 2207 meam,
719 2164 828 2214 cujus
861 2162 1012 2200 nornine
1047 2163 1084 2198 hi
1118 2162 1207 2199 mihi
1236 2162 1414 2200 invidiam
1441 2176 1570 2201 creare

129 2224 378 2268 contendunt,
398 2236 464 2260 oro
483 2236 704 2273 quaesoque,
727 2230 780 2267 ut,
800 2230 946 2260 mutata
966 2228 1113 2266 natura,
1135 2235 1287 2260 mecum
1305 2223 1567 2270 reconciliata,

130 2284 318 2321 felicitatis
338 2283 494 2321 induere
518 2296 718 2334 personam
745 2283 835 2321 velit
853 2296 860 2320 :
890 2296 958 2320 vos
979 2289 1104 2320 autem
1139 2295 1231 2332 rogo
1254 2282 1422 2333 judices,
1439 2291 1483 2323 ut
1502 2286 1568 2322 ab·

128 2344 312 2381 solvendo
336 2356 394 2380 me
420 2344 573 2380 beatum
602 2343 761 2380 reddere
789 2343 939 2388 malitis,
961 2356 1074 2393 quam
1095 2342 1390 2381 condemnando
1409 2345 1566 2383 misera·

129 2404 256 2441 bilem.
314 2404 566 2441 Accusatores
588 2404 617 2439 si
637 2403 824 2447 audimus,
846 2416 957 2440 nemo
990 2417 1065 2440 non
1096 2417 1240 2450 eorum,
1258 2402 1332 2454 qui'
1350 2405 1447 2442 caedi
1475 2405 1567 2444 dum

129 2470 371 2514 perageretur
399 2463 696 2506 intervenerunt,
726 2463 911 2513 quaesivit,
937 2464 1091 2512 quinam
1120 2470 1252 2501 essent
1269 2463 1485 2509 homicidae,
1506 2479 1568 2503 co-

129 2525 322 2575 gnitoque,
344 2523 392 2560 ad
423 2524 574 2560 domum
603 2531 880 2573 peremptorum
917 2523 1174 2561 renunciavit:
1206 2524 1280 2561 hoc
1315 2526 1459 2562 factum
1479 2538 1564 2563 esse

127 2584 248 2621 multo
269 2583 375 2620 aiunt
404 2596 488 2620 esse
516 2584 764 2633 probabilius,
784 2596 895 2633 quam
930 2584 1106 2630 alterum,
1126 2590 1169 2621 ut
1195 2598 1332 2636 nempe
1361 2586 1563 2622 interveni-

127 2652 233 2682 entes
253 2643 361 2688 caedi,
380 2642 545 2693 cognitis
565 2643 778 2690 homicidis,
796 2645 892 2681 viam
915 2657 1024 2681 suam
1043 2653 1245 2695 pergerent
1265 2652 1303 2683 et
1321 2645 1368 2682 de
1389 2658 1428 2682 re
1454 2651 1565 2695 gesta

128 2703 401 2754 homicidisque
421 2704 470 2743 ad
485 2703 722 2742 necessarios
743 2717 927 2742 caesorum
947 2705 1172 2742 renunciare
1192 2705 1347 2755 insuper
1364 2704 1561 2743 haberent.

129 2765 210 2814 Ego
226 2778 326 2810 vero,
348 2766 508 2803 multum
528 2765 600 2803 illis
622 2766 823 2811 dissidens,
852 2780 952 2816 nego
985 2780 1199 2817 quenquam
1231 2774 1309 2804 tam
1328 2767 1462 2806 calidis
1481 2769 1562 2806 ani-

126 2825 194 2861 mis
218 2832 291 2862 tam
314 2826 430 2864 ferrea
452 2826 573 2864 fronte
595 2827 762 2864 futurum
784 2827 916 2872 fuisse,
942 2835 984 2864 ut
1006 2828 1224 2877 derepente,
1245 2834 1358 2866 nocte
1377 2828 1560 2879 intempe-
