1822 3219
257 158 336 195 248
903 152 1074 189 LYSIAE

258 267 383 305 neque
402 253 483 292 nati
501 253 607 292 cives
624 265 750 304 neque
763 265 933 303 unquam
946 252 1067 290 creati
1080 251 1240 290 nomina
1256 263 1325 289 sua
1343 251 1381 288 in
1400 251 1552 290 tabulas
1566 252 1710 292 civium

259 315 432 367 publicas
454 315 579 352 furtim
591 313 716 352 inscio
736 313 879 364 populo
898 313 1123 363 injussuque
1144 312 1225 363 ejus
1242 311 1462 356 immittant,
1481 312 1615 351 fraude
1629 326 1713 350 ora-

258 383 387 414 torum
407 382 446 413 et
464 375 741 413 tabulariorum
760 373 1024 424 largitionibus
1052 380 1334 424 corruptorum,
1354 385 1430 422 qua
1450 372 1498 410 de
1519 385 1558 410 re
1577 373 1711 412 decre-

261 443 344 474 tum
369 436 444 473 hoc
468 442 595 473 certos
617 448 684 473 vos
704 435 833 480 faciet,
853 447 875 471 a
891 433 1016 472 scriba
1036 446 1125 471 mox
1145 433 1409 476 recitandum3
1440 433 1554 470 nullae
1583 439 1712 471 tamen

258 509 420 547 usquam
442 497 616 534 locorum
637 501 791 533 exstant
809 494 966 539 tabulae,
986 494 1125 544 quibus
1144 495 1338 545 Agoratus
1357 493 1449 532 civis
1468 493 1713 532 Atheniensis

257 564 412 595 creatus
434 563 550 606 atque
568 562 813 606 nuncupatus
833 561 950 593 esset.

832 649 1152 687 DECRETUM.

268 728 406 766 Certos
434 730 517 775 jam
551 727 706 766 confido
737 739 806 765 vos
834 740 933 771 esse,
958 726 1124 776 judices,
1151 727 1366 776 Aguratum
1395 727 1518 765 civem
1549 724 1716 764 Atheni·

264 800 394 825 ensem
416 799 491 824 non
512 800 619 825 esse:
649 794 687 824 et
713 786 958 824 nihilominus
987 793 1131 831 tamen,
1151 786 1299 824 alienus
1332 800 1354 824 a
1382 794 1519 825 vestrae
1549 786 1716 824 civitatis

265 847 419 886 nomine
439 854 554 898 atque
567 850 654 895 jure
674 860 761 885 cum
785 847 845 893 sit,
867 853 944 884 tam
966 853 1025 884 est
1047 846 1175 884 audax
1203 854 1279 885 tam
1306 854 1508 897 protervus
1539 854 1618 884 tam
1644 846 1717 884 im-

261 921 381 959 purus
398 916 476 946 tam
492 908 606 946 vestri
628 914 884 958 contemptor,
905 913 949 944 ut
974 915 1012 944 et
1034 907 1160 958 judex
1177 908 1320 945 sederit
1342 915 1380 945 et
1408 908 1446 944 in
1467 907 1716 945 concionibus

261 982 350 1007 cum
376 969 520 1020 populo
541 969 675 1020 egerit,
693 981 911 1018 causasque
941 969 1128 1019 capitales
1159 968 1300 1006 nullius
1329 981 1407 1006 non
1437 969 1600 1018 generis,
1619 981 1715 1019 quas

262 1030 379 1068 modo
399 1044 507 1068 mens
530 1031 700 1067 humana
719 1030 1039 1075 comminiscatur,
1059 1036 1263 1067 accusator
1280 1030 1414 1080 egerit,
1433 1028 1658 1079 praescripto
1678 1029 1717 1066 in

262 1093 454 1142 capitibus
475 1092 783 1130 accusationum:
814 1092 1009 1142 Agoratus
1025 1091 1303 1141 Anagyrasius.
1345 1090 1443 1127 Eum
1456 1088 1557 1127 enim
1572 1101 1613 1126 se
1627 1089 1716 1127 fert.

263 1154 405 1191 Adhuc
424 1153 530 1191 aliud
547 1153 788 1192 luculentum
808 1153 934 1190 videte
950 1152 1239 1197 documentum,
1254 1151 1356 1189 unde
1372 1157 1535 1196 constet,
1552 1150 1600 1188 ab
1614 1150 1718 1200 Ago-

262 1222 346 1253 rato
366 1215 628 1266 Phrynichum
643 1215 747 1252 haud
760 1227 847 1252 esse
863 1213 1067 1264 dejectum,
1086 1213 1196 1264 cujus
1215 1212 1333 1250 caedis
1353 1213 1402 1250 ob
1421 1211 1595 1249 meritum
1612 1212 1718 1261 Ago·

262 1283 368 1314 ratus
390 1289 430 1313 se
455 1276 607 1313 civitate
627 1281 754 1312 vestra
774 1274 959 1311 donatum
985 1275 1123 1322 jactat.
1181 1273 1425 1323 Phrynichus
1452 1272 1516 1310 hic
1544 1272 1718 1310 domina-

264 1338 407 1376 tionem
429 1337 811 1386 Quadringentorum
832 1334 1061 1379 instituerat,
1085 1346 1246 1384 quorum
1274 1334 1444 1385 plerique
1472 1333 1538 1370 illo
1565 1332 1718 1370 sublato

265 1400 303 1437 in
323 1397 499 1436 exsilium
521 1398 717 1434 abierunt:
748 1395 990 1445 Trigintaviri
1008 1402 1098 1445 post
1123 1395 1287 1432 insecuti
1311 1402 1349 1432 et
1378 1401 1535 1432 senatus
1561 1391 1628 1443 qui
1647 1393 1718 1430 sub

263 1459 338 1496 illis
367 1458 467 1496 sedit
485 1463 591 1495 erant
617 1469 752 1494 omnes
779 1469 825 1493 ex
850 1456 987 1493 horum
1010 1467 1170 1492 numero
1191 1455 1379 1491 exsulum.
1436 1453 1552 1495 Quod
1574 1453 1605 1490 si
1625 1465 1717 1503 ergo

265 1519 525 1570 Phrynichum
546 1517 766 1556 sustulisset
786 1517 999 1566 Agoratus‚
1018 1516 1245 1553 videnturne
1264 1515 1385 1560 vobis,
1405 1514 1571 1565 judices,
1586 1513 1624 1550 hi
1652 1513 1718 1550 tri-

265 1581 371 1631 ginta
389 1593 476 1618 cum
498 1586 636 1617 senatu
657 1592 727 1616 suo
741 1578 843 1615 hunc
863 1578 1092 1627 Agoratum,
1115 1589 1228 1626 quem
1248 1576 1286 1613 in
1308 1582 1500 1626 potestate
1519 1574 1720 1618 haberent,

263 1655 436 1691 unquam
458 1640 650 1678 dimissuri
668 1639 802 1684 fuisse,
821 1645 860 1675 et
877 1651 954 1675 non
974 1637 1101 1687 potius
1122 1649 1254 1687 poenas
1276 1637 1325 1673 ab
1344 1649 1389 1673 eo
1415 1634 1610 1685 repetituri
1632 1646 1719 1672 cum

266 1703 385 1741 caedis
398 1703 435 1740 in
453 1702 578 1739 amico
598 1714 667 1738 suo
684 1699 899 1738 commissae
918 1706 999 1736 turn
1019 1698 1281 1735 molestiarum
1297 1698 1419 1735 exsilii
1432 1710 1454 1734 a
1469 1709 1510 1734 se
1523 1696 1615 1746 ipsis
1631 1707 1720 1746 pro·

263 1770 350 1814 pter
368 1763 580 1813 Agoratum
601 1761 774 1799 tolerati?
824 1760 911 1804 Nae‚
930 1766 998 1797 aut
1012 1758 1258 1796 vehementer
1277 1771 1350 1808 ego
1371 1758 1496 1802 fallor,
1516 1763 1583 1794 aut
1607 1755 1721 1806 puni-

265 1824 340 1861 turi
360 1830 469 1861 erant
487 1824 717 1873 Agoratum,
737 1822 769 1859 si
783 1821 814 1859 is
828 1820 972 1859 caedem
988 1819 1196 1870 Phrynichi
1216 1827 1491 1870 perpetrasset:
1522 1818 1628 1868 atqui
1642 1830 1721 1855 non

265 1886 488 1936 punierunt,
504 1885 573 1922 sed
588 1884 837 1922 absolverunt
856 1883 998 1934 potius.
1030 1881 1241 1932 Utcunque
1257 1889 1332 1926 est,
1355 1881 1434 1918 sive
1452 1892 1585 1918 revera
1600 1878 1721 1930 Phry-

265 1945 421 1984 nichum
444 1945 548 1995 quod
568 1945 621 1983 ait
645 1944 788 1982 occidit
807 1944 1017 1993 Agoratus,
1036 1941 1114 1979 sive
1136 1941 1296 1992 gloriam
1327 1941 1398 1978 sibi
1417 1948 1573 1991 arrogat
1591 1952 1720 1978 emen-

266 2007 391 2051 titam,
413 2013 572 2056 utroque
594 2012 724 2042 tamen
744 2011 857 2054 pacto
877 2009 1030 2040 tenetur
1049 2015 1148 2040 reuS.
1205 2003 1306 2040 Nam
1321 2002 1401 2039 sive
1415 2002 1563 2039 caedem
1581 2008 1622 2038 ut
1640 2013 1663 2038 a
1680 2013 1721 2038 se

264 2068 510 2106 commissam
526 2066 627 2104 falso
639 2066 776 2117 jactat,
791 2077 906 2115 quam
919 2076 994 2101 non
1008 2062 1241 2100 commiserit
1259 2065 1318 2110 (ut
1331 2075 1404 2112 ego
1423 2075 1523 2112 nego
1542 2060 1722 2099 commis-

265 2129 380 2176 sam),
399 2128 506 2166 nefas
536 2127 630 2165 facit
654 2126 764 2164 vobis
793 2124 1047 2176 imponendo:
1077 2123 1137 2161 sin
1167 2129 1295 2161 autem
1321 2122 1566 2160 nihilominus
1593 2128 1721 2159 tamen

267 2190 341 2227 hoc
362 2189 512 2226 facinus
527 2195 632 2225 tuum
652 2200 737 2225 esse
755 2187 884 2237 pergis
904 2184 1152 2229 contendere,
1167 2185 1357 2234 fingamus
1373 2183 1558 2233 tantisper
1577 2182 1722 2231 tibique

268 2250 488 2299 largiamur,
506 2248 627 2286 hilum
643 2254 773 2285 tamen
794 2259 871 2284 non
891 2245 1057 2296 proficiS.
1114 2244 1218 2287 Quid
1244 2243 1368 2281 enim?
1414 2243 1627 2293 Majoribus
1656 2254 1723 2279 ne-

268 2322 379 2347 cesse
408 2318 468 2347 est
489 2316 603 2358 atque
633 2307 882 2345 atrocioribus
913 2305 1058 2356 injuriis
1083 2304 1265 2355 populum
1290 2304 1564 2342 Atheniensem
1587 2303 1653 2341 abs
1683 2309 1722 2341 te

268 2368 448 2407 affectum
469 2381 568 2413 esse,
588 2368 727 2417 quibus
746 2367 845 2404 illius
866 2373 943 2403 tuae
963 2364 1081 2402 caedis
1104 2364 1142 2401 in
1161 2364 1381 2415 Phrynicho
1405 2366 1624 2404 commissae
1642 2379 1723 2404 me-

268 2430 427 2468 moriam
444 2442 490 2467 ex
509 2429 644 2467 animis
659 2427 1000 2478 Trigintavirorum
1019 2425 1200 2464 eraseris:
1239 2425 1381 2463 nemini
1399 2426 1502 2464 enim
1517 2426 1582 2464 uni
1597 2434 1638 2465 tu
1652 2426 1723 2465 ho·

269 2492 415 2529 minum
428 2490 597 2528 omnium
619 2488 881 2540 persuadebis,
901 2494 943 2524 ut
958 2486 1103 2532 credat,
1123 2486 1396 2536 Trigintaviros
1414 2499 1582 2537 unquam
1604 2487 1722 2526 fuisse

269 2552 556 2596 commissuros,
572 2556 630 2594 ut,
652 2563 740 2587 cum
758 2556 798 2586 tu
819 2548 1080 2599 Phrynichum
1099 2547 1321 2590 occidisses,
1341 2554 1378 2585 te
1399 2555 1526 2585 tamen
1546 2548 1723 2587 absolve-

269 2620 369 2660 rent,
388 2612 461 2650 nisi
485 2618 525 2648 tu
552 2610 714 2649 vulnera
739 2608 959 2659 reipublicae
979 2607 1272 2645 Atheniensium
1302 2606 1549 2657 imposuisses
1569 2608 1723 2647 insana-

269 2673 361 2712 bilia
375 2680 491 2724 atque
506 2671 653 2710 feralia.
711 2669 823 2713 Quod
843 2668 874 2705 si
891 2681 987 2718 ergo
1009 2667 1270 2719 Phrynichum
1289 2680 1313 2704 a
1330 2679 1370 2704 se
1391 2667 1466 2704 aiet
1486 2675 1723 2719 peremptum

270 2739 501 2772 mementote
519 2732 655 2770 horum
673 2743 757 2781 quae
779 2729 894 2768 modo
913 2728 1007 2773 dixi,
1027 2736 1066 2766 et
1094 2739 1230 2779 poenas
1260 2727 1446 2765 scelerum
1477 2728 1525 2765 ab
1550 2740 1596 2766 eo
1614 2741 1724 2779 repe-

269 2794 357 2831 tite:
388 2794 447 2831 sin
476 2799 606 2832 autem
631 2791 801 2842 negabit,
828 2790 1060 2840 interrogate
1088 2801 1187 2834 eum,
1207 2788 1316 2839 cujus
1351 2788 1399 2825 ob
1429 2788 1603 2826 meritum
1631 2788 1727 2827 sacti

270 2854 391 2894 civem
411 2867 452 2893 se
474 2862 582 2905 gerat
598 2853 883 2894 Atheniensem.
941 2849 1057 2894 Quod
1079 2849 1252 2888 siminus
1271 2848 1429 2888 habebit
1447 2848 1724 2894 demonstrare,
