1822 3219
231 174 304 211 164
879 174 1049 214 LYSIAE

225 286 379 320 nervos,
400 281 443 313 ut
461 287 626 327 magnus
655 290 721 314 rex
750 290 824 316 non
853 279 933 329 jam
955 278 1082 316 aliena
1102 282 1315 328 appeteret,
1335 276 1405 314 sed
1427 288 1514 314 cum
1536 275 1583 314 de
1613 287 1696 312 suae

225 335 383 374 ditionis
401 344 512 388 parte
531 338 742 377 decederet
759 339 864 377 haud
884 339 1185 384 contemnenda,
1206 347 1285 376 tum
1306 337 1354 376 de
1385 337 1542 388 reliquis
1563 344 1695 375 tamen

226 404 418 436 metueret
437 412 486 437 ne
502 413 548 438 ea
568 401 664 438 male
686 408 869 439 tueretur.
927 401 1067 452 Neque
1099 400 1273 438 triremes
1294 412 1361 450 per
1381 399 1419 437 id
1440 399 1621 450 temporis
1641 400 1699 436 in-

225 459 340 498 festae
370 473 418 498 ex
440 461 531 499 Asia
560 462 833 509 inferebantur,
861 476 984 513 neque
1015 471 1202 514 tyrannus
1235 475 1255 500 e
1281 461 1434 499 Graecia
1464 462 1698 506 exsistebat,

227 534 353 573 neque
375 522 517 561 Graeca
537 523 728 574 quaepiam
745 524 879 562 civitas
900 537 922 562 a
944 525 1113 562 barbaris
1129 525 1164 561 in
1181 524 1403 562 servitutem
1421 522 1696 573 redigebatur:

226 590 377 621 tantum
409 585 646 631 reverentiae,
677 592 826 623 tantum
861 592 988 624 metus
1023 586 1160 624 horum
1183 586 1303 624 virtus
1331 585 1487 635 reliquis
1519 584 1699 622 omnibus

224 643 448 683 hominibus
470 644 667 696 injecerat.
725 647 824 689 Quae
844 654 934 685 sunt
952 661 1008 685 eae
1030 647 1180 693 laudes,
1209 647 1258 685 ob
1278 659 1374 697 quas
1395 652 1573 697 oporteat
1593 645 1699 684 solos

227 706 272 744 iis
293 713 450 745 ornatos
471 706 696 747 Graecorum
717 715 953 760 protectores
980 709 1262 760 liberarumque
1281 708 1478 747 civitatum
1504 707 1703 759 principes

227 775 426 808 constitui.

283 832 347 869 12.
378 831 522 869 Verum
554 832 668 871 etiam
699 833 868 874 adversis
894 836 933 874 in
966 836 1081 874 rebus
1108 835 1286 873 virtutem
1319 847 1428 872 suam
1460 832 1700 872 extulerunt.

229 893 386 932 Amissa
405 894 507 932 enim
536 896 573 932 in
598 895 858 947 Hellesponto
877 897 1019 943 classe,
1043 897 1124 936 sive
1151 910 1220 948 per
1247 895 1485 947 imperatoris
1506 893 1703 945 ignaviam

228 954 310 993 sive
341 955 500 993 deorum
532 957 700 1004 arbitrio,
732 972 809 1010 quo
841 960 980 998 vulnus
1011 959 1239 1009 impressum
1271 965 1330 996 est
1359 957 1627 1009 gravissimum
1661 961 1701 993 et

228 1016 340 1053 nobis
361 1016 450 1068 ipsis
470 1017 537 1055 illa
557 1018 778 1057 calamitate
794 1021 944 1059 afflictis
964 1028 1005 1059 et
1023 1021 1181 1072 reliquis
1203 1033 1280 1058 una
1295 1020 1462 1064 Graecis,
1478 1018 1594 1069 paulo
1610 1023 1701 1068 post

227 1083 414 1115 testatum
434 1078 599 1130 majores
616 1081 737 1118 nostri
756 1081 933 1120 fecerunt
951 1083 986 1120 in
1008 1082 1174 1120 civitatis
1192 1089 1334 1119 nostrae
1349 1080 1523 1132 potentia
1536 1079 1701 1124 salutem

230 1138 395 1176 Graeciae
413 1140 571 1177 versari.
630 1141 730 1178 Aliis
762 1143 864 1180 enim
893 1144 1147 1194 principatum
1169 1143 1334 1181 Graeciae
1358 1142 1523 1192 adeptis,
1552 1141 1703 1179 factum

229 1207 304 1247 est,
324 1208 380 1247 ut,
402 1201 467 1252 qui
487 1203 638 1240 barbari
655 1203 819 1242 antehac
836 1217 939 1242 mare
960 1205 1111 1254 ingredi
1130 1205 1212 1242 ausi
1227 1203 1331 1242 haud
1347 1204 1522 1249 fuissent,
1543 1202 1581 1240 hi
1595 1214 1700 1240 nunc

228 1263 268 1301 in
289 1263 483 1314 Europam
504 1264 694 1302 classibus
722 1266 805 1304 aliis
824 1279 872 1303 ex
893 1266 976 1305 aliis
1006 1267 1279 1304 inveherentur
1300 1266 1540 1316 Graecosque
1560 1263 1701 1316 pugnis

228 1325 662 1372 navalibus‘vincerenu
693 1333 735 1364 ut
764 1328 942 1365 civitates
976 1327 1064 1365 olim
1093 1327 1222 1365 liberae
1243 1328 1444 1373 servirent,
1475 1335 1518 1365 ut
1546 1326 1702 1378 tyranni

229 1386 321 1437 ipsis
340 1387 635 1437 imponerentur,
650 1388 714 1426 alii
730 1389 857 1426 statim
875 1389 1090 1427 secundum
1106 1389 1256 1428 cladem
1272 1388 1378 1426 illam
1395 1401 1471 1439 qua
1486 1401 1547 1426 res
1559 1395 1702 1425 uostrae

230 1448 500 1493 conciderunt,
517 1448 578 1486 alii
594 1450 808 1488 secundum
825 1451 1022 1489 victoriam
1042 1464 1120 1501 qua
1137 1450 1288 1488 barbari
1308 1463 1369 1487 res
1386 1450 1546 1487 Graecas
1566 1462 1703 1500 percu·

229 1511 370 1548 lerunt.
429 1511 518 1552 Quo
537 1518 703 1557 constat,
731 1511 894 1562 dignum
914 1512 1034 1550 fuisse
1054 1511 1221 1557 Graecia,
1247 1520 1288 1549 ut
1314 1524 1430 1562 super
1459 1511 1534 1549 hoc
1552 1509 1704 1548 tumulo

229 1572 267 1610 in
294 1571 428 1610 funere
458 1579 538 1610 tum
565 1586 757 1610 caesorum
785 1582 901 1612 tonsa
933 1573 1095 1625 capillos
1125 1580 1166 1611 et
1195 1573 1343 1624 pullata
1371 1573 1434 1611 hic
1465 1572 1704 1624 compositos

229 1636 396 1686 lugeret,
416 1635 525 1673 velut
543 1648 624 1681 eos,
647 1648 810 1685 quorum
831 1649 919 1674 curn
938 1636 1079 1673 virtute
1108 1648 1178 1674 sua
1195 1648 1348 1686 quoque
1366 1634 1522 1672 libertas
1543 1633 1645 1672 elata
1663 1639 1704 1671 et

232 1695 503 1735 contumulata
530 1695 691 1734 fuisset:
724 1697 870 1735 orbatae
901 1697 955 1735 sic
987 1698 1105 1735 tantis
1126 1696 1213 1734 viris
1237 1696 1402 1734 Graeciae
1429 1696 1602 1735 conditio
1629 1695 1705 1734 fuit

231 1758 473 1807 miserrima;
500 1770 567 1795 rex
586 1757 690 1794 Asiae
710 1765 846 1796 contra
866 1759 1046 1797 secundis
1061 1759 1178 1797 rebus
1198 1759 1378 1803 effloruit,
1394 1771 1442 1796 ex
1462 1770 1539 1809 quo
1558 1757 1592 1795 ei
1612 1770 1703 1795 cum

233 1820 344 1859 novis
365 1819 532 1858 Graeciae
559 1817 726 1858 ducibus
753 1820 987 1859 contendere
1007 1821 1140 1859 licuit:
1173 1819 1337 1858 Graeciae
1367 1820 1469 1857 enim
1486 1819 1706 1858 vindicibus

234 1882 446 1922 denudatae
470 1883 610 1934 jugum
640 1883 831 1921 servitutis
860 1888 921 1921 est
947 1883 1192 1934 imposituin;
1223 1894 1356 1933 regem
1384 1887 1528 1926 autem,
1559 1893 1607 1918 ex
1625 1892 1704 1932 quo

233 1946 299 1984 alii
318 1945 470 1983 Graecis
501 1957 667 1996 praeesse
699 1943 922 1996 coepissent,
942 1945 1142 1984 admiratio
1174 1950 1288 1995 atque
1320 1942 1517 1983 aemulatio
1548 1941 1705 1980 incessit

232 2008 388 2047 illorum
403 2007 654 2045 consiHorum
670 2020 759 2058 quae
776 2007 937 2058 majores
953 2007 1036 2059 ejus
1052 2007 1143 2045 olim
1158 2006 1385 2058 agitassent.
1431 2005 1484 2042 At
1497 2004 1704 2049 enimvero,

234 2071 287 2108 ad
318 2070 390 2108 hos
412 2077 571 2120 questus
602 2075 642 2107 et
671 2068 721 2107 ad
751 2069 854 2107 hanc
882 2069 1167 2108 miserationem
1197 2068 1308 2106 sortis
1329 2067 1516 2105 universae
1537 2065 1704 2104 Graeciae

239 2132 472 2178 communis,
504 2131 730 2182 magnitudo
752 2132 842 2170 mali
862 2139 900 2170 et
924 2132 1060 2184 patriae
1085 2131 1223 2170 caritas
1254 2138 1293 2169 et
1312 2130 1428 2169 animi
1449 2130 1524 2167 mei
1543 2142 1605 2168 me
1623 2141 1708 2180 per-

235 2193 404 2232 turbatio
423 2193 708 2244 imprudentem
727 2200 842 2244 atque
856 2194 1019 2232 invitum
1035 2194 1182 2237 evexit;
1214 2205 1332 2243 quare
1351 2191 1398 2230 ad
1419 2191 1513 2230 alios
1530 2204 1601 2242 age
1617 2203 1705 2240 pro-

239 2257 481 2308 grediamur:
513 2257 695 2294 convenit
725 2257 854 2305 itaque
883 2257 1034 2294 illorum
1053 2269 1208 2307 quoque
1228 2263 1266 2293 et
1295 2254 1448 2305 publice
1470 2261 1509 2291 et
1527 2253 1705 2305 privatim

236 2318 459 2357 meminisse
480 2318 630 2356 fortium
652 2318 832 2363 virorum,
848 2318 928 2368 qui,
949 2319 1174 2356 servitutem·
1187 2317 1379 2368 fugientes
1396 2323 1433 2354 et
1448 2329 1515 2367 pro
1528 2316 1615 2367 jure
1634 2328 1707 2354 suo

237 2389 459 2434 pugnantes
480 2389 520 2418 et
540 2394 609 2432 pro
629 2381 716 2432 jure
737 2381 836 2418 civili
858 2380 1041 2419 adversus
1064 2381 1241 2419 dominos
1261 2380 1482 2431 illegitimos
1502 2386 1616 2430 atque
1635 2392 1706 2417 ne-

237 2444 353 2482 farios
384 2443 645 2493 insurgentes,
670 2442 962 2494 Peloponnesiis
994 2444 1174 2481 omnibus
1205 2442 1460 2493 nequicquam
1495 2440 1707 2479 adversan-

238 2506 358 2552 tibus,
381 2505 420 2542 in
439 2504 631 2542 Piraeeum
652 2504 812 2550 rediere,
832 2518 909 2543 non
930 2518 952 2543 a
980 2505 1067 2556 lege
1087 2506 1225 2551 coacti,
1247 2505 1316 2543 sed
1337 2518 1359 2542 a
1380 2510 1517 2541 natura
1544 2503 1704 2550 invitati,

238 2567 426 2617 novisque
442 2566 724 2604 discriminibus
738 2574 930 2605 vetustam
945 2569 1133 2617 majorum
1146 2568 1322 2605 virtutem
1338 2565 1486 2611 imitati,
1501 2578 1706 2616 corporum

239 2643 396 2669 suorum
425 2629 674 2668 contentione
705 2630 992 2680 animorumque
1021 2630 1244 2668 fortitudine
1274 2642 1396 2680 remp.
1431 2640 1518 2665 cum
1548 2628 1705 2679 reliquis

239 2704 463 2743 quanquam
496 2691 802 2743 repugnantibus
833 2692 1180 2737 communicarunt,
1209 2697 1372 2729 mortem
1406 2702 1494 2727 cum
1527 2689 1705 2729 libertate

238 2755 490 2805 praeferentes
506 2753 595 2791 vitae
612 2752 648 2789 in
667 2753 848 2790 servitute
864 2752 1078 2803 degendae:
1110 2752 1292 2797 cladium,
1311 2752 1452 2803 siquas
1467 2752 1515 2789 ab
1531 2751 1704 2790 hostibus

239 2816 472 2865 acciperent,
492 2828 568 2853 non
593 2815 718 2852 minus
739 2827 804 2852 eos
825 2814 1010 2866 pudebat,
1039 2827 1154 2865 quam
1173 2814 1372 2852 iracundia
1391 2814 1429 2851 in
1449 2813 1576 2852 hostes
1596 2826 1706 2852 exar-

239 2883 390 2920 serant;
423 2876 619 2915 malebant
645 2885 804 2915 mortem
832 2876 952 2928 patrio
982 2877 1021 2914 in
1040 2877 1121 2914 solo
1152 2883 1336 2927 oppetere
1362 2889 1478 2927 quam
1507 2875 1546 2913 in
1577 2874 1704 2913 alieno

240 2939 478 2978 fortunarum
509 2938 603 2978 fixas
620 2938 761 2979 habere
782 2939 908 2987 sedes,
931 2938 1069 2991 quippe
1093 2939 1157 2990 qui
1177 2939 1303 2991 pactis
1335 2936 1704 2988 sanctissimajuris-
