<?xml version="1.0" encoding="UTF-8"?>
<!DOCTYPE html PUBLIC "-//W3C//DTD XHTML 1.0 Transitional//EN"
    "http://www.w3.org/TR/xhtml1/DTD/xhtml1-transitional.dtd">
<html xmlns="http://www.w3.org/1999/xhtml" xml:lang="en" lang="en">
 <head>
  <title>
</title>
<meta http-equiv="Content-Type" content="text/html;charset=utf-8" />
  <meta name='ocr-system' content='tesseract 3.04.00' />
  <meta name='ocr-capabilities' content='ocr_page ocr_carea ocr_par ocr_line ocrx_word'/>
</head>
<body>
  <div class='ocr_page' id='page_1' title='image "./oratoresatticie13dobs_0215.png"; bbox 0 0 1822 3219; ppageno 0'>
   <div class='ocr_carea' id='block_1_1' title="bbox 663 116 1561 156">
    <p class='ocr_par' dir='ltr' id='par_1_1' title="bbox 663 116 1561 156">
     <span class='ocr_line' id='line_1_1' title="bbox 663 116 1561 156; baseline -0.002 0"><span class='ocrx_word' id='word_1_1' title='bbox 663 118 770 156; x_wconf 88' lang='lat' dir='ltr'>PRO</span> <span class='ocrx_word' id='word_1_2' title='bbox 802 116 1005 154; x_wconf 91' lang='lat' dir='ltr'>MlLlTE.</span> <span class='ocrx_word' id='word_1_3' title='bbox 1484 119 1561 154; x_wconf 79' lang='lat'>203</span> 
     </span>
    </p>
   </div>
   <div class='ocr_carea' id='block_1_2' title="bbox 100 217 1570 1436">
    <p class='ocr_par' dir='ltr' id='par_1_2' title="bbox 100 217 1567 1132">
     <span class='ocr_line' id='line_1_2' title="bbox 102 217 1562 274; baseline -0.004 -13"><span class='ocrx_word' id='word_1_4' title='bbox 102 222 288 261; x_wconf 83' lang='lat' dir='ltr'>muletam</span> <span class='ocrx_word' id='word_1_5' title='bbox 319 220 577 274; x_wconf 78' lang='lat' dir='ltr'>pecuniariam</span> <span class='ocrx_word' id='word_1_6' title='bbox 610 220 792 270; x_wconf 78' lang='lat' dir='ltr'>irrogare,</span> <span class='ocrx_word' id='word_1_7' title='bbox 825 231 891 270; x_wconf 90' lang='lat' dir='ltr'>per</span> <span class='ocrx_word' id='word_1_8' title='bbox 923 218 1033 256; x_wconf 86' lang='lat' dir='ltr'>nefas</span> <span class='ocrx_word' id='word_1_9' title='bbox 1064 217 1115 254; x_wconf 87' lang='lat' dir='ltr'>illi</span> <span class='ocrx_word' id='word_1_10' title='bbox 1150 217 1329 266; x_wconf 74' lang='lat' dir='ltr'>quidem3</span> <span class='ocrx_word' id='word_1_11' title='bbox 1361 218 1423 255; x_wconf 83' lang='lat' dir='ltr'>lex</span> <span class='ocrx_word' id='word_1_12' title='bbox 1462 218 1562 256; x_wconf 87' lang='lat' dir='ltr'>enim</span> 
     </span>
     <span class='ocr_line' id='line_1_3' title="bbox 105 278 1562 335; baseline -0.003 -12"><span class='ocrx_word' id='word_1_13' title='bbox 105 284 294 335; x_wconf 83' lang='lat' dir='ltr'>expressis</span> <span class='ocrx_word' id='word_1_14' title='bbox 314 284 440 322; x_wconf 84' lang='lat' dir='ltr'>verbis</span> <span class='ocrx_word' id='word_1_15' title='bbox 464 288 587 328; x_wconf 89' lang='lat' dir='ltr'>cavet,</span> <span class='ocrx_word' id='word_1_16' title='bbox 609 282 642 319; x_wconf 77' lang='lat' dir='ltr'>si</span> <span class='ocrx_word' id='word_1_17' title='bbox 661 282 740 331; x_wconf 79' lang='lat' dir='ltr'>quis</span> <span class='ocrx_word' id='word_1_18' title='bbox 764 282 801 317; x_wconf 76' lang='lat' dir='ltr'>in</span> <span class='ocrx_word' id='word_1_19' title='bbox 824 280 938 318; x_wconf 76' lang='lat' dir='ltr'>curia.</span> <span class='ocrx_word' id='word_1_20' title='bbox 997 278 1186 316; x_wconf 88' lang='lat' dir='ltr'>Mulctam</span> <span class='ocrx_word' id='word_1_21' title='bbox 1207 286 1335 316; x_wconf 86' lang='lat' dir='ltr'>tamen</span> <span class='ocrx_word' id='word_1_22' title='bbox 1356 280 1457 318; x_wconf 84' lang='lat' dir='ltr'>hanc</span> <span class='ocrx_word' id='word_1_23' title='bbox 1479 294 1501 318; x_wconf 88' lang='lat' dir='ltr'>a</span> <span class='ocrx_word' id='word_1_24' title='bbox 1521 293 1562 317; x_wconf 91' lang='lat' dir='ltr'>se</span> 
     </span>
     <span class='ocr_line' id='line_1_4' title="bbox 107 340 1561 394; baseline -0.002 -12"><span class='ocrx_word' id='word_1_25' title='bbox 107 346 199 383; x_wconf 87' lang='lat' dir='ltr'>mihi</span> <span class='ocrx_word' id='word_1_26' title='bbox 234 346 378 384; x_wconf 90' lang='lat' dir='ltr'>dictam</span> <span class='ocrx_word' id='word_1_27' title='bbox 407 344 564 394; x_wconf 84' lang='lat' dir='ltr'>exigere</span> <span class='ocrx_word' id='word_1_28' title='bbox 592 344 673 381; x_wconf 91' lang='lat' dir='ltr'>ausi</span> <span class='ocrx_word' id='word_1_29' title='bbox 701 356 777 380; x_wconf 91' lang='lat' dir='ltr'>non</span> <span class='ocrx_word' id='word_1_30' title='bbox 804 348 905 387; x_wconf 89' lang='lat' dir='ltr'>sunt,</span> <span class='ocrx_word' id='word_1_31' title='bbox 927 347 1097 379; x_wconf 85' lang='lat' dir='ltr'>attamen</span> <span class='ocrx_word' id='word_1_32' title='bbox 1123 340 1308 377; x_wconf 84' lang='lat' dir='ltr'>abeuntes</span> <span class='ocrx_word' id='word_1_33' title='bbox 1334 341 1561 391; x_wconf 78' lang='lat' dir='ltr'>magistratu</span> 
     </span>
     <span class='ocr_line' id='line_1_5' title="bbox 107 401 1564 453; baseline -0.003 -9"><span class='ocrx_word' id='word_1_34' title='bbox 107 419 248 444; x_wconf 91' lang='lat' dir='ltr'>nomen</span> <span class='ocrx_word' id='word_1_35' title='bbox 276 419 404 444; x_wconf 89' lang='lat' dir='ltr'>meum</span> <span class='ocrx_word' id='word_1_36' title='bbox 422 406 458 443; x_wconf 88' lang='lat' dir='ltr'>in</span> <span class='ocrx_word' id='word_1_37' title='bbox 478 405 566 443; x_wconf 89' lang='lat' dir='ltr'>albo</span> <span class='ocrx_word' id='word_1_38' title='bbox 587 410 784 442; x_wconf 83' lang='lat' dir='ltr'>exaratum</span> <span class='ocrx_word' id='word_1_39' title='bbox 804 402 1059 453; x_wconf 85' lang='lat' dir='ltr'>quaestoribus</span> <span class='ocrx_word' id='word_1_40' title='bbox 1079 401 1334 439; x_wconf 87' lang='lat' dir='ltr'>tradiderunt.</span> <span class='ocrx_word' id='word_1_41' title='bbox 1394 402 1490 440; x_wconf 79' lang='lat' dir='ltr'>Haec</span> <span class='ocrx_word' id='word_1_42' title='bbox 1510 403 1564 440; x_wconf 89' lang='lat' dir='ltr'>illi</span> 
     </span>
     <span class='ocr_line' id='line_1_6' title="bbox 103 465 1564 519; baseline -0.004 -13"><span class='ocrx_word' id='word_1_43' title='bbox 103 469 260 519; x_wconf 89' lang='lat' dir='ltr'>quidem</span> <span class='ocrx_word' id='word_1_44' title='bbox 292 467 438 505; x_wconf 88' lang='lat' dir='ltr'>callidis</span> <span class='ocrx_word' id='word_1_45' title='bbox 468 466 817 504; x_wconf 86' lang='lat' dir='ltr'>machinationibus</span> <span class='ocrx_word' id='word_1_46' title='bbox 855 465 1126 516; x_wconf 85' lang='lat' dir='ltr'>perfecerunt:</span> <span class='ocrx_word' id='word_1_47' title='bbox 1167 468 1379 512; x_wconf 76' lang='lat' dir='ltr'>quaestores</span> <span class='ocrx_word' id='word_1_48' title='bbox 1419 470 1564 507; x_wconf 87' lang='lat' dir='ltr'>autem,</span> 
     </span>
     <span class='ocr_line' id='line_1_7' title="bbox 105 524 1567 580; baseline -0.004 -13"><span class='ocrx_word' id='word_1_49' title='bbox 105 530 242 580; x_wconf 91' lang='lat' dir='ltr'>quibus</span> <span class='ocrx_word' id='word_1_50' title='bbox 261 529 375 566; x_wconf 91' lang='lat' dir='ltr'>animi</span> <span class='ocrx_word' id='word_1_51' title='bbox 396 534 506 566; x_wconf 87' lang='lat' dir='ltr'>erant</span> <span class='ocrx_word' id='word_1_52' title='bbox 526 529 573 566; x_wconf 92' lang='lat' dir='ltr'>ab</span> <span class='ocrx_word' id='word_1_53' title='bbox 596 528 753 566; x_wconf 80' lang='lat' dir='ltr'>istorum</span> <span class='ocrx_word' id='word_1_54' title='bbox 775 527 910 565; x_wconf 87' lang='lat' dir='ltr'>animis</span> <span class='ocrx_word' id='word_1_55' title='bbox 936 525 1161 576; x_wconf 83' lang='lat' dir='ltr'>longissime</span> <span class='ocrx_word' id='word_1_56' title='bbox 1188 524 1435 570; x_wconf 86' lang='lat' dir='ltr'>dissidentes,</span> <span class='ocrx_word' id='word_1_57' title='bbox 1456 537 1567 562; x_wconf 87' lang='lat' dir='ltr'>revo-</span> 
     </span>
     <span class='ocr_line' id='line_1_8' title="bbox 106 585 1565 640; baseline -0.004 -11"><span class='ocrx_word' id='word_1_58' title='bbox 106 592 246 629; x_wconf 86' lang='lat' dir='ltr'>cabant</span> <span class='ocrx_word' id='word_1_59' title='bbox 263 602 344 635; x_wconf 91' lang='lat' dir='ltr'>eos,</span> <span class='ocrx_word' id='word_1_60' title='bbox 366 589 430 640; x_wconf 91' lang='lat' dir='ltr'>qui</span> <span class='ocrx_word' id='word_1_61' title='bbox 451 589 522 626; x_wconf 89' lang='lat' dir='ltr'>sibi</span> <span class='ocrx_word' id='word_1_62' title='bbox 542 588 712 626; x_wconf 88' lang='lat' dir='ltr'>tabulam</span> <span class='ocrx_word' id='word_1_63' title='bbox 735 589 770 625; x_wconf 93' lang='lat' dir='ltr'>in</span> <span class='ocrx_word' id='word_1_64' title='bbox 792 601 868 638; x_wconf 87' lang='lat' dir='ltr'>qua</span> <span class='ocrx_word' id='word_1_65' title='bbox 887 600 956 637; x_wconf 90' lang='lat' dir='ltr'>pro</span> <span class='ocrx_word' id='word_1_66' title='bbox 977 586 1114 624; x_wconf 81' lang='lat' dir='ltr'>aerario</span> <span class='ocrx_word' id='word_1_67' title='bbox 1136 585 1299 636; x_wconf 89' lang='lat' dir='ltr'>scriptus</span> <span class='ocrx_word' id='word_1_68' title='bbox 1319 598 1420 623; x_wconf 88' lang='lat' dir='ltr'>eram</span> <span class='ocrx_word' id='word_1_69' title='bbox 1446 586 1565 623; x_wconf 78' lang='lat' dir='ltr'>tradi-</span> 
     </span>
     <span class='ocr_line' id='line_1_9' title="bbox 104 647 1565 702; baseline -0.005 -12"><span class='ocrx_word' id='word_1_70' title='bbox 104 653 261 696; x_wconf 88' lang='lat' dir='ltr'>dissent,</span> <span class='ocrx_word' id='word_1_71' title='bbox 288 663 523 702; x_wconf 84' lang='lat' dir='ltr'>causamque</span> <span class='ocrx_word' id='word_1_72' title='bbox 552 664 666 689; x_wconf 80' lang='lat' dir='ltr'>noxae</span> <span class='ocrx_word' id='word_1_73' title='bbox 695 649 1036 702; x_wconf 83' lang='lat' dir='ltr'>percontabantur.</span> <span class='ocrx_word' id='word_1_74' title='bbox 1092 648 1188 685; x_wconf 92' lang='lat' dir='ltr'>Tum</span> <span class='ocrx_word' id='word_1_75' title='bbox 1221 647 1377 698; x_wconf 81' lang='lat' dir='ltr'>cognita</span> <span class='ocrx_word' id='word_1_76' title='bbox 1403 652 1485 684; x_wconf 88' lang='lat' dir='ltr'>tota</span> <span class='ocrx_word' id='word_1_77' title='bbox 1510 660 1565 690; x_wconf 79' lang='lat' dir='ltr'>re,</span> 
     </span>
     <span class='ocr_line' id='line_1_10' title="bbox 104 708 1566 763; baseline -0.004 -12"><span class='ocrx_word' id='word_1_78' title='bbox 104 712 348 751; x_wconf 86' lang='lat' dir='ltr'>recordantes</span> <span class='ocrx_word' id='word_1_79' title='bbox 380 725 494 763; x_wconf 89' lang='lat' dir='ltr'>quam</span> <span class='ocrx_word' id='word_1_80' title='bbox 523 712 682 762; x_wconf 87' lang='lat' dir='ltr'>indigna</span> <span class='ocrx_word' id='word_1_81' title='bbox 706 724 845 762; x_wconf 89' lang='lat' dir='ltr'>passus</span> <span class='ocrx_word' id='word_1_82' title='bbox 864 723 1005 755; x_wconf 86' lang='lat' dir='ltr'>essem,</span> <span class='ocrx_word' id='word_1_83' title='bbox 1024 709 1189 760; x_wconf 87' lang='lat' dir='ltr'>primum</span> <span class='ocrx_word' id='word_1_84' title='bbox 1210 708 1365 759; x_wconf 90' lang='lat' dir='ltr'>quidem</span> <span class='ocrx_word' id='word_1_85' title='bbox 1387 708 1462 746; x_wconf 91' lang='lat' dir='ltr'>illis</span> <span class='ocrx_word' id='word_1_86' title='bbox 1482 721 1566 758; x_wconf 82' lang='lat' dir='ltr'>per-</span> 
     </span>
     <span class='ocr_line' id='line_1_11' title="bbox 106 769 1565 820; baseline -0.005 -8"><span class='ocrx_word' id='word_1_87' title='bbox 106 773 268 812; x_wconf 89' lang='lat' dir='ltr'>suadere</span> <span class='ocrx_word' id='word_1_88' title='bbox 287 773 529 820; x_wconf 85' lang='lat' dir='ltr'>laborabant,</span> <span class='ocrx_word' id='word_1_89' title='bbox 548 779 592 811; x_wconf 91' lang='lat' dir='ltr'>ut</span> <span class='ocrx_word' id='word_1_90' title='bbox 612 786 672 810; x_wconf 90' lang='lat' dir='ltr'>me</span> <span class='ocrx_word' id='word_1_91' title='bbox 693 772 891 810; x_wconf 90' lang='lat' dir='ltr'>absolvere</span> <span class='ocrx_word' id='word_1_92' title='bbox 911 770 1069 817; x_wconf 90' lang='lat' dir='ltr'>vellent,</span> <span class='ocrx_word' id='word_1_93' title='bbox 1091 770 1274 808; x_wconf 89' lang='lat' dir='ltr'>docentes</span> <span class='ocrx_word' id='word_1_94' title='bbox 1297 781 1430 820; x_wconf 90' lang='lat' dir='ltr'>parum</span> <span class='ocrx_word' id='word_1_95' title='bbox 1457 769 1565 807; x_wconf 88' lang='lat' dir='ltr'>civile</span> 
     </span>
     <span class='ocr_line' id='line_1_12' title="bbox 104 830 1566 886; baseline -0.003 -13"><span class='ocrx_word' id='word_1_96' title='bbox 104 847 190 873; x_wconf 90' lang='lat' dir='ltr'>esse</span> <span class='ocrx_word' id='word_1_97' title='bbox 220 834 362 873; x_wconf 88' lang='lat' dir='ltr'>civium</span> <span class='ocrx_word' id='word_1_98' title='bbox 392 847 608 886; x_wconf 83' lang='lat' dir='ltr'>quenquam</span> <span class='ocrx_word' id='word_1_99' title='bbox 638 835 686 872; x_wconf 90' lang='lat' dir='ltr'>ob</span> <span class='ocrx_word' id='word_1_100' title='bbox 713 833 880 884; x_wconf 85' lang='lat' dir='ltr'>privatas</span> <span class='ocrx_word' id='word_1_101' title='bbox 910 832 1139 884; x_wconf 89' lang='lat' dir='ltr'>cujusquam</span> <span class='ocrx_word' id='word_1_102' title='bbox 1166 844 1253 870; x_wconf 90' lang='lat' dir='ltr'>cum</span> <span class='ocrx_word' id='word_1_103' title='bbox 1279 843 1324 869; x_wconf 91' lang='lat' dir='ltr'>eo</span> <span class='ocrx_word' id='word_1_104' title='bbox 1350 830 1566 868; x_wconf 81' lang='lat' dir='ltr'>simultates</span> 
     </span>
     <span class='ocr_line' id='line_1_13' title="bbox 100 891 1563 945; baseline -0.005 -10"><span class='ocrx_word' id='word_1_105' title='bbox 100 898 141 935; x_wconf 91' lang='lat' dir='ltr'>in</span> <span class='ocrx_word' id='word_1_106' title='bbox 161 896 315 935; x_wconf 86' lang='lat' dir='ltr'>aerarios</span> <span class='ocrx_word' id='word_1_107' title='bbox 335 895 490 935; x_wconf 88' lang='lat' dir='ltr'>referri:</span> <span class='ocrx_word' id='word_1_108' title='bbox 520 896 699 934; x_wconf 87' lang='lat' dir='ltr'>videntes</span> <span class='ocrx_word' id='word_1_109' title='bbox 719 902 846 933; x_wconf 90' lang='lat' dir='ltr'>autem</span> <span class='ocrx_word' id='word_1_110' title='bbox 863 894 934 932; x_wconf 90' lang='lat' dir='ltr'>sibi</span> <span class='ocrx_word' id='word_1_111' title='bbox 951 899 1207 945; x_wconf 86' lang='lat' dir='ltr'>negatum,ut</span> <span class='ocrx_word' id='word_1_112' title='bbox 1222 891 1309 930; x_wconf 88' lang='lat' dir='ltr'>illos</span> <span class='ocrx_word' id='word_1_113' title='bbox 1327 904 1349 930; x_wconf 90' lang='lat' dir='ltr'>a</span> <span class='ocrx_word' id='word_1_114' title='bbox 1362 892 1563 929; x_wconf 83' lang='lat' dir='ltr'>sententiae</span> 
     </span>
     <span class='ocr_line' id='line_1_14' title="bbox 105 952 1564 1006; baseline -0.005 -9"><span class='ocrx_word' id='word_1_115' title='bbox 105 972 187 997; x_wconf 81' lang='lat' dir='ltr'>suae</span> <span class='ocrx_word' id='word_1_116' title='bbox 216 958 356 996; x_wconf 85' lang='lat' dir='ltr'>duritie</span> <span class='ocrx_word' id='word_1_117' title='bbox 382 957 634 1004; x_wconf 80' lang='lat' dir='ltr'>deducerent,</span> <span class='ocrx_word' id='word_1_118' title='bbox 655 957 921 995; x_wconf 89' lang='lat' dir='ltr'>sustinuerunt</span> <span class='ocrx_word' id='word_1_119' title='bbox 940 955 1070 1006; x_wconf 85' lang='lat' dir='ltr'>capita</span> <span class='ocrx_word' id='word_1_120' title='bbox 1096 967 1168 992; x_wconf 90' lang='lat' dir='ltr'>sua</span> <span class='ocrx_word' id='word_1_121' title='bbox 1194 952 1365 1004; x_wconf 89' lang='lat' dir='ltr'>periculo</span> <span class='ocrx_word' id='word_1_122' title='bbox 1391 965 1564 991; x_wconf 83' lang='lat' dir='ltr'>censurae</span> 
     </span>
     <span class='ocr_line' id='line_1_15' title="bbox 102 1014 1565 1071; baseline -0.004 -14"><span class='ocrx_word' id='word_1_123' title='bbox 102 1027 255 1066; x_wconf 81' lang='lat' dir='ltr'>vestrae,</span> <span class='ocrx_word' id='word_1_124' title='bbox 271 1019 442 1071; x_wconf 89' lang='lat' dir='ltr'>judices,</span> <span class='ocrx_word' id='word_1_125' title='bbox 461 1019 642 1070; x_wconf 88' lang='lat' dir='ltr'>objicere,</span> <span class='ocrx_word' id='word_1_126' title='bbox 665 1018 926 1068; x_wconf 88' lang='lat' dir='ltr'>mulctamque</span> <span class='ocrx_word' id='word_1_127' title='bbox 944 1016 1037 1054; x_wconf 88' lang='lat' dir='ltr'>mihi</span> <span class='ocrx_word' id='word_1_128' title='bbox 1052 1029 1075 1054; x_wconf 91' lang='lat' dir='ltr'>a</span> <span class='ocrx_word' id='word_1_129' title='bbox 1091 1015 1259 1054; x_wconf 90' lang='lat' dir='ltr'>Ctesicle</span> <span class='ocrx_word' id='word_1_130' title='bbox 1275 1014 1464 1065; x_wconf 85' lang='lat' dir='ltr'>sociisque</span> <span class='ocrx_word' id='word_1_131' title='bbox 1480 1016 1565 1064; x_wconf 89' lang='lat' dir='ltr'>ejus</span> 
     </span>
     <span class='ocr_line' id='line_1_16' title="bbox 102 1079 1031 1132; baseline -0.002 -14"><span class='ocrx_word' id='word_1_132' title='bbox 102 1081 311 1132; x_wconf 84' lang='lat' dir='ltr'>irrogatam</span> <span class='ocrx_word' id='word_1_133' title='bbox 332 1081 477 1119; x_wconf 88' lang='lat' dir='ltr'>irritam</span> <span class='ocrx_word' id='word_1_134' title='bbox 495 1087 535 1119; x_wconf 90' lang='lat' dir='ltr'>et</span> <span class='ocrx_word' id='word_1_135' title='bbox 553 1080 699 1119; x_wconf 90' lang='lat' dir='ltr'>nullam</span> <span class='ocrx_word' id='word_1_136' title='bbox 719 1092 805 1118; x_wconf 83' lang='lat' dir='ltr'>esse</span> <span class='ocrx_word' id='word_1_137' title='bbox 826 1079 1031 1118; x_wconf 89' lang='lat' dir='ltr'>sciverunt.</span> 
     </span>
    </p>

    <p class='ocr_par' dir='ltr' id='par_1_3' title="bbox 101 1138 1570 1436">
     <span class='ocr_line' id='line_1_17' title="bbox 159 1138 1564 1193; baseline -0.004 -13"><span class='ocrx_word' id='word_1_138' title='bbox 159 1144 193 1180; x_wconf 92' lang='lat'>3.</span> <span class='ocrx_word' id='word_1_139' title='bbox 227 1141 331 1180; x_wconf 89' lang='lat' dir='ltr'>Estis</span> <span class='ocrx_word' id='word_1_140' title='bbox 351 1155 444 1193; x_wconf 86' lang='lat' dir='ltr'>ergo</span> <span class='ocrx_word' id='word_1_141' title='bbox 463 1155 530 1180; x_wconf 90' lang='lat' dir='ltr'>vos</span> <span class='ocrx_word' id='word_1_142' title='bbox 548 1141 703 1192; x_wconf 92' lang='lat' dir='ltr'>quidem</span> <span class='ocrx_word' id='word_1_143' title='bbox 719 1142 800 1191; x_wconf 89' lang='lat' dir='ltr'>jam</span> <span class='ocrx_word' id='word_1_144' title='bbox 821 1140 928 1187; x_wconf 86' lang='lat' dir='ltr'>certi,</span> <span class='ocrx_word' id='word_1_145' title='bbox 949 1153 1008 1177; x_wconf 88' lang='lat' dir='ltr'>me</span> <span class='ocrx_word' id='word_1_146' title='bbox 1029 1152 1053 1177; x_wconf 91' lang='lat' dir='ltr'>a</span> <span class='ocrx_word' id='word_1_147' title='bbox 1071 1138 1328 1190; x_wconf 83' lang='lat' dir='ltr'>quaestoribus</span> <span class='ocrx_word' id='word_1_148' title='bbox 1348 1138 1564 1176; x_wconf 89' lang='lat' dir='ltr'>absolutum</span> 
     </span>
     <span class='ocr_line' id='line_1_18' title="bbox 102 1198 1567 1253; baseline -0.004 -13"><span class='ocrx_word' id='word_1_149' title='bbox 102 1215 216 1242; x_wconf 88' lang='lat' dir='ltr'>esse:</span> <span class='ocrx_word' id='word_1_150' title='bbox 244 1204 425 1253; x_wconf 90' lang='lat' dir='ltr'>quoniam</span> <span class='ocrx_word' id='word_1_151' title='bbox 447 1211 578 1242; x_wconf 87' lang='lat' dir='ltr'>tamen</span> <span class='ocrx_word' id='word_1_152' title='bbox 597 1215 770 1241; x_wconf 86' lang='lat' dir='ltr'>mearum</span> <span class='ocrx_word' id='word_1_153' title='bbox 797 1201 898 1240; x_wconf 91' lang='lat' dir='ltr'>duco</span> <span class='ocrx_word' id='word_1_154' title='bbox 925 1200 1090 1252; x_wconf 88' lang='lat' dir='ltr'>partium</span> <span class='ocrx_word' id='word_1_155' title='bbox 1117 1212 1214 1244; x_wconf 92' lang='lat' dir='ltr'>esse,</span> <span class='ocrx_word' id='word_1_156' title='bbox 1239 1205 1284 1236; x_wconf 90' lang='lat' dir='ltr'>ut</span> <span class='ocrx_word' id='word_1_157' title='bbox 1307 1212 1376 1249; x_wconf 91' lang='lat' dir='ltr'>per</span> <span class='ocrx_word' id='word_1_158' title='bbox 1401 1198 1567 1248; x_wconf 87' lang='lat' dir='ltr'>reliquas</span> 
     </span>
     <span class='ocr_line' id='line_1_19' title="bbox 102 1259 1570 1315; baseline -0.005 -13"><span class='ocrx_word' id='word_1_159' title='bbox 102 1276 259 1315; x_wconf 92' lang='lat' dir='ltr'>quoque</span> <span class='ocrx_word' id='word_1_160' title='bbox 277 1277 366 1314; x_wconf 86' lang='lat' dir='ltr'>quae</span> <span class='ocrx_word' id='word_1_161' title='bbox 385 1269 595 1314; x_wconf 88' lang='lat' dir='ltr'>supersunt</span> <span class='ocrx_word' id='word_1_162' title='bbox 614 1263 693 1301; x_wconf 90' lang='lat' dir='ltr'>veri</span> <span class='ocrx_word' id='word_1_163' title='bbox 713 1262 882 1301; x_wconf 89' lang='lat' dir='ltr'>docendi</span> <span class='ocrx_word' id='word_1_164' title='bbox 900 1262 981 1300; x_wconf 88' lang='lat' dir='ltr'>vias</span> <span class='ocrx_word' id='word_1_165' title='bbox 1002 1263 1051 1300; x_wconf 92' lang='lat' dir='ltr'>ab</span> <span class='ocrx_word' id='word_1_166' title='bbox 1075 1261 1192 1312; x_wconf 88' lang='lat' dir='ltr'>hujus</span> <span class='ocrx_word' id='word_1_167' title='bbox 1219 1259 1385 1298; x_wconf 85' lang='lat' dir='ltr'>criminis</span> <span class='ocrx_word' id='word_1_168' title='bbox 1415 1259 1570 1297; x_wconf 88' lang='lat' dir='ltr'>macula</span> 
     </span>
     <span class='ocr_line' id='line_1_20' title="bbox 101 1320 1568 1376; baseline -0.003 -13"><span class='ocrx_word' id='word_1_169' title='bbox 101 1338 164 1363; x_wconf 88' lang='lat' dir='ltr'>me</span> <span class='ocrx_word' id='word_1_170' title='bbox 182 1337 357 1376; x_wconf 88' lang='lat' dir='ltr'>purgem,</span> <span class='ocrx_word' id='word_1_171' title='bbox 373 1324 502 1376; x_wconf 81' lang='lat' dir='ltr'>plures</span> <span class='ocrx_word' id='word_1_172' title='bbox 520 1323 648 1363; x_wconf 89' lang='lat' dir='ltr'>adhuc</span> <span class='ocrx_word' id='word_1_173' title='bbox 667 1324 853 1375; x_wconf 84' lang='lat' dir='ltr'>legesque</span> <span class='ocrx_word' id='word_1_174' title='bbox 871 1323 1082 1374; x_wconf 86' lang='lat' dir='ltr'>titulosque</span> <span class='ocrx_word' id='word_1_175' title='bbox 1096 1321 1196 1374; x_wconf 88' lang='lat' dir='ltr'>juris</span> <span class='ocrx_word' id='word_1_176' title='bbox 1214 1321 1402 1372; x_wconf 82' lang='lat' dir='ltr'>allegabo.</span> <span class='ocrx_word' id='word_1_177' title='bbox 1460 1320 1568 1372; x_wconf 85' lang='lat' dir='ltr'>Cape</span> 
     </span>
     <span class='ocr_line' id='line_1_21' title="bbox 103 1385 539 1436; baseline -0.002 -12"><span class='ocrx_word' id='word_1_178' title='bbox 103 1391 145 1424; x_wconf 90' lang='lat' dir='ltr'>tu</span> <span class='ocrx_word' id='word_1_179' title='bbox 167 1385 259 1424; x_wconf 90' lang='lat' dir='ltr'>mihi</span> <span class='ocrx_word' id='word_1_180' title='bbox 278 1385 380 1424; x_wconf 87' lang='lat' dir='ltr'>hanc</span> <span class='ocrx_word' id='word_1_181' title='bbox 400 1386 539 1436; x_wconf 83' lang='lat' dir='ltr'>legem.</span> 
     </span>
    </p>
   </div>
   <div class='ocr_carea' id='block_1_3' title="bbox 778 1476 896 1514">
    <p class='ocr_par' dir='ltr' id='par_1_4' title="bbox 778 1476 896 1514">
     <span class='ocr_line' id='line_1_22' title="bbox 778 1476 896 1514; baseline -0.017 0"><span class='ocrx_word' id='word_1_182' title='bbox 778 1476 896 1514; x_wconf 90' lang='lat' dir='ltr'><strong>LEX.</strong></span> 
     </span>
    </p>
   </div>
   <div class='ocr_carea' id='block_1_4' title="bbox 102 1558 1573 2901">
    <p class='ocr_par' dir='ltr' id='par_1_5' title="bbox 102 1558 1573 2901">
     <span class='ocr_line' id='line_1_23' title="bbox 105 1558 1569 1613; baseline -0.003 -13"><span class='ocrx_word' id='word_1_183' title='bbox 105 1561 278 1600; x_wconf 89' lang='lat' dir='ltr'>Audistis</span> <span class='ocrx_word' id='word_1_184' title='bbox 303 1562 431 1613; x_wconf 87' lang='lat' dir='ltr'>legem</span> <span class='ocrx_word' id='word_1_185' title='bbox 460 1561 612 1599; x_wconf 86' lang='lat' dir='ltr'>disertis</span> <span class='ocrx_word' id='word_1_186' title='bbox 640 1560 766 1598; x_wconf 88' lang='lat' dir='ltr'>verbis</span> <span class='ocrx_word' id='word_1_187' title='bbox 792 1560 1020 1607; x_wconf 87' lang='lat' dir='ltr'>edicentem‚</span> <span class='ocrx_word' id='word_1_188' title='bbox 1045 1560 1077 1597; x_wconf 92' lang='lat' dir='ltr'>si</span> <span class='ocrx_word' id='word_1_189' title='bbox 1103 1560 1188 1610; x_wconf 89' lang='lat' dir='ltr'>quis</span> <span class='ocrx_word' id='word_1_190' title='bbox 1218 1558 1507 1609; x_wconf 88' lang='lat' dir='ltr'>magistratibus</span> <span class='ocrx_word' id='word_1_191' title='bbox 1533 1559 1569 1595; x_wconf 88' lang='lat' dir='ltr'>in</span> 
     </span>
     <span class='ocr_line' id='line_1_24' title="bbox 105 1620 1569 1673; baseline -0.003 -11"><span class='ocrx_word' id='word_1_192' title='bbox 105 1623 212 1662; x_wconf 89' lang='lat' dir='ltr'>curia</span> <span class='ocrx_word' id='word_1_193' title='bbox 231 1623 476 1670; x_wconf 85' lang='lat' dir='ltr'>convitietur,</span> <span class='ocrx_word' id='word_1_194' title='bbox 495 1635 584 1660; x_wconf 90' lang='lat' dir='ltr'>eum</span> <span class='ocrx_word' id='word_1_195' title='bbox 603 1622 769 1673; x_wconf 89' lang='lat' dir='ltr'>pecunia</span> <span class='ocrx_word' id='word_1_196' title='bbox 787 1621 1054 1659; x_wconf 87' lang='lat' dir='ltr'>mulctandum</span> <span class='ocrx_word' id='word_1_197' title='bbox 1073 1633 1172 1659; x_wconf 85' lang='lat' dir='ltr'>esse.</span> <span class='ocrx_word' id='word_1_198' title='bbox 1231 1620 1317 1671; x_wconf 83' lang='lat' dir='ltr'>Ego</span> <span class='ocrx_word' id='word_1_199' title='bbox 1337 1633 1427 1658; x_wconf 87' lang='lat' dir='ltr'>vero</span> <span class='ocrx_word' id='word_1_200' title='bbox 1448 1626 1569 1658; x_wconf 89' lang='lat' dir='ltr'>testes</span> 
     </span>
     <span class='ocr_line' id='line_1_25' title="bbox 105 1681 1568 1736; baseline -0.003 -13"><span class='ocrx_word' id='word_1_201' title='bbox 105 1685 157 1722; x_wconf 90' lang='lat' dir='ltr'>ad</span> <span class='ocrx_word' id='word_1_202' title='bbox 174 1698 244 1723; x_wconf 90' lang='lat' dir='ltr'>vos</span> <span class='ocrx_word' id='word_1_203' title='bbox 263 1684 446 1736; x_wconf 86' lang='lat' dir='ltr'>produxi,</span> <span class='ocrx_word' id='word_1_204' title='bbox 471 1683 720 1731; x_wconf 87' lang='lat' dir='ltr'>affirmantes,</span> <span class='ocrx_word' id='word_1_205' title='bbox 741 1683 778 1720; x_wconf 92' lang='lat' dir='ltr'>in</span> <span class='ocrx_word' id='word_1_206' title='bbox 798 1683 943 1721; x_wconf 90' lang='lat' dir='ltr'>curiam</span> <span class='ocrx_word' id='word_1_207' title='bbox 963 1696 1022 1720; x_wconf 90' lang='lat' dir='ltr'>me</span> <span class='ocrx_word' id='word_1_208' title='bbox 1048 1695 1096 1720; x_wconf 90' lang='lat' dir='ltr'>ne</span> <span class='ocrx_word' id='word_1_209' title='bbox 1122 1681 1256 1733; x_wconf 88' lang='lat' dir='ltr'>pedem</span> <span class='ocrx_word' id='word_1_210' title='bbox 1285 1681 1441 1732; x_wconf 89' lang='lat' dir='ltr'>quidem</span> <span class='ocrx_word' id='word_1_211' title='bbox 1467 1682 1568 1719; x_wconf 89' lang='lat' dir='ltr'>intu-</span> 
     </span>
     <span class='ocr_line' id='line_1_26' title="bbox 106 1743 1569 1797; baseline -0.001 -15"><span class='ocrx_word' id='word_1_212' title='bbox 106 1746 224 1783; x_wconf 86' lang='lat' dir='ltr'>lisse:</span> <span class='ocrx_word' id='word_1_213' title='bbox 253 1746 400 1784; x_wconf 86' lang='lat' dir='ltr'>mulcta</span> <span class='ocrx_word' id='word_1_214' title='bbox 420 1745 548 1797; x_wconf 86' lang='lat' dir='ltr'>itaque</span> <span class='ocrx_word' id='word_1_215' title='bbox 574 1745 666 1783; x_wconf 90' lang='lat' dir='ltr'>mihi</span> <span class='ocrx_word' id='word_1_216' title='bbox 692 1758 762 1796; x_wconf 90' lang='lat' dir='ltr'>per</span> <span class='ocrx_word' id='word_1_217' title='bbox 791 1745 900 1783; x_wconf 89' lang='lat' dir='ltr'>nefas</span> <span class='ocrx_word' id='word_1_218' title='bbox 929 1745 1112 1795; x_wconf 87' lang='lat' dir='ltr'>irrogata,</span> <span class='ocrx_word' id='word_1_219' title='bbox 1137 1756 1264 1794; x_wconf 85' lang='lat' dir='ltr'>neque</span> <span class='ocrx_word' id='word_1_220' title='bbox 1289 1743 1415 1781; x_wconf 87' lang='lat' dir='ltr'>debeo</span> <span class='ocrx_word' id='word_1_221' title='bbox 1443 1756 1569 1794; x_wconf 90' lang='lat' dir='ltr'>neque</span> 
     </span>
     <span class='ocr_line' id='line_1_27' title="bbox 102 1805 1572 1859; baseline -0.002 -14"><span class='ocrx_word' id='word_1_222' title='bbox 102 1808 190 1858; x_wconf 83' lang='lat' dir='ltr'>jure</span> <span class='ocrx_word' id='word_1_223' title='bbox 219 1808 307 1858; x_wconf 89' lang='lat' dir='ltr'>cogi</span> <span class='ocrx_word' id='word_1_224' title='bbox 333 1821 494 1859; x_wconf 90' lang='lat' dir='ltr'>possum</span> <span class='ocrx_word' id='word_1_225' title='bbox 523 1808 572 1845; x_wconf 89' lang='lat' dir='ltr'>ad</span> <span class='ocrx_word' id='word_1_226' title='bbox 601 1808 799 1846; x_wconf 90' lang='lat' dir='ltr'>luendum.</span> <span class='ocrx_word' id='word_1_227' title='bbox 857 1807 959 1845; x_wconf 91' lang='lat' dir='ltr'>Nam</span> <span class='ocrx_word' id='word_1_228' title='bbox 986 1807 1017 1845; x_wconf 89' lang='lat' dir='ltr'>si</span> <span class='ocrx_word' id='word_1_229' title='bbox 1039 1814 1192 1845; x_wconf 87' lang='lat' dir='ltr'>constat</span> <span class='ocrx_word' id='word_1_230' title='bbox 1211 1807 1249 1844; x_wconf 88' lang='lat' dir='ltr'>in</span> <span class='ocrx_word' id='word_1_231' title='bbox 1269 1807 1414 1845; x_wconf 85' lang='lat' dir='ltr'>curiam</span> <span class='ocrx_word' id='word_1_232' title='bbox 1435 1819 1496 1843; x_wconf 90' lang='lat' dir='ltr'>me</span> <span class='ocrx_word' id='word_1_233' title='bbox 1517 1805 1572 1842; x_wconf 90' lang='lat' dir='ltr'>in-</span> 
     </span>
     <span class='ocr_line' id='line_1_28' title="bbox 109 1866 1572 1918; baseline -0.001 -12"><span class='ocrx_word' id='word_1_234' title='bbox 109 1881 286 1918; x_wconf 88' lang='lat' dir='ltr'>gressum</span> <span class='ocrx_word' id='word_1_235' title='bbox 306 1881 383 1906; x_wconf 92' lang='lat' dir='ltr'>non</span> <span class='ocrx_word' id='word_1_236' title='bbox 402 1881 504 1914; x_wconf 90' lang='lat' dir='ltr'>esse,</span> <span class='ocrx_word' id='word_1_237' title='bbox 526 1876 564 1906; x_wconf 87' lang='lat' dir='ltr'>et</span> <span class='ocrx_word' id='word_1_238' title='bbox 582 1868 645 1905; x_wconf 87' lang='lat' dir='ltr'>lex</span> <span class='ocrx_word' id='word_1_239' title='bbox 664 1868 695 1905; x_wconf 88' lang='lat' dir='ltr'>si</span> <span class='ocrx_word' id='word_1_240' title='bbox 715 1868 833 1905; x_wconf 91' lang='lat' dir='ltr'>edicit</span> <span class='ocrx_word' id='word_1_241' title='bbox 852 1880 918 1905; x_wconf 91' lang='lat' dir='ltr'>eos</span> <span class='ocrx_word' id='word_1_242' title='bbox 936 1867 1120 1905; x_wconf 89' lang='lat' dir='ltr'>mulctam</span> <span class='ocrx_word' id='word_1_243' title='bbox 1143 1866 1297 1914; x_wconf 81' lang='lat' dir='ltr'>debere,</span> <span class='ocrx_word' id='word_1_244' title='bbox 1321 1867 1351 1905; x_wconf 91' lang='lat' dir='ltr'>si</span> <span class='ocrx_word' id='word_1_245' title='bbox 1380 1867 1446 1917; x_wconf 88' lang='lat' dir='ltr'>qui</span> <span class='ocrx_word' id='word_1_246' title='bbox 1472 1868 1572 1904; x_wconf 87' lang='lat' dir='ltr'>intra</span> 
     </span>
     <span class='ocr_line' id='line_1_29' title="bbox 108 1929 1570 1980; baseline -0.001 -13"><span class='ocrx_word' id='word_1_247' title='bbox 108 1929 254 1967; x_wconf 87' lang='lat' dir='ltr'>curiam</span> <span class='ocrx_word' id='word_1_248' title='bbox 283 1929 428 1980; x_wconf 89' lang='lat' dir='ltr'>aliquid</span> <span class='ocrx_word' id='word_1_249' title='bbox 450 1929 718 1980; x_wconf 84' lang='lat' dir='ltr'>deliquissent,</span> <span class='ocrx_word' id='word_1_250' title='bbox 738 1934 892 1966; x_wconf 89' lang='lat' dir='ltr'>constat</span> <span class='ocrx_word' id='word_1_251' title='bbox 917 1929 1008 1966; x_wconf 86' lang='lat' dir='ltr'>item</span> <span class='ocrx_word' id='word_1_252' title='bbox 1033 1942 1096 1967; x_wconf 88' lang='lat' dir='ltr'>me</span> <span class='ocrx_word' id='word_1_253' title='bbox 1120 1929 1272 1967; x_wconf 86' lang='lat' dir='ltr'>facinus</span> <span class='ocrx_word' id='word_1_254' title='bbox 1295 1929 1444 1966; x_wconf 89' lang='lat' dir='ltr'>nullum</span> <span class='ocrx_word' id='word_1_255' title='bbox 1465 1942 1570 1966; x_wconf 87' lang='lat' dir='ltr'>com-</span> 
     </span>
     <span class='ocr_line' id='line_1_30' title="bbox 109 1990 1573 2042; baseline -0.001 -12"><span class='ocrx_word' id='word_1_256' title='bbox 109 1992 275 2037; x_wconf 89' lang='lat' dir='ltr'>misisse,</span> <span class='ocrx_word' id='word_1_257' title='bbox 296 1992 364 2030; x_wconf 87' lang='lat' dir='ltr'>sed</span> <span class='ocrx_word' id='word_1_258' title='bbox 392 1991 633 2030; x_wconf 89' lang='lat' dir='ltr'>solummodo</span> <span class='ocrx_word' id='word_1_259' title='bbox 657 1997 815 2042; x_wconf 87' lang='lat' dir='ltr'>propter</span> <span class='ocrx_word' id='word_1_260' title='bbox 839 1990 1073 2029; x_wconf 88' lang='lat' dir='ltr'>simultatem</span> <span class='ocrx_word' id='word_1_261' title='bbox 1103 1991 1341 2029; x_wconf 88' lang='lat' dir='ltr'>inimicorum</span> <span class='ocrx_word' id='word_1_262' title='bbox 1369 1991 1511 2041; x_wconf 86' lang='lat' dir='ltr'>injuste</span> <span class='ocrx_word' id='word_1_263' title='bbox 1534 1998 1573 2028; x_wconf 88' lang='lat' dir='ltr'>et</span> 
     </span>
     <span class='ocr_line' id='line_1_31' title="bbox 108 2051 1572 2102; baseline -0.001 -12"><span class='ocrx_word' id='word_1_264' title='bbox 108 2052 367 2090; x_wconf 86' lang='lat' dir='ltr'>inhumaniter</span> <span class='ocrx_word' id='word_1_265' title='bbox 390 2052 547 2090; x_wconf 86' lang='lat' dir='ltr'>mulctae</span> <span class='ocrx_word' id='word_1_266' title='bbox 571 2051 769 2089; x_wconf 86' lang='lat' dir='ltr'>addictum</span> <span class='ocrx_word' id='word_1_267' title='bbox 789 2063 885 2089; x_wconf 88' lang='lat' dir='ltr'>esse.</span> <span class='ocrx_word' id='word_1_268' title='bbox 942 2051 1075 2095; x_wconf 78' lang='lat' dir='ltr'>Quid?</span> <span class='ocrx_word' id='word_1_269' title='bbox 1103 2051 1208 2102; x_wconf 92' lang='lat' dir='ltr'>quod</span> <span class='ocrx_word' id='word_1_270' title='bbox 1227 2051 1299 2102; x_wconf 87' lang='lat' dir='ltr'>ipsi</span> <span class='ocrx_word' id='word_1_271' title='bbox 1320 2051 1417 2089; x_wconf 91' lang='lat' dir='ltr'>adeo</span> <span class='ocrx_word' id='word_1_272' title='bbox 1437 2052 1572 2089; x_wconf 83' lang='lat' dir='ltr'>adver-</span> 
     </span>
     <span class='ocr_line' id='line_1_32' title="bbox 108 2112 1571 2164; baseline 0 -13"><span class='ocrx_word' id='word_1_273' title='bbox 108 2114 195 2151; x_wconf 89' lang='lat' dir='ltr'>sarii</span> <span class='ocrx_word' id='word_1_274' title='bbox 223 2113 474 2164; x_wconf 86' lang='lat' dir='ltr'>prodiderunt</span> <span class='ocrx_word' id='word_1_275' title='bbox 503 2126 544 2151; x_wconf 89' lang='lat' dir='ltr'>se</span> <span class='ocrx_word' id='word_1_276' title='bbox 572 2113 671 2151; x_wconf 92' lang='lat' dir='ltr'>bene</span> <span class='ocrx_word' id='word_1_277' title='bbox 696 2125 826 2159; x_wconf 88' lang='lat' dir='ltr'>nosse,</span> <span class='ocrx_word' id='word_1_278' title='bbox 853 2112 1028 2163; x_wconf 85' lang='lat' dir='ltr'>injuriam</span> <span class='ocrx_word' id='word_1_279' title='bbox 1058 2112 1148 2150; x_wconf 87' lang='lat' dir='ltr'>mihi</span> <span class='ocrx_word' id='word_1_280' title='bbox 1175 2126 1198 2150; x_wconf 92' lang='lat' dir='ltr'>a</span> <span class='ocrx_word' id='word_1_281' title='bbox 1225 2126 1266 2151; x_wconf 90' lang='lat' dir='ltr'>se</span> <span class='ocrx_word' id='word_1_282' title='bbox 1290 2113 1432 2150; x_wconf 88' lang='lat' dir='ltr'>factam</span> <span class='ocrx_word' id='word_1_283' title='bbox 1461 2126 1571 2158; x_wconf 64' lang='lat' dir='ltr'>esse:</span> 
     </span>
     <span class='ocr_line' id='line_1_33' title="bbox 107 2173 1571 2225; baseline -0.001 -13"><span class='ocrx_word' id='word_1_284' title='bbox 107 2187 233 2224; x_wconf 90' lang='lat' dir='ltr'>neque</span> <span class='ocrx_word' id='word_1_285' title='bbox 253 2174 354 2212; x_wconf 91' lang='lat' dir='ltr'>enim</span> <span class='ocrx_word' id='word_1_286' title='bbox 377 2174 477 2225; x_wconf 86' lang='lat' dir='ltr'>gesti</span> <span class='ocrx_word' id='word_1_287' title='bbox 497 2186 520 2212; x_wconf 86' lang='lat' dir='ltr'>a</span> <span class='ocrx_word' id='word_1_288' title='bbox 538 2186 581 2211; x_wconf 88' lang='lat' dir='ltr'>se</span> <span class='ocrx_word' id='word_1_289' title='bbox 600 2173 850 2224; x_wconf 88' lang='lat' dir='ltr'>magistratus</span> <span class='ocrx_word' id='word_1_290' title='bbox 880 2173 1067 2211; x_wconf 88' lang='lat' dir='ltr'>rationem</span> <span class='ocrx_word' id='word_1_291' title='bbox 1096 2174 1362 2220; x_wconf 88' lang='lat' dir='ltr'>reddiderunt,</span> <span class='ocrx_word' id='word_1_292' title='bbox 1379 2187 1505 2225; x_wconf 89' lang='lat' dir='ltr'>neque</span> <span class='ocrx_word' id='word_1_293' title='bbox 1532 2176 1571 2212; x_wconf 84' lang='lat' dir='ltr'>in</span> 
     </span>
     <span class='ocr_line' id='line_1_34' title="bbox 102 2235 1570 2287; baseline 0 -13"><span class='ocrx_word' id='word_1_294' title='bbox 102 2236 252 2287; x_wconf 86' lang='lat' dir='ltr'>judicio</span> <span class='ocrx_word' id='word_1_295' title='bbox 270 2242 399 2275; x_wconf 88' lang='lat' dir='ltr'>vestro</span> <span class='ocrx_word' id='word_1_296' title='bbox 419 2243 508 2275; x_wconf 88' lang='lat' dir='ltr'>acta</span> <span class='ocrx_word' id='word_1_297' title='bbox 527 2249 596 2274; x_wconf 84' lang='lat' dir='ltr'>sua</span> <span class='ocrx_word' id='word_1_298' title='bbox 615 2235 800 2287; x_wconf 85' lang='lat' dir='ltr'>suffragio</span> <span class='ocrx_word' id='word_1_299' title='bbox 821 2236 978 2287; x_wconf 90' lang='lat' dir='ltr'>publico</span> <span class='ocrx_word' id='word_1_300' title='bbox 1005 2243 1191 2274; x_wconf 84' lang='lat' dir='ltr'>curarunt</span> <span class='ocrx_word' id='word_1_301' title='bbox 1216 2236 1447 2275; x_wconf 86' lang='lat' dir='ltr'>confirmari.</span> <span class='ocrx_word' id='word_1_302' title='bbox 1504 2238 1570 2274; x_wconf 86' lang='lat' dir='ltr'>Sin</span> 
     </span>
     <span class='ocr_line' id='line_1_35' title="bbox 109 2297 1570 2349; baseline 0.001 -15"><span class='ocrx_word' id='word_1_303' title='bbox 109 2304 235 2335; x_wconf 89' lang='lat' dir='ltr'>autem</span> <span class='ocrx_word' id='word_1_304' title='bbox 266 2297 305 2335; x_wconf 89' lang='lat' dir='ltr'>hi</span> <span class='ocrx_word' id='word_1_305' title='bbox 333 2298 520 2336; x_wconf 87' lang='lat' dir='ltr'>mulctam</span> <span class='ocrx_word' id='word_1_306' title='bbox 546 2298 638 2335; x_wconf 87' lang='lat' dir='ltr'>mihi</span> <span class='ocrx_word' id='word_1_307' title='bbox 666 2298 940 2336; x_wconf 89' lang='lat' dir='ltr'>convenienter</span> <span class='ocrx_word' id='word_1_308' title='bbox 965 2298 1213 2349; x_wconf 84' lang='lat' dir='ltr'>irrogassent,</span> <span class='ocrx_word' id='word_1_309' title='bbox 1243 2298 1427 2349; x_wconf 88' lang='lat' dir='ltr'>illamque</span> <span class='ocrx_word' id='word_1_310' title='bbox 1460 2311 1570 2336; x_wconf 88' lang='lat' dir='ltr'>suam</span> 
     </span>
     <span class='ocr_line' id='line_1_36' title="bbox 109 2358 1569 2411; baseline 0.001 -15"><span class='ocrx_word' id='word_1_311' title='bbox 109 2358 355 2405; x_wconf 89' lang='lat' dir='ltr'>sententiam,</span> <span class='ocrx_word' id='word_1_312' title='bbox 375 2372 453 2409; x_wconf 87' lang='lat' dir='ltr'>qua</span> <span class='ocrx_word' id='word_1_313' title='bbox 473 2372 536 2397; x_wconf 87' lang='lat' dir='ltr'>me</span> <span class='ocrx_word' id='word_1_314' title='bbox 564 2359 722 2397; x_wconf 86' lang='lat' dir='ltr'>mulctae</span> <span class='ocrx_word' id='word_1_315' title='bbox 747 2359 994 2407; x_wconf 81' lang='lat' dir='ltr'>damnarunt,</span> <span class='ocrx_word' id='word_1_316' title='bbox 1019 2359 1165 2411; x_wconf 87' lang='lat' dir='ltr'>judicio</span> <span class='ocrx_word' id='word_1_317' title='bbox 1194 2367 1321 2398; x_wconf 83' lang='lat' dir='ltr'>vestro</span> <span class='ocrx_word' id='word_1_318' title='bbox 1350 2366 1470 2398; x_wconf 80' lang='lat' dir='ltr'>ratam</span> <span class='ocrx_word' id='word_1_319' title='bbox 1501 2360 1569 2397; x_wconf 87' lang='lat' dir='ltr'>de-</span> 
     </span>
     <span class='ocr_line' id='line_1_37' title="bbox 109 2420 1569 2473; baseline -0.001 -15"><span class='ocrx_word' id='word_1_320' title='bbox 109 2420 245 2458; x_wconf 87' lang='lat' dir='ltr'>clarari</span> <span class='ocrx_word' id='word_1_321' title='bbox 274 2426 489 2471; x_wconf 81' lang='lat' dir='ltr'>curassent,</span> <span class='ocrx_word' id='word_1_322' title='bbox 513 2420 601 2472; x_wconf 90' lang='lat' dir='ltr'>jure</span> <span class='ocrx_word' id='word_1_323' title='bbox 631 2421 766 2458; x_wconf 89' lang='lat' dir='ltr'>merito</span> <span class='ocrx_word' id='word_1_324' title='bbox 794 2434 896 2459; x_wconf 89' lang='lat' dir='ltr'>nunc</span> <span class='ocrx_word' id='word_1_325' title='bbox 923 2434 946 2458; x_wconf 87' lang='lat' dir='ltr'>a</span> <span class='ocrx_word' id='word_1_326' title='bbox 971 2421 1265 2473; x_wconf 85' lang='lat' dir='ltr'>reprehensione</span> <span class='ocrx_word' id='word_1_327' title='bbox 1290 2422 1417 2460; x_wconf 85' lang='lat' dir='ltr'>forent</span> <span class='ocrx_word' id='word_1_328' title='bbox 1446 2421 1569 2465; x_wconf 84' lang='lat' dir='ltr'>liberi,</span> 
     </span>
     <span class='ocr_line' id='line_1_38' title="bbox 109 2481 1569 2534; baseline 0 -16"><span class='ocrx_word' id='word_1_329' title='bbox 109 2481 262 2519; x_wconf 90' lang='lat' dir='ltr'>tametsi</span> <span class='ocrx_word' id='word_1_330' title='bbox 282 2487 495 2532; x_wconf 85' lang='lat' dir='ltr'>quaestores</span> <span class='ocrx_word' id='word_1_331' title='bbox 518 2494 577 2520; x_wconf 92' lang='lat' dir='ltr'>me</span> <span class='ocrx_word' id='word_1_332' title='bbox 597 2481 867 2520; x_wconf 86' lang='lat' dir='ltr'>absolvissent.</span> <span class='ocrx_word' id='word_1_333' title='bbox 926 2483 1028 2520; x_wconf 89' lang='lat' dir='ltr'>Nam</span> <span class='ocrx_word' id='word_1_334' title='bbox 1049 2483 1203 2521; x_wconf 90' lang='lat' dir='ltr'>tametsi</span> <span class='ocrx_word' id='word_1_335' title='bbox 1218 2496 1338 2534; x_wconf 89' lang='lat' dir='ltr'>penes</span> <span class='ocrx_word' id='word_1_336' title='bbox 1355 2489 1569 2532; x_wconf 80' lang='lat' dir='ltr'>quaestores</span> 
     </span>
     <span class='ocr_line' id='line_1_39' title="bbox 109 2542 1566 2596; baseline 0.002 -18"><span class='ocrx_word' id='word_1_337' title='bbox 109 2548 182 2588; x_wconf 87' lang='lat' dir='ltr'>est,</span> <span class='ocrx_word' id='word_1_338' title='bbox 213 2542 377 2581; x_wconf 89' lang='lat' dir='ltr'>mulctas</span> <span class='ocrx_word' id='word_1_339' title='bbox 411 2556 434 2581; x_wconf 92' lang='lat' dir='ltr'>a</span> <span class='ocrx_word' id='word_1_340' title='bbox 464 2543 657 2581; x_wconf 86' lang='lat' dir='ltr'>damnatis</span> <span class='ocrx_word' id='word_1_341' title='bbox 692 2543 770 2582; x_wconf 90' lang='lat' dir='ltr'>sive</span> <span class='ocrx_word' id='word_1_342' title='bbox 804 2544 938 2581; x_wconf 85' lang='lat' dir='ltr'>malint</span> <span class='ocrx_word' id='word_1_343' title='bbox 972 2551 1142 2596; x_wconf 87' lang='lat' dir='ltr'>repetere</span> <span class='ocrx_word' id='word_1_344' title='bbox 1171 2545 1251 2582; x_wconf 90' lang='lat' dir='ltr'>sive</span> <span class='ocrx_word' id='word_1_345' title='bbox 1281 2545 1326 2581; x_wconf 90' lang='lat' dir='ltr'>iis</span> <span class='ocrx_word' id='word_1_346' title='bbox 1356 2543 1566 2588; x_wconf 86' lang='lat' dir='ltr'>remittere,</span> 
     </span>
     <span class='ocr_line' id='line_1_40' title="bbox 113 2603 1570 2656; baseline 0.003 -18"><span class='ocrx_word' id='word_1_347' title='bbox 113 2606 251 2647; x_wconf 82' lang='lat' dir='ltr'>tamen,</span> <span class='ocrx_word' id='word_1_348' title='bbox 272 2604 304 2641; x_wconf 90' lang='lat' dir='ltr'>si</span> <span class='ocrx_word' id='word_1_349' title='bbox 323 2617 345 2642; x_wconf 86' lang='lat' dir='ltr'>a</span> <span class='ocrx_word' id='word_1_350' title='bbox 357 2604 554 2655; x_wconf 84' lang='lat' dir='ltr'>judicibus</span> <span class='ocrx_word' id='word_1_351' title='bbox 573 2610 654 2642; x_wconf 89' lang='lat' dir='ltr'>rata</span> <span class='ocrx_word' id='word_1_352' title='bbox 673 2611 712 2642; x_wconf 87' lang='lat' dir='ltr'>et</span> <span class='ocrx_word' id='word_1_353' title='bbox 730 2605 903 2656; x_wconf 84' lang='lat' dir='ltr'>legitima</span> <span class='ocrx_word' id='word_1_354' title='bbox 922 2606 1056 2643; x_wconf 90' lang='lat' dir='ltr'>fuisset</span> <span class='ocrx_word' id='word_1_355' title='bbox 1075 2605 1206 2643; x_wconf 88' lang='lat' dir='ltr'>habita</span> <span class='ocrx_word' id='word_1_356' title='bbox 1229 2610 1346 2654; x_wconf 85' lang='lat' dir='ltr'>atque</span> <span class='ocrx_word' id='word_1_357' title='bbox 1375 2603 1570 2642; x_wconf 88' lang='lat' dir='ltr'>declarata</span> 
     </span>
     <span class='ocr_line' id='line_1_41' title="bbox 115 2663 1569 2718; baseline 0.003 -20"><span class='ocrx_word' id='word_1_358' title='bbox 115 2673 163 2699; x_wconf 82' lang='lat' dir='ltr'>ea</span> <span class='ocrx_word' id='word_1_359' title='bbox 180 2663 338 2711; x_wconf 87' lang='lat' dir='ltr'>mulcta,</span> <span class='ocrx_word' id='word_1_360' title='bbox 359 2678 476 2715; x_wconf 86' lang='lat' dir='ltr'>quam</span> <span class='ocrx_word' id='word_1_361' title='bbox 498 2666 688 2704; x_wconf 90' lang='lat' dir='ltr'>Ctesicles</span> <span class='ocrx_word' id='word_1_362' title='bbox 710 2666 801 2703; x_wconf 88' lang='lat' dir='ltr'>mihi</span> <span class='ocrx_word' id='word_1_363' title='bbox 820 2666 1012 2718; x_wconf 84' lang='lat' dir='ltr'>irrogavit,</span> <span class='ocrx_word' id='word_1_364' title='bbox 1033 2667 1169 2703; x_wconf 89' lang='lat' dir='ltr'>merito</span> <span class='ocrx_word' id='word_1_365' title='bbox 1190 2678 1292 2702; x_wconf 89' lang='lat' dir='ltr'>nunc</span> <span class='ocrx_word' id='word_1_366' title='bbox 1313 2677 1386 2714; x_wconf 84' lang='lat' dir='ltr'>ego</span> <span class='ocrx_word' id='word_1_367' title='bbox 1414 2665 1569 2703; x_wconf 86' lang='lat' dir='ltr'>mulctae</span> 
     </span>
     <span class='ocr_line' id='line_1_42' title="bbox 116 2721 1569 2778; baseline 0.003 -19"><span class='ocrx_word' id='word_1_368' title='bbox 116 2721 240 2761; x_wconf 90' lang='lat' dir='ltr'>adhuc</span> <span class='ocrx_word' id='word_1_369' title='bbox 270 2724 390 2762; x_wconf 86' lang='lat' dir='ltr'>forem</span> <span class='ocrx_word' id='word_1_370' title='bbox 418 2727 633 2765; x_wconf 87' lang='lat' dir='ltr'>obnoxius:</span> <span class='ocrx_word' id='word_1_371' title='bbox 665 2727 722 2764; x_wconf 82' lang='lat' dir='ltr'>sin</span> <span class='ocrx_word' id='word_1_372' title='bbox 741 2734 868 2764; x_wconf 88' lang='lat' dir='ltr'>autem</span> <span class='ocrx_word' id='word_1_373' title='bbox 887 2727 1147 2778; x_wconf 86' lang='lat' dir='ltr'>quaestoribus</span> <span class='ocrx_word' id='word_1_374' title='bbox 1167 2725 1321 2775; x_wconf 86' lang='lat' dir='ltr'>quidem</span> <span class='ocrx_word' id='word_1_375' title='bbox 1342 2725 1569 2775; x_wconf 85' lang='lat' dir='ltr'>magistratu</span> 
     </span>
     <span class='ocr_line' id='line_1_43' title="bbox 116 2783 1571 2839; baseline 0.004 -20"><span class='ocrx_word' id='word_1_376' title='bbox 116 2783 243 2821; x_wconf 87' lang='lat' dir='ltr'>adhuc</span> <span class='ocrx_word' id='word_1_377' title='bbox 270 2784 518 2836; x_wconf 85' lang='lat' dir='ltr'>fungentibus</span> <span class='ocrx_word' id='word_1_378' title='bbox 545 2789 637 2827; x_wconf 89' lang='lat' dir='ltr'>licet</span> <span class='ocrx_word' id='word_1_379' title='bbox 665 2789 849 2827; x_wconf 87' lang='lat' dir='ltr'>mulctam</span> <span class='ocrx_word' id='word_1_380' title='bbox 875 2790 1081 2834; x_wconf 89' lang='lat' dir='ltr'>remittere,</span> <span class='ocrx_word' id='word_1_381' title='bbox 1108 2786 1303 2825; x_wconf 85' lang='lat' dir='ltr'>defunctis</span> <span class='ocrx_word' id='word_1_382' title='bbox 1330 2800 1418 2825; x_wconf 90' lang='lat' dir='ltr'>vero</span> <span class='ocrx_word' id='word_1_383' title='bbox 1450 2788 1571 2839; x_wconf 87' lang='lat' dir='ltr'>magi-</span> 
     </span>
     <span class='ocr_line' id='line_1_44' title="bbox 116 2846 1566 2901; baseline 0.004 -19"><span class='ocrx_word' id='word_1_384' title='bbox 116 2851 238 2884; x_wconf 86' lang='lat' dir='ltr'>stratu</span> <span class='ocrx_word' id='word_1_385' title='bbox 256 2846 453 2886; x_wconf 87' lang='lat' dir='ltr'>reddenda</span> <span class='ocrx_word' id='word_1_386' title='bbox 471 2856 529 2888; x_wconf 89' lang='lat' dir='ltr'>est</span> <span class='ocrx_word' id='word_1_387' title='bbox 552 2851 773 2890; x_wconf 86' lang='lat' dir='ltr'>necessario</span> <span class='ocrx_word' id='word_1_388' title='bbox 799 2851 894 2890; x_wconf 89' lang='lat' dir='ltr'>ratio</span> <span class='ocrx_word' id='word_1_389' title='bbox 921 2852 968 2889; x_wconf 90' lang='lat' dir='ltr'>ab</span> <span class='ocrx_word' id='word_1_390' title='bbox 996 2850 1089 2901; x_wconf 89' lang='lat' dir='ltr'>ipsis</span> <span class='ocrx_word' id='word_1_391' title='bbox 1109 2849 1143 2887; x_wconf 87' lang='lat' dir='ltr'>in</span> <span class='ocrx_word' id='word_1_392' title='bbox 1165 2862 1211 2887; x_wconf 92' lang='lat' dir='ltr'>eo</span> <span class='ocrx_word' id='word_1_393' title='bbox 1230 2855 1442 2899; x_wconf 88' lang='lat' dir='ltr'>gestorum,</span> <span class='ocrx_word' id='word_1_394' title='bbox 1464 2849 1566 2888; x_wconf 86' lang='lat' dir='ltr'>factu</span> 
     </span>
    </p>
   </div>
  </div>
 </body>
</html>
