1822 3219
274 167 351 204 290
522 167 690 206 LYSIAE
719 168 828 207 PRO
860 169 1023 208 BONIS
1055 171 1483 211 ARISTOPHANIS.

272 270 441 322 quodam
456 271 669 311 honestatis
685 272 884 312 incrustari
903 288 912 317 ;
941 275 1188 325 septuaginta
1201 288 1290 314 vero
1307 289 1373 327 per
1388 289 1510 314 annos
1524 283 1565 315 ut
1582 277 1733 316 animus

273 338 413 370 natura
444 333 569 372 malus
590 332 861 372 et¹scelerosus
890 336 1022 379 lateat,
1042 348 1287 387 nequaquam
1318 338 1397 375 fieri
1427 350 1555 389 posse.
1612 339 1732 377 Haud

273 393 449 444 equidem
476 395 668 433 infitiabor
694 409 777 434 esse
806 396 965 434 forsitan
998 396 1074 434 alia
1099 398 1293 447 quaedam,
1315 400 1364 436 ob
1384 411 1470 449 quae
1491 405 1601 449 pater
1627 406 1733 437 recte

271 455 490 495 incusetur:
521 457 743 507 cupiditatis
765 465 893 495 autem
914 471 1002 496 eum
1024 471 1185 509 arguere
1206 472 1319 497 nemo
1339 472 1511 510 unquam
1528 473 1646 498 ausus
1661 468 1732 506 est,

272 529 322 554 ne
351 517 526 556 inimicus
554 518 723 568 quidem.
779 519 968 562 Quocirca
996 521 1189 566 convenit,
1210 533 1277 559 vos
1306 520 1546 559 inimicorum
1565 521 1734 559 vanitate

270 578 557 628 praedicationis
575 580 700 618 minus
715 593 830 630 quam
845 580 1002 618 veritate
1017 593 1143 618 rerum
1163 594 1186 619 a
1204 589 1314 633 patre
1329 595 1397 633 per
1411 594 1562 620 omnem
1577 588 1733 619 aetatem

271 646 465 688 gestarum
495 640 625 687 fidere,
646 641 907 692 temporisque
929 642 1194 688 diuturnitate,
1221 643 1324 693 quod
1348 650 1502 694 tempus
1521 655 1588 680 vos
1608 643 1735 688 decet,

263 699 431 750 judices,
451 701 592 740 habere
613 702 891 741 documentum
913 703 1028 754 longe
1048 705 1217 741 omnium
1235 705 1487 743 certissimum
1507 711 1621 755 atque
1642 703 1735 741 invi-

269 760 493 799 ctissimum.
553 763 610 800 Ea
632 763 733 800 enim
757 770 885 801 mente
914 764 1033 815 iisque
1059 765 1228 802 moribus
1247 765 1278 802 si
1298 772 1407 816 pater
1434 766 1559 802 minus
1585 765 1733 810 fuisset,

270 821 374 859 haud
395 823 570 875 profecto
598 837 756 861 censum
784 824 1000 874 reliquisset
1018 838 1066 862 ex
1087 825 1215 876 amplo
1237 833 1314 862 tam
1335 825 1592 871 imminutum,
1614 831 1730 875 atque

269 895 309 919 re
330 896 421 921 vera
448 891 522 930 est,
541 891 580 922 et
607 885 910 935 experimentum
941 885 972 922 si
1002 899 1151 924 sumere
1173 886 1296 923 velitis
1328 886 1467 924 docere
1486 898 1554 923 vos
1587 885 1732 935 possit:

268 958 355 983 nam
377 947 407 984 si
428 960 496 985 vos
522 960 627 985 nunc
655 947 714 984 his
737 948 814 985 hoc
842 946 954 993 detis,
975 948 1268 985 accusatoribus
1294 949 1449 993 nostris,
1469 954 1512 984 ut
1535 946 1733 998 patiamini

267 1021 337 1046 vos
358 1009 406 1046 ab
426 1021 555 1046 eorum
577 1008 787 1045 mendaciis
808 1008 1075 1046 circumveniri
1094 1017 1210 1058 atque
1227 1008 1275 1045 ad
1293 1007 1611 1057 proscribendum
1632 1007 1733 1044 bona

267 1077 401 1107 nostra
428 1068 585 1119 impelii,
605 1068 668 1105 vix
690 1069 768 1105 duo
790 1069 936 1106 talenta
956 1081 976 1105 e
997 1069 1165 1106 sectione
1192 1068 1430 1118 redigantur.
1489 1068 1733 1118 Quapropter

267 1143 338 1168 nos
360 1143 382 1168 a
401 1131 507 1168 vobis
527 1129 686 1174 absolvi,
709 1135 750 1166 ut
770 1129 903 1178 gloriae
926 1136 1064 1166 vestrae
1086 1135 1306 1179 nostraeque
1325 1128 1541 1166 communis
1560 1128 1733 1174 interest,

264 1192 319 1229 ita
339 1204 359 1228 e
381 1204 421 1229 re
437 1190 521 1228 fisci
539 1190 657 1227 vestri
680 1190 804 1239 magis
824 1195 906 1226 est:
937 1201 1025 1226 nam
1048 1188 1077 1226 si
1099 1190 1202 1226 bona
1222 1195 1357 1226 nostra
1376 1201 1446 1226 nos
1467 1200 1580 1239 porro
1599 1195 1731 1233 tenere

266 1260 382 1303 atque
402 1251 667 1292 administrare
688 1250 838 1294 sinatis,
857 1250 978 1287 multo
1000 1250 1190 1288 uberiores
1207 1263 1254 1287 ex
1274 1250 1318 1287 iis
1339 1251 1483 1288 fructus
1502 1250 1732 1301 percipietis,

267 1327 380 1362 quarn
404 1314 434 1350 si
455 1314 675 1365 publicetis.
733 1315 931 1355 Quantum
953 1312 1053 1349 enim
1074 1312 1139 1349 illa
1159 1312 1252 1362 reip.
1273 1312 1453 1357 referant,
1475 1313 1663 1349 aestimate
1683 1303 1734 1349 ex*

264 1374 392 1412 indice
410 1381 632 1424 sumptuum
647 1373 751 1410 illinc
767 1373 804 1410 in
823 1385 942 1423 remp.
958 1385 980 1409 a
996 1379 1104 1422 patre
1121 1372 1380 1423 superioribus
1399 1373 1508 1410 annis
1525 1373 1730 1416 factorum,

267 1449 380 1486 quem
412 1435 575 1472 indicem
604 1434 719 1472 modo
746 1432 909 1471 audistis
938 1446 1058 1483 quum
1087 1434 1335 1471 recitaretur:
1367 1440 1406 1470 et
1433 1446 1452 1470 e
1482 1432 1648 1482 reliquiis
1678 1433 1731 1470 rei

265 1496 473 1541 familiaris,
489 1495 539 1533 ad
559 1508 655 1546 quas
671 1502 778 1545 pater
798 1494 1010 1539 deciderat,
1027 1500 1066 1531 et
1085 1506 1159 1543 ego
1184 1507 1287 1532 nunc
1308 1500 1483 1544 sumptus
1503 1492 1730 1531 trierarcha-

264 1565 326 1596 tus
347 1558 479 1602 tolero,
501 1564 540 1595 et
558 1563 668 1607 pater
688 1555 879 1593 tolerabat
899 1555 988 1592 item
1009 1567 1055 1592 eo
1076 1567 1178 1592 anno
1205 1554 1270 1605 qui
1297 1561 1515 1606 postremus
1541 1554 1613 1604 ipsi
1632 1553 1730 1594 fuit:

264 1619 519 1669 studeboque,
539 1618 589 1656 ad
616 1617 714 1654 illius
740 1617 973 1667 exemplum,
992 1615 1096 1666 quod
1121 1615 1241 1653 menti
1270 1628 1365 1653 meae
1393 1614 1631 1667 propositum
1660 1614 1729 1652 ha-

264 1681 379 1726 bebo,
406 1679 547 1718 sensim
581 1686 696 1729 atque
725 1678 864 1716 sensim
896 1677 1107 1727 pauxillum
1138 1676 1230 1726 quid
1259 1677 1363 1714 unde
1384 1677 1492 1714 vobis
1522 1676 1730 1726 aliquando

262 1741 403 1792 prosim
433 1752 672 1790 comparare.
730 1740 820 1780 Quo
849 1744 962 1788 pacto
991 1738 1094 1775 bona
1117 1736 1203 1774 haec
1237 1742 1380 1781 nostra,
1400 1736 1728 1786 quemadmodum

259 1802 341 1852 jam
375 1801 523 1839 dudum
552 1813 688 1851 reapse
709 1806 837 1837 vestra
867 1799 1037 1844 fuerunt,
1063 1799 1117 1836 ita
1150 1797 1400 1848 imposterum
1429 1810 1584 1848 quoque
1603 1804 1733 1836 vestra

262 1862 498 1900 manebunt:
529 1873 618 1898 nam
646 1873 734 1898 curn
763 1872 839 1911 ego
863 1859 955 1896 mihi
982 1857 1074 1895 nihil
1105 1871 1171 1909 per
1203 1858 1312 1896 nefas
1344 1857 1569 1908 ademptum
1596 1857 1728 1895 existi-

260 1925 388 1968 mabo,
410 1929 491 1960 tum
513 1922 550 1959 in
570 1935 639 1960 vos
659 1921 734 1959 hoc
754 1920 966 1971 promptius
987 1927 1102 1970 atque
1122 1919 1315 1969 copiosius
1336 1919 1526 1968 erogabo;
1557 1931 1644 1970 quae
1664 1932 1726 1957 res

259 1985 354 2023 fisco
376 1990 500 2022 vestro
522 1984 592 2021 erit
610 1984 857 2025 fructuosior,
875 1995 991 2032 quam
1011 1982 1041 2019 si
1061 1981 1319 2031 proscribatis.
1380 1980 1530 2018 Adhaec
1551 1986 1725 2031 spectare

257 2059 329 2084 vos
343 2046 462 2097 patris
482 2045 650 2082 indolem
672 2057 827 2095 quoque
845 2044 977 2085 decet;
1008 2055 1095 2092 quae
1115 2055 1161 2080 ea
1181 2048 1278 2086 erat,
1293 2049 1336 2078 ut
1354 2053 1598 2091 quaecunque
1611 2041 1726 2090 juva-

258 2114 317 2144 ret
348 2113 456 2144 extra
487 2105 704 2143 necessaria
732 2105 968 2155 impendere,
988 2117 1033 2141 ea
1062 2103 1190 2140 omnia
1219 2109 1348 2141 essent
1377 2101 1565 2150 ejusmodi
1595 2105 1726 2152 (prout

258 2167 457 2204 invenietis
477 2166 732 2216 inquirentes)
752 2165 854 2202 unde
882 2165 1002 2215 gloria
1023 2165 1071 2201 ad
1091 2164 1282 2200 civitatem
1304 2170 1522 2213 speraretur
1542 2163 1722 2201 reditura.

258 2228 397 2278 Longe
425 2240 473 2264 ne
503 2227 652 2272 abeam,
675 2226 846 2275 equestri
874 2238 960 2262 cum
987 2232 1090 2262 esset
1109 2225 1147 2261 in
1168 2224 1315 2265 ordine.
1337 2236 1457 2273 equos
1485 2224 1625 2270 aiebat,
1646 2237 1723 2262 non

257 2289 483 2340 splendidos
503 2288 632 2332 modo,
655 2288 722 2324 sed
744 2288 859 2325 etiam
879 2287 918 2324 in
939 2287 1214 2325 certaminibus
1237 2299 1372 2323 cursus
1387 2287 1541 2324 vincere
1563 2286 1720 2330 doctos;

256 2350 432 2387 vicerunt
459 2350 498 2386 hi
531 2361 685 2399 quoque
716 2349 817 2386 ludis
842 2355 888 2389 et,
908 2348 1100 2385 Isthmicis
1127 2354 1166 2384 et
1198 2347 1367 2393 Nemeis‚
1389 2348 1491 2385 unde
1519 2354 1559 2386 et
1587 2347 1721 2386 civitas

255 2410 451 2462 praeconio
478 2410 680 2448 nobilitata
708 2415 747 2447 et
775 2416 882 2459 pater
910 2409 993 2459 ipse
1021 2420 1165 2446 corona
1193 2414 1352 2446 ornatus
1379 2409 1483 2446 abiit.
1543 2409 1720 2453 Quorum

257 2485 412 2522 unaque
443 2471 676 2521 reliquorum
708 2483 795 2520 quae
828 2470 991 2507 diximus
1026 2470 1210 2515 omniurn,
1240 2483 1336 2520 rogo
1368 2483 1451 2516 vos,
1479 2469 1648 2520 judices,
1678 2476 1722 2507 ut

258 2545 446 2570 memores
467 2532 577 2570 nobis
599 2532 849 2577 succurratis,
870 2544 998 2580 neque
1021 2531 1152 2567 sinatis
1175 2543 1245 2568 nos
1266 2530 1313 2567 ab
1334 2530 1571 2567 inimicorum
1601 2529 1720 2568 male-

257 2595 427 2633 dicentia
456 2595 505 2633 de
534 2594 660 2632 medio
691 2594 785 2631 tolli.
843 2594 992 2636 Quibus
1024 2592 1163 2630 nostris
1194 2592 1371 2642 precibus
1402 2592 1661 2631 concedentes
1681 2599 1720 2630 et

253 2657 361 2708 justa
380 2664 497 2707 atque
517 2669 629 2707 aequa
649 2655 818 2694 sciscetis
838 2662 876 2693 et
894 2655 1082 2693 vobismet
1101 2654 1193 2705 ipsis
1214 2655 1425 2693 fructuosa.
