1822 3219
722 414 1126 470 LYSIAE

397 542 777 590 CONTRA
831 540 1458 592 DIOGITONEM

799 663 1049 705 ORATIO.

261 820 291 855 l.
323 818 485 855 SUMMA
510 818 581 855 nisi
604 831 663 855 res
685 826 876 868 ageretur,
894 820 1056 868 judices,
1072 826 1111 857 et
1130 818 1321 870 ejusmodi
1352 824 1395 855 ut
1426 817 1463 854 in
1490 816 1571 867 ejus
1603 815 1661 853 di-

203 879 378 917 scrimine
397 879 629 930 pupillorum
653 879 804 923 horum,
827 892 990 929 quorum
1011 892 1167 917 causam
1194 879 1398 917 dicendam
1419 878 1558 928 recepi,
1580 876 1659 915 sive

201 940 307 978 salus
328 940 407 978 sive
434 940 593 978 exitium
622 940 791 985 libretur,
810 953 1008 991 nunquam
1039 941 1212 978 sivissem
1242 940 1311 977 hos
1340 940 1376 976 in
1406 944 1658 989 conspectum

201 1009 372 1039 vestrum
393 1002 558 1052 prodire,
575 1003 861 1040 contentionem
881 1016 966 1041 cum
987 1002 1218 1040 necessariis
1238 1015 1317 1040 rem
1336 1015 1419 1041 esse
1441 1001 1589 1039 ducens
1609 1000 1662 1037 in-

199 1063 332 1112 primis
351 1070 501 1113 turpem
516 1070 630 1113 atque
646 1064 954 1106 abominabilem.
970 1071 1231 1114 praetereaque
1248 1070 1390 1107 certus,
1409 1063 1462 1100 ita
1477 1074 1545 1100 vos
1560 1061 1660 1099 rixo-

201 1123 354 1161 sitatem
382 1137 521 1162 exosos
546 1137 648 1174 esse,
667 1132 709 1162 ut
738 1138 815 1162 non
848 1125 1010 1175 cupidos
1038 1124 1281 1163 solummodo
1307 1125 1542 1175 rapacesque
1567 1135 1659 1160 con-

201 1184 381 1222 temnatis
401 1191 441 1222 et
465 1185 502 1222 in
530 1198 687 1223 numero
717 1187 987 1225 sceleratorum
1016 1187 1203 1232 habeatis,
1224 1186 1291 1224 sed
1319 1187 1405 1224 illos
1433 1185 1532 1224 adeo
1557 1186 1660 1236 ipsos

203 1258 358 1295 quoque
377 1246 622 1297 vilipendatis
641 1253 680 1284 et
699 1247 736 1284 in
757 1247 973 1291 hominibus
990 1249 1100 1286 nauci
1119 1247 1340 1292 numeretis,
1355 1248 1385 1285 si
1401 1247 1479 1298 qui,
1496 1261 1519 1285 a
1534 1259 1664 1284 neces·

201 1307 309 1346 sariis
330 1309 517 1346 bonorum
539 1316 644 1360 parte
663 1310 831 1360 quadarn
853 1311 1032 1357 fraudati,
1054 1311 1228 1349 fraudem
1260 1311 1360 1348 banc
1393 1309 1662 1348 intolerantius

203 1368 347 1407 ferant:
378 1377 510 1407 v'erum
533 1370 568 1407 hi
589 1371 724 1421 pupilli
746 1370 911 1422 magnis',
932 1385 955 1410 o
970 1372 1136 1423 judices,
1160 1372 1381 1422 permagnis
1398 1371 1662 1416 facultatibus,

203 1437 242 1467 et
262 1432 411 1468 cunctis
433 1431 530 1468 adeo
550 1432 712 1469 fortunis
732 1434 840 1470 exuti
861 1440 950 1470 sunt
969 1440 1082 1483 atque
1099 1434 1336 1470 detrimentis
1355 1431 1663 1483 irreparabilibus

204 1490 330 1528 affecti
351 1493 398 1528 ab
426 1491 469 1528 iis
496 1492 602 1542 ipsis,
624 1505 646 1529 a
666 1493 808 1543 quibus
829 1506 897 1544 par
917 1501 999 1532 erat
1019 1507 1094 1531 non
1117 1493 1360 1531 solummodo
1381 1506 1456 1530 non
1478 1491 1663 1543 proficisci

202 1564 328 1601 neque
348 1553 564 1602 exspectari
585 1552 772 1603 ejusmodi
790 1553 979 1603 injuriam,
996 1555 1063 1591 sed
1084 1554 1198 1591 etiam
1219 1554 1373 1591 aliunde
1395 1553 1562 1591 oblatam
1579 1565 1665 1604 pro-

202 1611 361 1662 pulsari,
381 1612 420 1649 id
439 1613 470 1650 si
492 1613 675 1650 fecissent
692 1615 795 1664 quod
816 1628 946 1652 eorum
969 1627 1153 1666 personas
1172 1614 1357 1657 decebam
1389 1615 1438 1652 ad
1468 1627 1527 1651 me
1555 1626 1661 1652 rece-

202 1679 310 1723 ptum
329 1672 459 1723 itaque
480 1686 564 1710 cum
586 1673 810 1712 habuissent
829 1675 877 1721 hi,
897 1688 1059 1726 quorum
1091 1688 1197 1712 soror
1226 1688 1344 1726 penes
1373 1687 1434 1712 me
1460 1674 1563 1711 domi
1590 1682 1661 1717 est,

203 1733 329 1771 facere
360 1746 437 1770 non
468 1734 573 1785 potui
605 1736 813 1784 quominus
841 1736 1031 1786 agendam
1061 1749 1192 1773 eorum
1224 1748 1379 1774 causam
1408 1735 1661 1786 susciperem:

203 1806 299 1831 uxor
319 1795 420 1831 enim
442 1807 538 1839 mea,
557 1808 644 1845 quae
662 1802 703 1832 ut
722 1796 836 1833 modo
856 1796 934 1833 dixi
956 1796 1091 1833 horum
1107 1808 1214 1834 soror
1226 1803 1297 1841 est,
1315 1796 1535 1847 Diogitonis
1548 1795 1662 1846 hujus

201 1867 315 1904 quem
337 1867 479 1892 accuso
498 1868 518 1891 e
533 1854 649 1892 fratre
671 1856 795 1906 neptis
817 1864 890 1894 est.
948 1858 1119 1895 Conatus
1137 1870 1210 1907 ego
1232 1858 1517 1895 contentionem
1539 1856 1663 1895 amica

201 1915 481 1965 compositione
501 1915 690 1960 dirimere,
711 1925 872 1967 utraque
889 1931 974 1955 cum
991 1925 1099 1968 parte
1121 1918 1249 1955 multis
1266 1931 1354 1955 cum
1374 1918 1554 1968 egissem,
1570 1924 1608 1955 et
1621 1924 1664 1954 ut

200 1990 247 2014 ex
268 1990 382 2027 aequo
403 1985 440 2015 et
461 1978 563 2015 bono
584 1979 682 2015 inter
699 1992 739 2016 se
759 1980 983 2017 deciderent
1003 1980 1176 2017 hortatus
1194 1993 1331 2024 essem,
1349 1980 1609 2030 majoremque
1623 1978 1662 2016 in

201 2041 357 2078 modum
379 2040 680 2084 contendissem,
702 2041 811 2079 effeci
833 2043 989 2080 tandem
1016 2049 1057 2080 ut
1087 2043 1212 2079 ambae
1240 2050 1368 2093 partes
1393 2042 1541 2092 privato
1567 2041 1662 2078 arni-

201 2114 331 2138 corum
353 2101 508 2138 arbitrio
527 2115 603 2139 rem
626 2103 841 2152 permittere
862 2103 965 2140 haud
987 2112 1228 2145 recusarent:
1260 2103 1504 2153 magnienim
1520 2103 1662 2140 referre

201 2162 463 2206 autumabam,
486 2175 507 2198 a
528 2176 586 2199 me
607 2163 745 2207 caveri,
768 2171 808 2200 ut
829 2177 886 2201 res
908 2163 1008 2201 ultra
1036 2165 1339 2202 necessariorum
1363 2171 1479 2214 atquc
1500 2164 1662 2201 familia-

199 2223 294 2259 rium
321 2223 596 2259 conscientiam
620 2236 665 2259 ne
692 2232 910 2261 emanaret:
940 2238 1069 2261 verum
1100 2225 1307 2270 enimvero,
1330 2238 1417 2275 quae
1440 2224 1660 2274 Diogitonis

200 2284 333 2321 fraude
355 2284 509 2334 pupillis
526 2293 658 2334 erepta
673 2298 758 2323 esse
781 2294 895 2335 atque
916 2287 1131 2337 intercepta
1145 2300 1264 2336 penes
1287 2299 1372 2324 eum
1394 2287 1563 2332 retineri,
1584 2293 1661 2323 tam

200 2345 409 2394 perspicuis
428 2346 727 2382 convincebatur
747 2346 989 2384 documentis
1006 2354 1049 2383 ut
1068 2348 1150 2397 ipse
1168 2348 1342 2397 nequiret
1358 2346 1522 2392 infitiari,
1536 2359 1662 2397 neque

199 2418 221 2441 a
242 2418 283 2441 se
303 2405 505 2455 impetrare
526 2418 652 2455 neque
674 2407 815 2443 nostris
835 2407 1159 2445 obtestationibus
1179 2408 1324 2445 adduci
1339 2408 1463 2458 potuit
1479 2407 1662 2457 Diogiton

198 2471 242 2502 ut
262 2478 377 2514 super
397 2464 439 2501 iis
460 2465 495 2500 in
525 2465 734 2502 amicorum
765 2468 993 2504 auctoritate
1025 2480 1111 2505 esse
1139 2467 1267 2513 vellet,
1296 2467 1365 2504 sed
1397 2467 1662 2505 conditionum

200 2526 371 2575 aequitati
393 2525 490 2562 viam
510 2525 609 2575 juris
629 2526 667 2562 in
688 2527 770 2564 foro
798 2527 955 2577 petendi
988 2528 1158 2577 praetulit
1187 2527 1397 2576 maluitque
1418 2526 1563 2563 nullum
1586 2539 1662 2563 non

201 2600 322 2637 genus
343 2586 538 2623 actionum
563 2586 772 2623 forensium
793 2588 953 2637 experiri
984 2588 1100 2625 modo
1130 2601 1217 2625 reus
1249 2587 1346 2630 fieri,
1367 2586 1483 2623 modo
1504 2599 1664 2624 accusa-

199 2650 292 2686 toris
319 2660 522 2698 personam
540 2660 686 2697 gerere,
709 2648 778 2685 sed
800 2662 936 2686 causas
958 2650 1094 2687 inanes
1115 2657 1152 2687 et
1172 2649 1455 2688 commentitias
1476 2648 1513 2685 in
1535 2648 1662 2686 forum

201 2710 422 2754 deferentis,
438 2717 610 2746 extrema
629 2721 796 2759 quaeque
818 2710 914 2747 adeo
937 2710 1160 2748 discrimina
1187 2710 1289 2747 adire
1319 2710 1511 2759 famaeque
1539 2710 1662 2748 bono-

201 2784 364 2822 rumque
384 2771 698 2816 amittendorum,
719 2784 835 2821 quam
853 2779 895 2808 ut
909 2773 974 2822 jus
996 2780 1035 2810 et
1050 2774 1107 2810 fas
1125 2772 1346 2823 praestando
1368 2772 1482 2822 hujus
1505 2785 1663 2810 accusa-

198 2832 310 2869 tionis
334 2831 510 2868 molestia
531 2831 731 2881 litiumque
751 2845 839 2869 cum
861 2833 1063 2882 nepotibus
1084 2831 1386 2870 exercendarum
1409 2832 1570 2869 nexibus
1597 2845 1663 2870 ex-

197 2892 404 2944 pediretur.
463 2890 578 2933 Quod
602 2893 633 2929 si
649 2905 741 2943 ergo
757 2893 911 2943 planum
926 2893 1034 2931 vobis
1049 2892 1193 2936 fecero,
1211 2892 1379 2943 judiceS,
1397 2905 1509 2930 avum
1525 2893 1661 2930 horum
