1822 3219
191 167 268 204 330
830 157 1000 196 LYSIAE

192 273 365 306 mentum
393 265 508 302 dabo.
567 263 712 302 Civitas
743 275 789 299 ex
821 261 880 297 his
901 258 1058 296 urbanis
1076 269 1154 295 non
1177 256 1379 308 pauciores
1411 255 1459 292 ad
1490 255 1657 293 honores

193 327 362 372 admisit,
389 338 505 376 quam
537 338 584 363 ex
614 323 688 362 illis
722 323 787 372 qui
818 320 981 370 Phylam
1009 318 1174 369 primum
1204 324 1284 354 tum
1313 316 1505 353 Piraeeum
1537 328 1654 354 occu-

192 396 346 442 parunt.
406 389 528 426 Recte
556 400 659 425 vero.
718 385 802 422 Hos
833 383 934 420 enim
961 381 1149 419 libertatis
1177 387 1362 431 reparatae
1383 385 1562 417 auctores
1587 390 1656 415 no-

194 457 281 489 rant
314 449 470 501 quidem
490 449 626 499 quales
655 459 749 496 erga
777 458 817 482 se
846 445 882 481 in
906 442 1142 481 democratia
1170 441 1349 485 fuissent,
1379 440 1506 477 minus
1531 446 1658 476 autem

194 513 328 564 quales
348 525 439 562 erga
461 524 502 548 se
523 510 639 547 futuri
659 508 837 551 fuissent,
859 505 888 542 si
911 518 993 543 sors
1015 517 1080 542 eos
1101 517 1169 541 sua
1190 504 1226 540 in
1244 504 1338 540 urbe
1367 502 1439 539 sub
1461 501 1659 539 dominatu

198 586 412 625 paucorum
434 572 676 609 retinuisset:
706 569 815 605 locus
828 567 927 604 enirn
945 566 1035 616 ipsis
1050 565 1226 603 defuerat
1244 564 1359 602 animi
1375 564 1433 601 sui
1450 562 1661 600 documen-

197 641 281 673 tum
301 634 340 672 in
371 635 447 670 ista
468 631 689 670 conditione
708 628 871 671 edendi;
904 629 1061 665 istorum
1085 634 1213 664 autem
1234 638 1327 676 erga
1348 638 1389 663 se
1415 624 1583 662 animum
1612 636 1660 661 ex

195 696 347 733 idoneis
384 692 627 731 documentis
659 691 697 728 in
730 696 894 740 utraque
926 688 1017 738 reip.
1037 688 1194 725 fortuna
1226 687 1339 724 editis
1370 690 1662 735 perspexerant.

197 757 444 805 Quapropter
464 760 569 790 recte
589 753 737 790 faciunt
760 750 935 800 [exsules
957 750 994 786 in
1015 749 1176 798 patriam
1199 746 1358 795 reversi]
1379 746 1451 783 illis
1471 744 1663 796 [urbanis]

197 817 378 859 fidentes,
399 821 517 864 atque
536 813 819 855 existimantes,
837 823 905 861 per
926 810 1019 848 istos
1040 809 1195 859 quidem
1218 807 1400 845 Evandro
1420 806 1562 844 similes
1583 812 1665 843 tum

198 889 285 914 esse
315 875 474 920 factum,
502 878 560 918 ut,
580 873 612 910 si
631 872 697 922 qui
716 870 855 908 civium
883 876 1015 907 essent
1034 869 1315 918 comprehensi,
1334 868 1374 904 hi
1395 873 1517 904 morte
1536 866 1665 903 affice-

196 942 348 978 rentur:
378 935 449 972 hos
470 938 599 971 autem
626 931 805 969 Evandro
826 929 1031 967 dissimiles
1060 941 1216 978 operam
1237 927 1407 971 dedisse,
1438 934 1493 970 ut,
1514 925 1663 963 etiamsi

199 998 265 1046 qui
295 997 377 1046 jam
415 993 684 1044 comprehensi
722 998 867 1036 essent,
906 999 1034 1028 tamen
1073 988 1160 1027 neci
1198 989 1291 1038 fuga
1331 986 1664 1025 subtraherentur:

201 1057 380 1095 omnibus
423 1056 524 1093 enim
565 1055 595 1092 si
633 1054 747 1091 iidem
785 1052 902 1090 animi
939 1051 1133 1100 iidemque
1165 1062 1291 1087 mores
1326 1049 1506 1094 fuissent,
1537 1060 1665 1097 neque

201 1117 338 1156 exsilio
365 1128 492 1166 neque
519 1114 660 1152 reditui
692 1113 801 1151 locus
830 1113 982 1155 fuisset,
1005 1125 1132 1161 neque
1164 1110 1268 1147 aliud
1291 1110 1512 1160 quidquam
1533 1121 1666 1146 eorum

201 1178 390 1216 malorum
416 1190 505 1226 quae
537 1188 659 1226 remp.
681 1180 957 1226 oppresserunt
981 1173 1186 1210 evenisset.
1257 1171 1357 1208 Sunt
1381 1171 1446 1221 qui
1473 1176 1600 1207 mente
1625 1182 1667 1206 se

200 1239 388 1289 consequi
408 1251 523 1289 posse
540 1244 697 1287 negent,
717 1236 783 1286 qui
804 1236 964 1280 factum,
983 1241 1028 1271 ut
1047 1234 1094 1271 ab
1114 1234 1255 1283 exigua
1276 1245 1391 1269 manu
1414 1230 1667 1268 Piraeensium

203 1307 261 1338 tot
294 1312 452 1337 numero
482 1299 618 1336 urbani
651 1298 917 1335 vincerentur:
947 1295 1053 1345 atqui
1086 1308 1162 1331 non
1194 1294 1348 1331 aliunde
1380 1293 1431 1337 id,
1467 1305 1583 1342 quam
1618 1292 1666 1329 ab

201 1360 337 1398 horum
358 1359 434 1396 fide
455 1367 571 1408 atque
598 1356 857 1408 providentia,
883 1357 946 1406 qui
978 1357 1050 1392 snb
1071 1355 1242 1405 tyrannis
1263 1355 1300 1391 in
1329 1355 1420 1391 urbe
1445 1359 1670 1391 manserunt

203 1434 334 1460 causae
356 1420 476 1471 plebis
492 1418 665 1462 addicti3
691 1418 730 1454 hi
750 1417 851 1454 enim
872 1429 961 1453 cum
981 1416 1178 1453 exsulibus
1201 1415 1358 1452 domum
1379 1414 1541 1452 reversis
1561 1414 1670 1452 salva

202 1484 258 1520 uti
280 1496 360 1534 rep.
381 1489 420 1519 et
439 1493 553 1531 aequo
567 1481 653 1530 jure
669 1478 769 1516 civili
785 1477 924 1528 perfrui
947 1476 1128 1520 maluere,
1144 1490 1261 1526 quam
1275 1490 1353 1513 una
1369 1489 1457 1513 cum
1475 1475 1669 1525 Triginta-

202 1544 293 1582 viris
323 1542 462 1580 servire
495 1539 815 1579 Lacedaemoniis.
873 1539 1024 1582 Quibus
1053 1551 1122 1588 pro
1154 1537 1298 1575 meritis
1324 1537 1491 1587 populus
1514 1536 1558 1574 iis
1589 1549 1668 1574 am-

204 1605 402 1656 piissimos
422 1603 594 1641 decrevit
622 1601 817 1643 honores;
849 1600 1068 1638 tribunatus
1097 1599 1197 1636 enim
1226 1606 1424 1648 equestres
1445 1606 1485 1636 et
1512 1598 1672 1648 imperia

207 1666 333 1704 defert
365 1665 543 1703 militaria
576 1662 872 1713 legationesque
902 1674 970 1711 pro
999 1674 1039 1698 se
1066 1660 1291 1697 obeundas:
1322 1659 1432 1709 cujus
1455 1671 1541 1695 eum
1571 1672 1671 1696 nun-

208 1742 324 1779 quam
350 1727 543 1777 poenituit.
601 1725 651 1762 Et
675 1731 830 1774 propter
849 1724 1018 1773 impuros
1039 1721 1193 1771 quidem
1215 1721 1299 1758 illos
1319 1720 1529 1757 multorum
1549 1719 1672 1757 scele-

207 1803 291 1828 rum
322 1803 409 1828 reos
442 1789 567 1839 legem
599 1787 648 1824 de
675 1786 827 1836 agenda
859 1798 1007 1822 morum
1036 1797 1199 1821 censura
1232 1783 1385 1831 sanxit3
1415 1789 1569 1833 propter
1598 1782 1670 1822 hos

205 1858 335 1890 autem
355 1850 464 1888 nulla
482 1849 596 1886 noxia
623 1847 798 1898 cognitos
817 1852 934 1897 pacta
959 1845 1025 1882 illa
1051 1844 1212 1895 pepigit.
1272 1844 1370 1881 Haec
1398 1856 1475 1893 ego
1493 1855 1581 1893 quae
1601 1855 1670 1894 pro

209 1912 323 1963 plebe
339 1911 521 1958 dicerem,
541 1909 746 1947 habebam.

264 1974 302 2010 6.
331 1971 511 2009 Vestrum
528 1976 655 2007 autem
669 1970 752 2020 jam
769 1975 842 2012 est,
863 1973 1075 2012 senatores,
1091 1967 1292 2017 dispicere,
1314 1967 1434 2005 utrius
1455 1967 1673 2005 auctoritati

209 2047 278 2072 vos
308 2032 571 2072 concedentes
604 2031 677 2068 hac
708 2031 746 2067 in
774 2042 950 2067 censurae
975 2041 1095 2066 causa
1124 2029 1288 2067 rectiora
1315 2029 1395 2066 sitis
1423 2029 1586 2068 consilia
1614 2041 1674 2067 se·

211 2096 351 2140 cuturi,
381 2107 545 2138 meaene,
578 2107 626 2131 an
661 2091 896 2142 Thrasybuli
929 2103 995 2141 pro
1027 2091 1208 2129 Evandro
1242 2104 1330 2128 mox
1362 2090 1514 2128 dicturi.
1573 2091 1675 2129 Nam

212 2156 304 2194 mihi
343 2156 500 2206 quidem
537 2154 684 2205 patrive
726 2153 983 2201 majoribusve
1022 2152 1128 2202 quod
1173 2153 1377 2196 obtrectet,
1419 2151 1673 2202 suspicionem

211 2218 447 2268 malignioris
477 2229 569 2267 erga
591 2216 743 2266 plebem
763 2222 929 2252 vestram
950 2213 1160 2251 voluntatis
1181 2213 1300 2258 ciens,
1320 2212 1495 2263 profecto
1523 2211 1577 2249 nil
1603 2211 1673 2250 ha-

211 2279 329 2316 bebit.
388 2278 526 2327 Neque
547 2277 646 2313 enim
674 2277 801 2326 ipsum
823 2288 882 2312 me
902 2275 1043 2326 poterit
1064 2287 1187 2311 rerum
1209 2286 1295 2310 cum
1316 2273 1487 2323 tyrannis
1501 2285 1674 2311 commu-

209 2339 421 2376 nicatarum
435 2350 613 2387 arguere;
645 2337 708 2386 qui
726 2336 845 2373 multo
859 2342 946 2385 post
959 2342 1207 2385 tyrannorum
1222 2339 1490 2383 tempestatem
1507 2346 1671 2372 examen

212 2399 338 2438 aetatis
358 2398 475 2436 virilis
496 2398 669 2442 obierim,
686 2409 762 2446 quo
784 2396 960 2434 examine
980 2408 1106 2432 mores
1127 2395 1180 2431 ita
1200 2406 1304 2431 meos
1321 2393 1517 2445 judicibus
1539 2406 1675 2444 appro-

213 2461 299 2499 bavi
330 2467 374 2498 ut
401 2459 564 2497 idoneus
592 2459 752 2496 haberer
779 2457 910 2495 tutelae
941 2470 1038 2494 meae
1069 2457 1199 2506 reique
1229 2455 1395 2506 publicae
1421 2455 1675 2505 capessendae

213 2529 332 2573 atque
370 2519 577 2571 gerendae:
625 2532 750 2568 neque
783 2528 932 2569 patrem
971 2518 1112 2568 poterit
1146 2515 1450 2567 [Thrasybulus]
1489 2528 1676 2554 novarum

215 2596 337 2621 rerum
357 2581 579 2620 insimulare
596 2580 816 2629 cupiditatis
835 2593 843 2621 3
874 2579 1014 2629 quippe
1035 2578 1098 2628 qui
1120 2577 1241 2614 multo
1262 2584 1350 2613 ante
1370 2576 1464 2613 istas
1486 2577 1618 2614 turbas
1638 2576 1677 2613 in

216 2643 348 2681 Sicilia
378 2654 598 2693 supremum
631 2640 734 2678 diem
767 2640 902 2677 obierit
935 2640 971 2676 iu
1006 2639 1203 2676 functione
1235 2637 1508 2686 magistratus:
1550 2650 1677 2688 neque

216 2705 381 2754 majores
416 2703 556 2754 poterit
590 2701 726 2739 docere
761 2707 1010 2750 tyrannorum
1047 2699 1167 2736 fuisse
1201 2698 1410 2743 studiosos,
1447 2697 1587 2748 quibus
1624 2697 1682 2735 illi

215 2778 415 2815 nunquam
433 2777 510 2801 non
528 2761 721 2800 adversati
735 2761 902 2799 fuerunt.
962 2760 1101 2810 Neque
1117 2773 1248 2797 rursus
1262 2759 1338 2796 aiet
1351 2772 1423 2796 nos
1439 2759 1678 2797 fortunarum

216 2825 254 2863 in
275 2825 367 2863 belli
383 2824 505 2862 civilis
525 2831 623 2861 aestu
640 2822 887 2860 collectarum
908 2821 960 2858 nil
983 2822 1017 2858 in
1038 2834 1158 2871 remp.
1178 2833 1371 2871 erogasse.
1429 2820 1558 2858 Multo
1579 2820 1680 2858 enim

217 2899 329 2926 secus
357 2892 437 2923 est:
468 2898 554 2934 quae
584 2885 621 2921 in
643 2897 738 2935 pace
760 2883 868 2921 nobis
892 2890 973 2937 erat
994 2882 1230 2932 amplissima
1259 2881 1476 2919 substantia
1495 2880 1545 2919 ad
1569 2885 1675 2918 octo-
