1822 3219
604 160 673 196 DE
704 158 1016 197 MYSTERIIS.
1481 159 1529 194 83

85 273 107 300 a
125 274 185 300 me
205 263 551 301 commemoranda.
608 262 736 312 Lydus
756 268 837 300 erat
854 274 982 300 servus
1003 260 1200 299 Phereclis
1219 260 1529 300 Themaciensis:

83 322 146 362 hie
168 323 361 369 indicavit,
380 324 419 361 in
439 324 552 362 domo
571 323 764 361 Phereclis
780 323 860 361 heri
888 323 946 361 sui
975 323 1012 360 in
1034 322 1227 360 Themaco
1245 335 1356 360 sacra
1375 320 1529 360 clande-

85 385 185 423 stina
203 385 306 428 fieri:
338 385 485 436 aliaque
503 386 602 422 inter
625 384 778 423 nomina
808 386 855 422 ab
886 384 968 436 ipso
999 384 1102 424 edita
1132 383 1204 420 mei
1233 395 1385 433 quoque
1415 383 1531 433 patris

85 460 225 485 nomen
245 447 377 493 edidit,
397 460 510 497 quem
529 446 624 484 dixit
655 447 870 484 interfuisse
905 446 1074 497 quidem,
1104 451 1366 483 verumtamen
1400 457 1529 483 eorum

85 522 172 559 quae
191 516 392 559 agerentur
411 508 462 546 nil
479 508 634 554 vidisse,
651 508 794 559 quippe
818 509 883 558 qui
912 508 1029 559 pallio
1055 507 1248 545 involutus
1269 504 1528 544 dormivisset.

87 571 338 621 Speusippus,
359 576 439 608 tum
469 575 633 616 senator,
665 570 735 607 hos
763 583 785 607 a
812 569 918 621 Lydo
949 569 1137 606 indicatos
1167 567 1312 619 judicio
1344 567 1532 605 tradebat,

86 631 227 669 Verum
251 637 372 682 pater,
398 631 495 668 datis
518 631 695 675 vadibus,
726 630 915 668 actionem
946 631 985 668 in
1018 629 1274 680 Speusippum
1309 627 1532 666 ordiebatur

84 705 131 730 ex
150 692 259 730 titulo
277 705 480 742 processus
499 699 633 730 contra
651 693 851 730 formulam
870 693 964 742 juris
988 692 1151 733 forensis
1168 704 1178 728 :
1207 690 1313 741 quod
1333 696 1530 728 certamen

83 754 122 790 in
140 765 323 791 consessu
340 753 476 791 civium
498 754 623 791 sexies
644 754 745 791 mille
766 755 999 792 decertatum
1020 759 1102 796 est;
1121 765 1199 802 quo
1213 766 1234 791 e
1248 758 1357 790 tanto
1370 764 1530 789 numero

84 813 318 865 Speusippus
339 827 386 852 ne
405 814 572 853 ducenta
589 814 738 865 quidem
758 815 845 853 tulit
865 814 1056 865 suffragia.
1115 814 1168 851 Ut
1196 819 1327 851 autem
1358 820 1468 863 pater
1491 812 1531 850 in

83 876 176 914 urbe
222 884 392 914 maneret
427 877 617 928 hujusque
643 877 775 927 judicii
809 877 1013 915 discrimen
1050 876 1208 922 subiret,
1245 888 1319 926 ego
1354 873 1528 925 inprimis

81 939 304 977 auctoritate
323 953 408 977 mea
425 940 679 991 precibusque
700 941 747 978 ab
767 952 812 978 eo
826 940 1048 991 impetravi;
1081 939 1350 978 accedentibus
1371 951 1416 976 eo
1437 938 1527 976 afio—

80 1012 162 1036 rum
181 1013 333 1051 quoque
353 1009 604 1052 cognatorum
623 1002 963 1040 cohortationibus.
1021 1001 1110 1039 Cita
1128 1008 1170 1038 tu
1190 1001 1279 1038 mihi
1302 999 1462 1038 Calliam
1491 1006 1531 1037 et

83 1061 332 1111 Stephanum,
363 1069 401 1100 et
420 1063 637 1113 Philippum
669 1070 708 1100 et
741 1063 994 1114 Alexippum:
1026 1069 1118 1100 sunt
1146 1063 1247 1100 enim
1275 1062 1313 1099 hi
1338 1062 1529 1099 Acumeni

83 1129 124 1160 et
141 1124 404 1161 Autocratoris
424 1124 592 1173 cognati,
626 1124 690 1173 qui
711 1124 949 1174 [Acumenus
979 1130 1018 1160 et
1046 1122 1294 1171 Autocrator]
1313 1122 1529 1160 secundum

81 1183 184 1234 Lydi
202 1183 381 1222 indicium
402 1185 599 1235 fugerunt;
629 1185 782 1222 alterius
803 1184 899 1222 enim
915 1184 1087 1234 [Calliae]
1107 1198 1126 1221 e
1147 1185 1262 1221 fratre
1284 1184 1360 1234 [vel
1382 1183 1527 1233 sorore]

80 1257 199 1294 nepos
215 1252 273 1281 est
292 1246 532 1291 Autocrator,
559 1246 716 1282 alterius
738 1252 865 1283 autem
894 1245 1117 1295 [Stephani]
1147 1245 1360 1282 avunculus
1379 1253 1439 1283 est
1454 1244 1528 1295 [vel

77 1304 252 1354 patruus]
282 1305 525 1343 Acumenus:
572 1319 669 1355 quos
707 1306 901 1356 [Calliam‚
942 1306 1192 1357 Stephanum,
1241 1305 1459 1357 Philippum
1489 1313 1529 1343 et

76 1365 324 1416 Alexippurn]
343 1379 408 1416 par
427 1374 498 1411 est,
520 1375 561 1405 ut
580 1367 705 1405 odisse
721 1380 806 1404 eum
837 1367 902 1417 qui
932 1374 1118 1417 cognatos
1145 1380 1235 1405 suos
1258 1366 1348 1404 hinc
1368 1367 1528 1418 expulit,

74 1425 126 1463 ita
146 1427 284 1477 optime
303 1440 455 1477 quoque
484 1441 568 1465 eum
602 1442 714 1466 nosse
744 1442 809 1478 per
836 1441 949 1478 quem
977 1429 1050 1466 illis
1083 1442 1129 1466 ex
1163 1429 1256 1466 urbe
1291 1428 1527 1479 auffugiendi

75 1488 282 1526 necessitas
301 1489 454 1529 admota
473 1489 555 1526 fuit.
600 1490 804 1527 Intuemini
820 1503 890 1528 vos
906 1490 1061 1541 [Callia,
1081 1489 1288 1540 Stephane,
1304 1489 1525 1541 caeterique]

76 1549 112 1586 in
133 1549 262 1588 horum
280 1551 488 1602 [judicum]
508 1551 650 1598 vultus,
667 1558 706 1590 et
721 1552 927 1599 testamini,
947 1565 1035 1589 num
1057 1565 1147 1589 vera
1166 1552 1313 1603 loquar.

686 1640 903 1684 TESTES.

135 1735 172 1769 4.
196 1734 315 1771 Facta
334 1732 508 1777 audistis,
521 1733 601 1776 viri,
618 1746 664 1770 ex
680 1746 738 1770 me
759 1740 796 1771 et
810 1747 830 1771 e
845 1732 996 1771 testium
1012 1723 1363 1769 confirmationibus
1381 1743 1388 1767 :
1411 1743 1525 1768 accu-

76 1801 218 1832 satores
234 1801 360 1832 autem
377 1807 465 1844 quae
481 1794 656 1839 dixerint,
670 1794 932 1831 recordamini.
972 1794 1030 1831 Ita
1041 1793 1140 1830 enirn
1158 1805 1224 1842 par
1239 1798 1299 1829 est
1310 1791 1522 1830 defenden-

77 1863 151 1894 tem
177 1869 217 1893 se
237 1869 378 1906 gerere,
400 1862 440 1893 ut
458 1868 608 1906 nempe,
632 1868 719 1892 cum
746 1855 1026 1893 criminationes
1047 1860 1315 1892 accusatorum
1329 1853 1525 1904 judicibus

76 1918 112 1954 in
133 1917 351 1955 memoriam
369 1917 616 1961 revocaverit,
637 1924 715 1953 tum
730 1917 882 1954 demum
903 1930 967 1955 eas
987 1916 1142 1954 refutet.
1199 1915 1449 1953 Affirmarunt
1468 1916 1525 1953 ni-

77 1977 226 2023 mirum,
246 1978 294 2015 de
315 1979 429 2015 sacris
449 1978 594 2015 arcanis
623 1990 684 2014 me
703 1977 907 2021 indicasse,
929 1983 968 2015 et
993 1978 1029 2014 in
1048 1976 1261 2014 nominibus
1281 1976 1523 2014 consciorum

75 2039 292 2076 exhibuisse
311 2039 428 2090 patris
448 2052 599 2088 quoque
620 2039 694 2075 mei
714 2052 867 2083 nomen,
888 2046 931 2075 ut
960 2039 1043 2089 ejus
1077 2038 1143 2087 qui
1173 2038 1434 2075 interfuisset:
1467 2038 1521 2076 sic

72 2100 215 2138 factum
243 2113 301 2137 me
327 2113 409 2137 esse
431 2100 595 2136 indicem
621 2099 761 2149 patris:
797 2112 884 2149 quae
900 2099 1071 2149 profecto
1093 2105 1152 2135 est
1175 2098 1416 2136 atrocissima
1439 2112 1520 2136 om-

73 2161 178 2198 niurn
207 2168 320 2211 atque
340 2160 612 2198 scelestissima
639 2160 774 2197 oratio.
831 2161 932 2197 Nam
953 2160 1018 2210 qui
1038 2173 1174 2197 nomen
1205 2160 1287 2210 ejus
1313 2160 1468 2206 detulit,
1491 2161 1521 2198 is

74 2222 203 2273 Lydus
236 2222 309 2260 fuit
325 2221 520 2259 Phereclis
541 2234 699 2259 servus:
729 2221 859 2272 sugere
890 2229 1015 2259 autem
1048 2221 1240 2260 volentem
1269 2227 1414 2271 patrem
1448 2234 1522 2272 ego

69 2283 206 2322 retinui
227 2290 340 2334 atque
362 2283 411 2321 ad
431 2283 665 2320 manendum
690 2295 774 2320 sum
793 2283 1012 2321 cohortatus
1033 2282 1162 2319 multis
1190 2289 1228 2319 et
1247 2282 1383 2319 infimis
1399 2282 1521 2333 preci-

71 2346 154 2390 bus,
172 2347 224 2384 ad
243 2357 370 2396 genua
387 2344 470 2395 ejus
493 2345 654 2395 supplex
670 2344 888 2382 advolutus.
944 2344 1062 2393 Atqui
1093 2344 1123 2380 si
1154 2356 1226 2394 ego
1258 2344 1339 2394 ipse
1368 2350 1519 2394 patrem

69 2407 315 2452 indicassem,
346 2418 414 2444 cur
443 2419 527 2444 eum
560 2406 806 2456 postmodum
841 2406 1019 2456 precibus
1059 2418 1081 2442 a
1114 2405 1207 2455 fuga
1252 2405 1521 2444 retrahebam?

72 2468 164 2519 quid
190 2467 280 2505 mihi
300 2467 459 2506 volens?
487 2467 580 2517 quid
612 2467 845 2518 designans?
906 2467 983 2504 Aut
1016 2467 1154 2516 ecquid
1185 2473 1365 2518 spectans
1399 2474 1520 2517 pater,

71 2531 245 2581 precibus
266 2530 359 2568 meis
379 2530 515 2575 victus,
536 2530 571 2566 in
593 2529 781 2580 ejusmodi
802 2535 995 2566 certamen
1015 2527 1228 2573 descendit,
1250 2528 1288 2565 in
1302 2540 1378 2577 quo
1394 2527 1518 2564 facere

73 2604 149 2630 non
169 2599 315 2643 poterat
345 2606 421 2642 quo
453 2592 578 2629 minus
612 2592 649 2628 in
683 2591 847 2629 duorum
879 2590 1065 2628 malorum
1094 2590 1255 2628 alterum
1286 2590 1518 2627 incurreret:

73 2660 140 2691 aut
151 2654 256 2691 'enim
272 2667 295 2692 a
312 2654 488 2692 manibus
512 2667 622 2705 paene
640 2653 733 2691 meis
753 2653 991 2691 moriendum
1027 2652 1099 2702 ipsi
1126 2652 1260 2689 fuisset
1291 2650 1517 2696 necessario,

75 2715 108 2752 si
140 2723 212 2764 eg'o
244 2722 390 2766 patrem
425 2716 507 2766 ipse
550 2714 788 2760 detulissem,
830 2721 946 2764 atque
979 2714 1082 2750 visus
1114 2720 1195 2750 tum
1232 2711 1387 2749 fuissem
1429 2724 1518 2749 vere

75 2776 280 2820 detulisse;
309 2785 387 2822 aut,
419 2777 618 2815 absolutus
638 2777 701 2814 ille
721 2777 752 2814 si
773 2776 920 2821 fuisset,
947 2774 1139 2813 absolutio
1158 2773 1242 2824 ejus
1261 2780 1406 2812 certam
1424 2773 1515 2811 mihi

70 2851 204 2876 necem
233 2845 345 2887 atque
370 2839 626 2876 inevitabilem
653 2837 857 2876 attulisset.
916 2837 993 2874 Lex
1023 2836 1124 2880 enim
1149 2836 1202 2873 sic
1229 2834 1368 2873 edicit:
1400 2835 1516 2877 indici

69 2907 188 2938 ratam
210 2906 248 2937 et
269 2899 433 2941 validam
456 2913 538 2938 esse
558 2900 837 2951 impunitatem,
867 2899 897 2937 si
932 2898 1075 2935 veritas
1105 2897 1188 2949 ejus
1212 2896 1356 2941 indicio
1376 2897 1514 2935 consti-
