1822 3219
425 132 535 170 PRO
566 131 729 169 BONIS
759 128 1182 169 ARlSTOPHANIS.
1449 125 1527 163 28²7

81 231 305 284 relictorum
322 233 377 270 ita
396 232 641 282 indulgeatis,
661 243 786 282 eaque
800 231 857 269 ita
873 228 1071 273 ludamiui,
1093 236 1134 265 ut
1153 227 1353 277 iniquitate
1371 228 1526 263 senten-

82 293 147 333 tiae
167 300 304 331 vestrae
323 305 393 331 nos
412 293 585 339 funditus
605 292 801 343 perdatis:
849 290 993 328 Verum
1018 301 1097 327 non
1124 288 1335 325 subsistam
1360 287 1439 332 hic,
1460 285 1530 323 sed

85 352 161 400 alia
179 352 321 390 addam
341 353 402 389 his
424 353 562 390 similia
581 352 773 402 exempla,
795 364 818 388 a
834 357 942 401 patre
962 349 1124 399 aliisque
1143 347 1280 386 civium
1310 353 1530 384 nostrorum

86 419 179 452 natu
199 413 464 463 grandioribus
478 414 579 450 fama
599 419 772 462 accepta,
786 425 872 461 quae
885 410 1153 456 doceant‚n-on
1169 420 1272 444 nunc
1292 407 1533 444 solummodo

85 472 154 511 sed
166 473 247 523 jam
267 473 413 510 dudum
433 479 521 510 ante
543 485 646 522 saepe
668 484 824 511 numero
844 471 1029 519 deceptos
1048 481 1115 506 vos
1135 480 1218 506 esse
1238 466 1336 504 falsa
1355 466 1534 515 opinione

88 533 135 579 de
155 532 360 570 multorum
381 532 642 575 facultatibus,
663 531 741 581 qui,
760 543 849 568 cum
877 529 995 567 habiti
1017 534 1146 566 essent
1172 527 1209 563 in
1233 525 1536 576 opulentissimis

90 592 217 634 donec
236 592 365 630 adhuc
383 593 423 630 in
444 592 538 630 vivis
558 598 819 641 superessent,
836 596 925 641 post
943 601 1145 626 excessum
1174 587 1314 637 reperti
1338 593 1428 623 sunt
1454 585 1542 635 opi·

89 654 201 694 nione
230 659 359 690 vestra
390 652 512 690 multo
541 653 798 702 pauperiores.
870 650 998 698 Longe
1028 662 1077 686 ne
1107 649 1253 691 abeam,
1285 645 1537 684 Ischomache

89 725 248 762 censum
269 725 352 750 esse
368 713 619 762 septuaginta
639 711 791 748 'talentis
811 710 1046 759 ampliorem,
1066 708 1159 745 dum
1176 713 1410 758 superesset,
1425 719 1543 744 nemu

92 772 319 821 dubitabat3
348 773 396 811 de
416 784 492 822 quo
517 784 537 808 e
565 771 714 821 vulgari
743 771 846 808 fama
871 770 963 807 mihi
994 768 1186 807 constitit:
1217 767 1391 806 defuncti
1412 773 1542 804 autem

92 832 343 870 hereditatem
361 831 608 870 cernentibus
628 831 729 876 filiis,
744 831 808 880 qui
821 831 897 868 duo
916 830 951 868 ei
973 837 1094 874 erant,
1110 829 1171 865 vix
1189 841 1322 866 eorum
1335 827 1542 877 unicuique

93 891 224 930 decem
249 892 396 930 talenta
422 892 466 929 in-
488 899 627 929 sortem
653 892 886 941 obtigerunt.
943 890 1141 941 Stephano
1161 889 1287 926 Thalli
1307 889 1383 925 filio
1402 900 1545 926 census

93 959 175 990 erat
190 965 213 990 e
234 953 340 1002 vulgi
358 952 514 1002 quidem
534 953 790 990 aestimatione
811 951 1093 1002 quinquaginta
1113 950 1265 987 talentis
1287 949 1460 999 amplior,
1478 961 1547 987 ve-

95 1026 177 1053 rum
197 1021 286 1064 post
306 1013 493 1063 Stephani
522 1026 726 1051 excessum
756 1012 927 1050 constitit
952 1012 1133 1049 undecim
1164 1011 1283 1048 ferme
1310 1010 1545 1048 talentorum

95 1075 228 1114 fuisse.
259 1075 443 1114 Nicerato
454 1089 612 1114 censum
626 1076 817 1113 tribuebat
837 1075 965 1124 opinio
977 1081 1105 1112 vestra
1124 1086 1203 1111 non
1217 1072 1338 1110 multo
1358 1072 1547 1108 minorem

95 1142 250 1173 centum
271 1135 438 1180 talentis,
459 1136 618 1186 ejusque
632 1144 774 1184 partem
796 1135 1034 1185 potissimam
1050 1135 1087 1171 in
1107 1133 1271 1171 nummis
1290 1132 1547 1183 praesentibus

97 1195 134 1242 in
155 1208 244 1233 arca
264 1195 471 1246 depositis:
502 1196 604 1245 atqui
627 1195 828 1233 Niceratus
848 1196 944 1245 ipse,
965 1195 1095 1232 mortis
1115 1195 1153 1232 in
1174 1195 1336 1232 amiculo
1354 1192 1548 1231 constitu-

96 1265 173 1302 tus,
195 1258 343 1307 argenti
359 1258 483 1294 au-rive
496 1259 666 1307 negabat
677 1270 700 1294 a
711 1271 751 1295 se
767 1258 973 1306 quicquam
988 1257 1064 1293 filio
1078 1257 1255 1306 relinqui;
1282 1268 1399 1305 quam
1419 1260 1547 1291 autem

95 1317 247 1366 reliquit
267 1317 535 1361 substantiam,
553 1330 601 1354 ea
621 1317 706 1367 plus
727 1330 805 1354 non
826 1317 926 1353 valet
940 1329 1061 1365 quarn
1082 1315 1370 1365 quatuordecim
1389 1314 1548 1352 talenta,

99 1377 241 1416 Callias
262 1377 390 1414 statim
407 1378 454 1415 ab
473 1389 631 1414 excessu
652 1377 767 1427 patris
785 1377 992 1427 Hipponici
1006 1377 1235 1414 Graecorum
1249 1376 1421 1413 omniurn
1434 1375 1552 1412 liabe-

98 1439 211 1476 batur
229 1437 565 1488 opulentissimus:
592 1450 688 1475 avus
711 1438 847 1475 Calliae
868 1450 1024 1475 censum
1046 1437 1125 1488 ipse
1146 1450 1272 1482 suum,
1292 1444 1335 1473 ut
1354 1437 1437 1487 ipse
1459 1435 1552 1473 Cal·

99 1498 169 1535 lias
190 1498 326 1548 jactat,
347 1498 398 1535 ad
425 1511 604 1535 censores
633 1497 889 1536 ducentorum
918 1498 1149 1535 talentorum
1183 1498 1376 1548 professus
1402 1497 1550 1540 fueram

101 1570 205 1595 nunc
226 1564 352 1595 autem
370 1558 506 1596 Calliae
527 1572 666 1596 census
686 1573 735 1596 ne
757 1559 873 1596 duum
891 1559 1045 1608 quidem
1064 1559 1295 1596 talentorum
1317 1564 1389 1595 est.
1437 1557 1554 1595 Clen-

100 1619 219 1670 phon,
238 1619 277 1656 id
297 1620 400 1669 quod
421 1632 488 1657 vos
503 1632 637 1658 omnes
660 1620 794 1665 nostis,
815 1633 900 1656 curn
923 1620 1062 1656 multos
1080 1632 1147 1669 per
1167 1631 1290 1656 annos
1311 1618 1439 1656 omnia
1458 1617 1554 1668 reip.

103 1680 257 1730 negotia
277 1680 708 1730 tractavisset.magnas
729 1694 820 1731 opes
840 1693 889 1718 ex
905 1680 1112 1717 honoribus
1129 1693 1227 1729 quos
1249 1687 1420 1730 gesserat
1439 1679 1557 1716 colle·

105 1741 206 1790 gisse
225 1740 477 1778 credebatur:
509 1741 693 1778 defuncto
713 1748 856 1782 autem,
877 1740 995 1777 nullae
1015 1753 1176 1789 usquam
1195 1742 1278 1790 ejus
1305 1752 1396 1790 opes
1416 1739 1556 1790 reperi*

105 1803 277 1847 ebantur‚
294 1802 364 1839 sed
378 1802 580 1840 necessarii
599 1809 712 1851 atque
725 1802 860 1839 affines
873 1801 970 1851 ejus,
981 1802 1123 1850 quibus
1139 1814 1210 1838 sua
1224 1801 1556 1850 reliquerat,sunt‚

106 1870 146 1900 ut
175 1862 213 1898 in
245 1862 426 1900 confesso
453 1869 524 1906 est,
543 1874 746 1912 pauperes.
804 1861 952 1903 Quibus
979 1874 1027 1898 ex
1047 1861 1235 1911 exemplis
1255 1867 1422 1905 constat,
1437 1873 1559 1911 >quam

107 1923 239 1961 crebro
263 1922 514 1960 erraverimus
542 1922 581 1959 in
611 1921 847 1959 aestimandis
872 1921 1049 1958 censibus
1081 1927 1157 1958 tam
1192 1934 1324 1958 eorum
1354 1921 1419 1970 qui
1447 1920 1561 1959 avitis¹

109 1983 296 2029 nobilitati
317 1989 447 2020 essent
465 1982 603 2032 copiis,
626 1995 739 2032 quam
761 1982 792 2018 si
811 1982 875 2031 qui
895 1995 943 2018 ex
960 1995 1002 2018 se
1029 1981 1154 2019 Marte
1176 1994 1244 2018 suo
1276 1980 1558 2019 inclaruissent.

165 2045 227 2080 10.
258 2043 380 2093 Cujus
409 2043 463 2081 rei
480 2043 566 2080 haec
586 2043 680 2080 mihi
705 2055 826 2080 causa
844 2042 996 2079 videtur
1025 2055 1125 2087 esse,
1145 2042 1248 2091 quod
1278 2041 1501 2079 tralatitium
1523 2047 1563 2079 et

109 2104 277 2155 cujusvis
307 2114 367 2142 est
389 2105 550 2152 jactare,
570 2103 672 2141 hunc
691 2103 844 2140 illumve
859 2115 911 2141 ex
930 2103 1138 2140 honoribus
1165 2103 1214 2139 ab
1233 2115 1279 2139 eo
1300 2102 1417 2152 gestis
1437 2101 1563 2141 multa

109 2165 256 2204 talenta
280 2165 448 2203 furatum
467 2178 565 2203 esse.
622 2164 720 2207 Quae
742 2164 790 2201 de
816 2164 974 2201 mortuis
1002 2163 1139 2211 Jactari
1167 2176 1239 2212 ego
1258 2163 1437 2212 equidem
1456 2162 1562 2200 haud

110 2226 224 2262 miror
238 2226 442 2275 —quibus
473 2226 646 2262 clausum
674 2237 717 2261 os
746 2231 817 2266 est,
839 2224 1042 2273 quominus
1063 2224 1229 2261 refutare
1250 2223 1451 2261 mendacia
1470 2227 1561 2273 pos-

112 2286 255 2331 sint—-,
277 2294 318 2324 at
335 2298 422 2325 esse
441 2287 567 2330 mirors,
585 2286 654 2336 qui
687 2285 734 2322 de
753 2285 845 2322 vivis
865 2293 903 2322 et
923 2285 1153 2334 spirantibus
1180 2285 1307 2322 adime
1336 2285 1429 2322 talia
1453 2297 1562 2322 com-

113 2346 261 2383 minisci
281 2347 461 2385 audeant.
517 2347 597 2396 Ipsi
617 2358 685 2382 vos
705 2359 824 2395 nuper
845 2345 1076 2389 audiebatis,
1098 2359 1186 2383 curn
1208 2346 1347 2382 absens
1369 2345 1561 2383 Diotimus

111 2408 149 2446 in
167 2407 355 2451 concione
376 2407 567 2444 diceretur
585 2405 843 2456 quadraginta
861 2407 1008 2444 talenta
1027 2412 1064 2443 et
1083 2405 1170 2456 plus
1189 2405 1303 2442 etiam
1322 2406 1358 2442 in
1375 2406 1484 2442 bonis
1496 2406 1562 2443 ha—

113 2470 217 2513 bere,
236 2468 374 2518 quibus
396 2468 475 2517 ipse
494 2467 678 2504 fateretur
699 2466 901 2504 naucleros
922 2474 1038 2516 atque
1061 2474 1290 2504 mercatores
1319 2466 1563 2505 emunxisse:

114 2540 240 2566 rumor
265 2528 331 2566 hic
349 2535 530 2572 vestram,
549 2534 594 2564 ut
612 2540 680 2577 par
699 2534 771 2570 est,
792 2527 883 2565 iram
911 2528 1196 2565 commovebat:
1228 2527 1564 2577 proscribebantur

117 2589 275 2629 Diotimi
296 2589 416 2626 bona:
448 2588 597 2626 redibat
615 2588 765 2638 interim
786 2587 867 2638 ipse
886 2601 906 2625 e
927 2588 1247 2638 peregrinatione:
1282 2587 1448 2636 graviter
1467 2587 1565 2626 fere-

115 2651 194 2694 bat,
210 2642 410 2690 absentem
426 2663 467 2687 se
488 2662 554 2699 per
575 2649 788 2687 calumnias
806 2649 848 2686 in
868 2648 1045 2686 invidiam
1063 2649 1278 2685 adductum
1297 2646 1439 2684 fuisse:
1470 2648 1563 2698 quid

119 2708 265 2749 multa?
285 2721 397 2746 nemo
414 2716 549 2747 eontra
567 2709 729 2754 hiscere,
749 2705 863 2747 nemo
882 2723 970 2747 eum
991 2710 1168 2752 refutare,
1188 2707 1340 2744 tametsi
1355 2720 1457 2758 resp.
1477 2710 1567 2748 aeris·

118 2776 260 2820 egeret,
282 2770 441 2820 ipseque
460 2770 655 2809 Diotimus
674 2770 722 2809 ad
742 2770 974 2809 reddendam
996 2770 1181 2806 rationem
1196 2769 1284 2806 fisci
1298 2781 1324 2806 a
1342 2781 1382 2806 se
1402 2769 1564 2808 admini-

121 2831 231 2873 strati
246 2842 290 2871 se
309 2830 472 2871 offerret.
528 2831 724 2881 Reputate
746 2831 827 2881 jam
848 2831 999 2881 ipsimet
1018 2829 1231 2872 vobiscum,
1252 2836 1436 2878 quantum
1456 2835 1571 2883 τεεμζ

115 2891 308 2940 piaculum
326 2891 600 2935 contraxisset,
612 2898 805 2942 quantum
814 2891 948 2936 :scelus
958 2889 1097 2928 suisset
1110 2889 1381 2935 admissum,si
1393 2891 1565 2930 Diutimu
