1822 3219
216 169 286 205 112
790 172 1096 210 ANDOClDlS

212 271 337 308 miuus
358 283 424 308 vos
451 271 675 323 compilent‚
696 286 762 311 eos
782 285 804 311 a
825 286 884 311 me
914 275 951 311 in
975 274 1167 324 judicium
1189 278 1358 311 vestrum
1388 272 1586 310 inductum
1616 271 1673 316 iri,

210 331 275 369 ubi
295 333 450 371 meritas
470 346 604 383 poenas
623 333 744 372 luent.

267 394 332 431 24.
362 394 548 444 Superest
577 408 680 433 nunc
705 395 863 432 tandem
892 408 914 433 a
941 408 1002 433 me
1029 394 1253 433 diluendum
1281 393 1535 432 accusationis
1555 398 1673 443 caput

209 453 308 491 hoc:
339 455 609 493 naviculariam
632 469 768 506 nempe
791 456 895 506 quod
925 456 1078 494 fecerim
1110 457 1379 506 mercibusque
1399 467 1466 505 per
1486 466 1590 491 mare
1609 465 1673 490 ve-

211 515 363 553 ctandis
393 522 507 566 atque
540 516 798 554 distrahendis
823 524 1016 567 quaestum
1050 517 1221 561 fecerim,
1240 517 1279 554 id
1309 522 1554 553 accusatores
1581 512 1671 550 mihi

210 576 301 614 vitio
322 577 527 622 dederunt,
549 590 595 615 ex
616 591 739 628 eoque
757 578 896 616 docere
915 579 1046 616 conati
1073 586 1175 624 sunt,
1197 579 1290 615 iram
1319 577 1478 615 deorum
1498 575 1536 613 in
1554 581 1672 624 eaput

210 650 337 676 meum
353 639 564 676 exarsisse:
596 639 724 676 videte
742 652 856 689 quam
879 640 1069 677 subtiliter
1088 640 1297 690 colligant:
1329 652 1350 677 a
1366 639 1436 676 diis
1456 637 1566 675 aiunt
1583 634 1671 672 ideo

209 711 268 735 rne
289 706 480 736 servatum
501 699 699 736 maritimis
719 712 740 736 e
761 700 940 750 periculis
959 701 1108 738 salvum
1128 701 1205 738 huc
1225 713 1310 738 esse
1329 700 1574 750 perductum,
1593 708 1672 747 quo

245 760 429 811 Cephisio
441 761 622 799 videlicet
637 761 922 811 pessumdarer.
980 763 1064 812 Ego
1078 775 1166 801 vero
1187 762 1259 800 diis
1277 775 1392 812 nego,
1406 762 1486 805 viri,
1501 766 1670 797 mentem

210 835 293 860 esse
324 830 403 860 tam
433 823 602 869 brutam,
621 829 733 873 atque
762 822 822 860 his
853 830 913 860 est
943 823 1234 862 accusatoribus
1263 823 1377 860 meis:
1410 822 1462 860 dii
1490 820 1618 858 infesti
1639 818 1670 856 si

209 883 300 920 mihi
328 883 495 922 fuissent
519 885 569 922 ob
595 884 728 922 nescio
754 897 850 934 quas
874 884 1045 935 injurias,
1067 884 1099 922 si
1125 896 1222 935 quas
1249 883 1322 921 sibi
1342 896 1365 920 a
1385 896 1445 920 me
1472 881 1670 932 accepisse

210 946 279 983 visi
300 953 445 992 essent,
466 960 528 984 nae
553 953 631 985 tam
660 946 766 984 stulti
793 960 869 984 non
895 954 1005 984 erant
1027 946 1158 991 futuri,
1177 953 1234 992 ut,
1253 945 1444 983 habentes
1463 957 1524 982 me
1544 944 1581 980 in
1600 956 1670 994 po-

209 1013 347 1045 testate
365 1020 448 1054 sua,
463 1007 662 1045 inimicum
680 1020 804 1053 suum,
821 1019 934 1058 quem
952 1007 1075 1044 ultum
1091 1007 1204 1052 irent,
1219 1006 1399 1056 nactique
1416 1019 1476 1043 me
1494 1004 1671 1042 maximis

208 1076 361 1119 septum
390 1077 430 1107 et
458 1069 687 1107 conclusum
721 1069 914 1120 periculis,
933 1075 978 1106 ut
1007 1068 1177 1119 effugere
1207 1069 1420 1118 nequirem,
1438 1068 1577 1121 quibus
1605 1079 1673 1118 pe-

208 1130 338 1168 riculis
358 1130 433 1168 alia
452 1130 597 1181 majora
618 1138 658 1168 et
677 1130 977 1168 formidabiliora
997 1129 1105 1167 nulla
1124 1142 1210 1167 esse
1222 1135 1399 1180 possunt,
1420 1136 1546 1166 tamen
1566 1128 1672 1165 abire

209 1193 355 1231 salvum
373 1200 412 1231 et
430 1193 662 1244 impunitum
676 1200 914 1244 paterentur.
971 1191 1133 1242 Ecquod
1147 1191 1247 1229 enim
1265 1191 1367 1228 aliud
1381 1190 1526 1228 homini
1545 1196 1674 1241 potest

208 1253 420 1305 periculum
447 1255 568 1305 majus
593 1267 692 1300 esse,
712 1267 825 1304 quam
853 1267 919 1304 per
942 1253 1116 1304 hyemem
1138 1260 1206 1290 aut
1225 1252 1472 1290 saevientibus
1493 1250 1674 1302 procellis

209 1328 314 1353 mare
338 1314 572 1366 peragrare?
621 1315 677 1352 lbi
704 1315 770 1360 dii,
790 1327 1009 1365 quanquam
1029 1326 1169 1364 corpus
1197 1325 1324 1351 meum
1346 1312 1482 1350 ultioni
1500 1325 1582 1350 suae
1603 1312 1672 1350 ob-

210 1377 371 1415 noxium
401 1376 650 1428 spiritumque
682 1384 796 1427 atque
827 1377 1000 1414 fortunas
1032 1388 1136 1413 meas
1166 1376 1204 1412 in
1235 1381 1430 1426 potestate
1460 1373 1671 1420 habebant,

209 1445 342 1489 atque,
358 1438 390 1476 si
406 1438 633 1482 voluissent,
648 1438 803 1476 efficere
821 1444 1013 1489 poterant,
1025 1444 1068 1474 ut
1083 1436 1230 1474 exuviae
1246 1448 1341 1474 meae
1355 1435 1447 1486 ipsis
1465 1434 1672 1486 sepulturae

209 1507 383 1538 carerent
401 1499 625 1545 honoribus,
647 1509 775 1536 tamen
795 1499 944 1537 salvum
965 1511 1028 1535 me
1048 1509 1248 1548 superesse
1267 1496 1486 1535 voluerunt.
1542 1496 1672 1534 Acce-

210 1561 310 1598 dunt
329 1560 378 1598 ad
397 1560 592 1598 horrorem
621 1559 897 1598 submersionis
918 1560 956 1597 in
978 1558 1106 1604 undis,
1127 1557 1255 1596 adhuc
1274 1558 1359 1596 aliae
1380 1556 1603 1595 formidines
1621 1569 1670 1594 ex

209 1622 409 1661 itineribus
425 1621 622 1659 maritimis
638 1622 883 1666 exsistentes,
900 1634 922 1659 a
936 1621 1075 1671 quibus
1092 1619 1269 1658 omnibus
1286 1619 1446 1657 deorum
1464 1631 1526 1656 me
1541 1626 1672 1669 prote·

210 1683 547 1735 xitprovidentia:
578 1684 763 1721 bellatum
784 1696 941 1734 quoque
960 1683 1026 1720 illo
1045 1690 1219 1733 tempore
1238 1682 1324 1727 fuit,
1344 1694 1421 1732 quo
1441 1693 1542 1719 mare
1560 1693 1672 1732 pera-

211 1747 341 1797 gravi:
372 1746 543 1783 triremes
562 1745 786 1796 piratieique
804 1745 920 1783 lembi
940 1757 1042 1782 mare
1059 1743 1330 1794 persultarunt,
1350 1755 1374 1780 a
1399 1742 1540 1793 quibus
1567 1742 1672 1793 capti

212 1808 335 1854 multi,
348 1807 460 1845 bonis
481 1806 645 1857 spoliati,
660 1814 780 1844 totam
795 1806 978 1857 reliquam
995 1806 1110 1844 vitam
1130 1806 1168 1842 in
1184 1804 1394 1842 miserrima
1411 1811 1450 1841 et
1469 1803 1674 1842 durissima

213 1869 395 1907 servitute
417 1867 677 1918 protelarunt:
708 1868 812 1905 haud
840 1868 954 1918 pauci
982 1879 1152 1918 quoque,
1175 1879 1262 1904 cum
1284 1878 1306 1903 a
1325 1864 1508 1917 procellis
1527 1865 1563 1902 in
1585 1877 1675 1913 oras

210 1930 324 1982 ejecti
342 1929 504 1968 fuissent
523 1943 546 1967 a
564 1929 734 1968 barbaris
755 1930 937 1975 insessas,
956 1929 993 1966 in
1014 1934 1208 1966 tormenta
1231 1935 1348 1978 atque
1371 1926 1562 1977 supplicia
1578 1926 1674 1964 inci-

211 1993 355 2031 derunt
373 1991 655 2036 crudelissima,
677 2004 699 2028 a
718 1992 858 2042 quibus
879 1997 984 2028 artus
1002 2003 1091 2027 suos
1111 2002 1198 2027 cum
1218 1988 1290 2040 ipsi
1308 1988 1496 2026 vidissent
1513 1988 1672 2040 carptim

212 2054 408 2093 mutilatos
441 2060 479 2090 et
507 2060 798 2098 contruncatos,
828 2051 982 2090 tandem
1014 2053 1282 2102 exspirarunt:
1303 2073 1357 2078 -—
1375 2050 1593 2088 itanevero
1621 2049 1673 2088 dii

211 2116 319 2154 vobis
338 2114 515 2153 videntur
533 2114 586 2152 ita
603 2113 817 2164 degeneres
838 2114 1029 2164 planeque
1045 2125 1239 2173 verveces,
1255 2119 1310 2157 ut,
1323 2124 1412 2149 cum
1430 2124 1493 2149 me
1512 2118 1570 2149 tot
1588 2117 1673 2148 tan-

211 2179 339 2228 tisque
370 2176 549 2227 perleulis
583 2175 829 2226 eripuissent,
859 2182 940 2213 tum
972 2187 1063 2212 vero
1093 2181 1223 2225 partes
1255 2172 1441 2224 puniendi
1472 2172 1546 2210 mei
1581 2185 1672 2210 suas

211 2239 396 2290 Cephisio
412 2237 706 2282 demandarent,
724 2236 1025 2287 Cephisiumque
1044 2236 1130 2273 loco
1151 2235 1209 2272 sui
1228 2241 1412 2271 tortorem
1435 2233 1509 2270 mei
1530 2233 1675 2271 consti-

212 2298 392 2339 tuerent?
431 2297 670 2348 Cephisium,
685 2310 708 2335 o
721 2297 773 2335 dii
787 2296 1036 2346 immortales,
1053 2294 1353 2332 Atheniensium
1369 2294 1538 2332 omnium
1554 2307 1673 2332 unum

212 2361 424 2414 pessimum
453 2367 570 2410 atque
596 2357 935 2397 scelestissimum!
965 2370 1126 2408 quorum
1148 2355 1439 2394 Atheniensium
1460 2356 1614 2393 tametsi
1633 2369 1674 2394 se

213 2425 338 2464 civem
358 2422 444 2467 fert,
467 2421 689 2472 neutiquam
711 2428 838 2458 tamen
860 2427 934 2457 est.
993 2419 1176 2457 Vestrum
1194 2418 1381 2468 profecto,
1401 2423 1594 2467 quotquot
1612 2416 1674 2454 hic

213 2484 407 2530 assidetis,
439 2496 551 2521 nemo
583 2482 710 2529 facile,
739 2482 805 2532 qui
831 2480 986 2532 quidem
1012 2493 1087 2518 usu
1118 2492 1188 2518 suo
1219 2478 1444 2529 Cephisium
1474 2477 1673 2528 cognitum

213 2555 332 2598 atque
352 2551 596 2597 perspectum
614 2543 768 2588 habeat,
782 2544 816 2581 ei
831 2556 956 2581 rerum
972 2555 1128 2581 suarum
1143 2541 1375 2593 privatarum
1391 2545 1539 2590 partem
1554 2538 1673 2576 ullam

214 2607 425 2646 curandam
445 2605 692 2644 commiserit.
750 2604 849 2654 Ego,
868 2604 950 2649 viri,
971 2603 1142 2654 pericula
1163 2601 1211 2639 ab
1231 2600 1424 2645 hostibus,
1442 2613 1464 2638 a
1484 2599 1629 2651 piratis,
1652 2613 1675 2637 a

213 2668 400 2714 barbaris,
420 2667 459 2704 in
477 2665 657 2718 periculis
687 2665 865 2703 humanis
888 2665 1049 2703 arbitror
1073 2662 1250 2702 habenda
1271 2674 1379 2705 esse:
1410 2661 1525 2699 maris
1545 2668 1673 2700 autern

217 2732 365 2768 incerta
385 2727 502 2767 divini
525 2740 606 2766 rem
626 2726 807 2765 numinis.
866 2726 1018 2770 Quodsi
1037 2738 1129 2776 ergo
1149 2723 1207 2762 fas
1226 2722 1370 2761 homini
1389 2729 1450 2761 est
1468 2722 1517 2760 de
1537 2730 1675 2760 natura

217 2791 376 2828 deorum
409 2790 554 2840 opinari
585 2789 710 2839 iisque
741 2788 952 2826 animorum
992 2785 1302 2838 perturbationes
1337 2784 1503 2822 tribuere
1535 2783 1675 2822 nostris

217 2851 371 2896 similes,
386 2859 500 2901 atque
520 2850 708 2902 suspicari
726 2849 801 2888 hac
822 2861 978 2899 quoque
997 2849 1034 2885 in
1054 2860 1172 2886 causa
1189 2853 1318 2897 partes
1336 2845 1494 2884 deorum
1515 2845 1676 2882 interve-

219 2913 311 2960 nire,
331 2921 481 2951 tantum
511 2915 658 2959 absum,
679 2921 723 2950 ut
747 2911 842 2950 deos
869 2910 959 2950 mihi
987 2909 1156 2960 suspicer
1183 2909 1299 2946 iratos
1321 2920 1405 2945 esse
1426 2918 1606 2945 vereat-ve
1627 2916 1674 2942 ne
