1822 3219
224 153 299 190 36⁵2
867 155 1032 193 LYSIAE

218 256 444 304 potuissent.
499 257 586 295 Jam
607 270 696 295 vero
716 258 764 295 ita
796 271 836 295 se
857 259 975 306 gessit
995 258 1194 308 Diogiton‚
1224 265 1266 295 ut
1290 270 1448 295 necesse
1475 259 1524 296 sit
1543 261 1667 310 suspi-

217 315 308 360 cari,
331 328 529 366 nunquam
560 318 592 356 ei
622 317 658 354 in
694 326 861 356 mentem
893 319 1041 356 venisse
1069 318 1117 356 de
1149 327 1318 369 tempore
1342 318 1430 355 olim
1463 318 1668 369 aliquando

218 384 391 422 venturo,
418 391 496 428 quo
525 379 709 418 rationem
744 387 865 430 gestae
894 380 1024 418 tutelae
1055 379 1215 418 reddere
1246 380 1478 431 pupillisque
1503 380 1551 418 de
1575 381 1666 419 sub-

218 438 358 475 stantia
377 439 600 477 satisfacere
616 441 790 486 deberet,
814 440 883 477 sed
904 441 1029 490 potius
1049 453 1135 477 eum
1159 453 1349 491 sperasse,
1369 441 1445 477 fore
1462 449 1502 478 ut
1521 441 1666 478 salvam

216 499 296 549 ipse
317 506 464 537 teneret
486 501 582 538 lianc
603 501 786 551 praedam,
808 502 1066 539 interventum
1088 502 1238 539 nemine
1258 502 1321 551 qui
1350 502 1529 538 dentibus
1550 502 1666 551 ipsius

215 571 299 596 eam
321 573 450 598 rursus
477 561 662 612 eriperet:
695 562 939 599 existimabat
966 575 1116 612 nempe,
1145 576 1220 600 non
1243 563 1407 613 pupillos
1432 562 1513 605 hoe,
1541 562 1665 600 fratris

215 619 379 670 filiaeque
401 622 551 666 liberos,
567 623 613 660 ab
630 623 797 673 ipsorum
815 631 920 673 patre
943 622 1100 661 heredes
1123 623 1335 674 patrimonii
1357 623 1518 674 scriptos
1535 623 1666 667 fuisse,

213 680 280 718 sed
302 693 410 718 suam
433 683 682 732 cupiditatem
703 692 818 733 atque
840 684 1093 722 insatiabilem
1118 685 1433 722 scelerositatem.

272 743 308 778 7.
342 743 525 779 Nondum
541 744 668 781 omnia
684 744 775 788 dixi,
790 745 960 794 judices:
992 754 1170 796 superest
1184 746 1310 783 adhuc
1329 744 1505 782 cumulus
1527 745 1665 795 impro-

212 802 361 840 bitatis:
392 803 544 854 arrigite
566 817 691 842 aures,
739 805 828 843 Una
847 818 932 842 cum
947 806 1107 844 Alexide
1123 807 1324 844 Aristodici
1342 807 1455 844 fratre
1476 807 1665 844 triremem

213 864 382 902 ducebat
400 877 486 902 cum
509 873 720 915 postestate
742 866 954 904 trierarchi:
985 868 1192 904 functionis
1210 868 1324 919 hujus
1347 876 1388 905 ut
1406 868 1665 905 emolumenta

213 925 427 975 perciperet
454 935 674 977 sumptuum
704 941 847 972 exsors,
869 928 996 966 videte
1015 935 1130 978 quam
1150 929 1288 966 callide
1318 942 1397 966 rem
1427 928 1662 966 instruxerit:

216 984 369 1024 Alexidi
399 987 667 1025 trierarcliatus
687 988 848 1039 collegae
875 988 997 1026 minas
1027 990 1080 1026 ait
1105 989 1513 1040 duodequinquaginta
1533 996 1663 1026 mutuo

211 1046 438 1090 credidisse:
461 1047 574 1099 hujus
592 1049 677 1086 aeris
694 1058 839 1099 partem
857 1049 1051 1087 dimidiam
1070 1051 1238 1101 pupillis,
1254 1063 1323 1088 ceu
1341 1064 1386 1088 ex
1400 1063 1529 1087 eorum
1547 1051 1665 1100 patri*

206 1107 336 1146 monio
358 1108 604 1160 insumptam,
625 1109 661 1146 in
683 1110 827 1148 ratione
849 1110 979 1148 tuteloe
1000 1119 1120 1162 gestae
1142 1112 1281 1156 retulit,
1297 1112 1406 1161 quasi
1427 1122 1560 1148 eorum
1579 1111 1665 1149 loco

209 1177 326 1220 atque
346 1170 497 1208 nomine
523 1171 812 1209 trierarcliatum
842 1172 1038 1222 gessisset,
1065 1186 1151 1210 cum
1173 1173 1238 1223 jus
1259 1180 1431 1210 nostrum
1452 1172 1562 1210 civile
1583 1185 1659 1211 non

208 1231 323 1268 modo
344 1232 511 1283 pupillos
532 1233 580 1270 ab
601 1233 704 1270 omni
723 1234 1002 1271 contributione
1023 1233 1175 1277 eximat,
1203 1233 1270 1271 sed
1290 1233 1404 1271 etiam
1426 1232 1663 1271 adolescenti

208 1292 317 1344 primi
348 1294 435 1331 anni
470 1295 517 1331 ab
546 1294 702 1332 ineunte
730 1294 827 1332 virili
855 1302 968 1332 aetate
1002 1294 1304 1332 contributiones
1336 1293 1514 1331 remittat.
1586 1293 1662 1331 Hic

210 1354 394 1405 Diogiton
421 1364 562 1400 autem,
598 1369 695 1405 quos
727 1364 902 1406 sumptus
937 1364 1036 1393 totos
1071 1357 1147 1406 ipse
1179 1357 1283 1394 solus
1319 1356 1366 1393 de
1396 1368 1466 1393 suo
1497 1356 1663 1393 debebat

208 1415 245 1452 in
281 1415 570 1453 trierarchatum
605 1417 810 1461 insumere,
846 1429 957 1466 quem
998 1430 1082 1461 suo,
1122 1429 1197 1453 non
1231 1416 1478 1467 pupillorum,
1511 1415 1663 1453 nomine

207 1476 380 1524 gerebat,
402 1476 552 1514 tametsi
578 1489 670 1514 avus
699 1484 815 1522 esset,
846 1477 996 1514 tametsi
1024 1477 1129 1527 leges
1159 1485 1345 1522 vetarent,
1372 1483 1497 1514 tamen
1525 1489 1547 1513 a
1575 1476 1662 1513 filiae

206 1535 334 1574 liberis
366 1536 515 1574 illorum
550 1545 771 1588 sumptuum
804 1545 952 1587 partem
985 1538 1180 1574 dimidiam
1216 1538 1346 1586 exigit.
1419 1537 1452 1575 Ο
1484 1538 1660 1575 immani-

206 1604 323 1635 tatem
358 1598 595 1648 cupiditatis!
640 1611 858 1649 quanquam
894 1599 1007 1649 paulo
1043 1606 1132 1650 post
1164 1599 1328 1636 audietis
1361 1611 1447 1635 eum
1481 1611 1528 1635 ne
1561 1598 1660 1636 intra

207 1658 457 1709 cupiditatem
486 1660 641 1709 quidem
671 1660 903 1705 substitisse,
932 1660 999 1697 sed
1030 1660 1062 1697 ei
1092 1659 1334 1696 mendacium
1364 1671 1520 1708 quoque
1548 1667 1662 1708 atque

206 1720 413 1757 vanitatem
453 1720 691 1770 adjunxisse.
762 1720 901 1757 Verum
940 1720 987 1757 de
1024 1719 1098 1756 hoc
1137 1720 1264 1756 statim
1306 1719 1474 1768 pluribus
1512 1719 1658 1758 dicam:

206 1793 308 1817 nunc
346 1780 450 1817 aliud
483 1781 676 1830 quoddam
717 1781 842 1817 simile
879 1784 958 1828 ejus
991 1780 1137 1817 facinus
1169 1779 1409 1830 interficiam,
1479 1778 1661 1818 Mittebat

205 1841 412 1892 aliquando
441 1854 575 1878 navem
604 1841 814 1879 onerariam
837 1841 871 1877 in
895 1854 997 1879 mare
1021 1840 1277 1885 Adriaticum,
1305 1840 1498 1878 mercibus
1525 1853 1660 1879 onera-

203 1910 280 1939 tam
311 1903 358 1940 ad
391 1902 554 1940 valorem
584 1903 746 1940 duorum
776 1903 1032 1939 talentorum:
1070 1902 1143 1939 hac
1169 1915 1264 1939 nave
1295 1915 1314 1939 e
1344 1909 1455 1951 portu
1485 1901 1658 1940 solvente

201 1963 458 2002 denuntiabat
485 1964 716 2015 pupillorum
745 1965 867 2008 matri,
898 1963 1152 2012 navigationis
1184 1963 1388 2001 discrimen
1418 1975 1502 2000 esse
1528 1963 1657 2013 pupil-

202 2024 340 2072 lorum,
373 2039 448 2064 non
482 2038 614 2067 suum:
653 2037 800 2063 merces
830 2026 995 2076 ipsorum
1024 2025 1193 2074 periculo
1221 2024 1385 2061 fortuitis
1415 2024 1529 2061 maris
1553 2037 1656 2062 com·

201 2086 313 2123 mitti.
371 2086 490 2124 Navis
509 2086 594 2124 haec
619 2086 726 2124 illinc
758 2086 1018 2123 revertebatur
1047 2084 1167 2130 salva,
1194 2085 1286 2122 lucri
1317 2084 1478 2122 alterum
1507 2091 1657 2123 tantum

201 2148 384 2186 referens.
441 2148 540 2191 Quae
569 2157 650 2184 tum
679 2146 887 2197 Diogiton?
932 2145 1080 2182 Navem
1107 2146 1232 2182 aiebat
1262 2159 1332 2183 suo
1359 2145 1531 2195 periculo
1560 2146 1656 2185 isse:

200 2209 254 2247 sic
284 2209 430 2247 lucrum
459 2215 583 2246 totum
615 2221 727 2245 suum
759 2221 856 2245 esse.
927 2206 1042 2256 Atqui
1078 2206 1106 2243 si
1137 2207 1278 2243 damna
1311 2206 1462 2256 quidem
1498 2214 1658 2257 accepta

201 2270 356 2320 pupillis
387 2270 477 2307 solis
507 2269 725 2319 imputabis,
753 2275 927 2318 quaestus
959 2275 1086 2305 autem
1117 2267 1188 2305 soli
1216 2267 1284 2304 tibi
1313 2266 1524 2316 arrogabis,
1555 2275 1593 2304 et
1617 2269 1656 2307 in

201 2331 347 2368 ratione
376 2338 495 2380 gestae
522 2330 653 2367 tutelae
677 2330 760 2367 sine
790 2328 1030 2366 haesitatione
1059 2328 1203 2365 scribes
1230 2326 1424 2377 impendia
1452 2339 1524 2365 ceu
1554 2328 1657 2367 facta

201 2404 290 2443 quae
308 2391 414 2428 nulla
433 2392 534 2429 facta
553 2398 656 2435 sunt,
678 2390 860 2428 citissime
883 2389 1064 2427 facillimo
1084 2388 1240 2439 negotio
1263 2388 1430 2426 ditesces
1450 2401 1496 2425 ex
1517 2387 1653 2426 alieno.

202 2452 281 2490 Sed
312 2452 470 2502 longum
502 2451 563 2496 sit,
597 2450 764 2500 judices,
804 2450 986 2500 taediique
1019 2449 1175 2499 plenum
1208 2448 1402 2499 injustitiae
1435 2448 1654 2498 fraudisque

201 2526 341 2563 genera
359 2512 491 2550 omnia·
507 2512 698 2562 persequi,
726 2512 864 2562 quibus
884 2510 1067 2560 Diogiton
1094 2523 1186 2547 usus
1213 2509 1378 2559 pupillos
1398 2508 1574 2546 funditus
1593 2504 1656 2547 εὖ

202 2573 346 2624 pilavit.
369 2591 372 2594 >
404 2573 531 2616 Quare
550 2572 635 2609 haec
656 2572 842 2610 hacteuus
872 2572 975 2609 dicta
1002 2577 1135 2622 putate
1163 2570 1338 2607 sufficere
1359 2581 1426 2620 pro
1447 2569 1654 2619 specimine

202 2633 358 2672 rationis
379 2633 476 2684 ejus,
495 2645 612 2682 quam
634 2631 818 2682 Diogiton
841 2639 961 2682 gestae
981 2644 1004 2668 a
1024 2644 1066 2669 se
1086 2630 1230 2674 tutelae,
1252 2642 1472 2679 quanquam
1494 2630 1654 2668 multum

202 2701 242 2733 et
265 2701 425 2745 rogatus
457 2701 498 2732 et
523 2700 738 2737 cunctatuS,
762 2693 824 2730 vix
852 2701 890 2730 et
915 2705 1017 2742 aegre
1036 2692 1189 2729 tandem
1210 2690 1402 2728 exhibuit:
1434 2703 1507 2740 ego
1526 2690 1655 2741 itaque

201 2756 388 2793 rationem
408 2755 507 2794 hanc
524 2762 661 2793 nactus
678 2754 796 2791 invito
817 2760 855 2791 et
874 2753 1077 2791 reluctanti
1099 2759 1299 2797 extortam,
1321 2750 1529 2801 assumptis
1549 2751 1655 2789 testi-

201 2817 290 2863 bus,
321 2817 420 2855 vado
450 2817 500 2855 ad
529 2815 943 2855 Aristodicum—nam
979 2814 1110 2851 Alexis
1144 2812 1227 2860 ipse
1257 2812 1374 2850 frater
1403 2811 1485 2862 ejus
1514 2811 1658 2850 interea

203 2879 281 2918 fato
298 2885 616 2923 concesserat-,
635 2877 739 2915 hunc
758 2875 1016 2914 Aristodicum
1030 2881 1072 2911 ut
1090 2874 1128 2910 in
1149 2872 1230 2910 foro
1251 2871 1657 2922 conveni,percontor‚
