1822 3219
465 153 575 192 PRO
607 153 765 193 CAEDE
796 152 1224 190 ERATOSTHENIS.
1501 151 1579 186 153.

125 251 320 291 lummodo
348 256 578 292 sententiam
607 267 694 293 esse
718 252 1068 295 reformffiandam:
1102 251 1244 301 quippe
1268 262 1354 299 quae
1381 261 1504 287 rerum
1529 248 1569 285 in

124 314 277 351 civitate
299 315 347 352 sit
366 315 506 352 arbitra
525 316 706 353 omniurn.

179 375 218 411 9.
248 374 388 413 Videte
406 376 494 422 hoc,
511 375 600 412 viri:
630 375 780 413 ancillae
807 387 867 412 me
895 374 1002 412 aiunt
1023 373 1090 410 illa
1117 373 1177 410 die
1203 371 1421 416 mandasse,
1440 376 1484 406 ut
1505 370 1571 420 ju-

123 448 261 474 venem
295 444 520 475 arcesseret,
588 437 672 486 Ego
703 449 809 480 vero,
844 436 994 473 etiamsi
1024 448 1116 473 vera
1148 432 1330 477 dicerent,
1362 438 1571 479 negaturus

125 503 253 533 tamen
272 496 342 534 sim
372 497 470 534 male
499 509 560 533 me
579 496 741 534 fecisse:
771 508 1000 546 quacunque
1019 495 1118 532 enim
1147 494 1304 531 tandem
1331 492 1468 529 fraude
1488 504 1573 528 cor-

123 562 319 606 ruptorem
333 557 461 594 uxoris
477 570 572 593 meae
586 556 789 606 cepissem,
803 555 950 593 viderer
963 555 1054 591 mihi
1067 562 1195 592 tamen
1213 566 1365 603 aequum
1383 558 1573 589 servasse.

127 616 226 653 Eum
246 617 346 654 enim
369 617 402 653 si
420 617 561 654 arcessi
573 617 791 666 jussissem,
807 615 888 664 qui,
905 628 990 652 cum
1012 628 1079 665 per
1096 615 1226 652 literas
1239 621 1277 651 et
1291 626 1359 663 per
1373 614 1572 650 internun-

123 677 204 715 cios
214 689 371 714 uxorem
384 689 506 713 meam
521 677 570 713 ad
586 676 775 726 flagitium
790 675 1046 719 sollicitasset,
1059 674 1241 724 perlicere
1254 673 1359 711 haud
1375 672 1572 723 potuisset,

125 735 265 786 injuste
292 735 426 786 utique
450 737 639 786 egissem:
684 748 771 773 eum
796 742 924 772 autem
954 735 985 772 si
1012 747 1244 785 quocunque
1270 733 1424 771 tandem
1456 732 1573 769 modo

123 804 284 834 venatus
301 809 441 842 essem,
459 796 522 846 qui
542 795 691 833 nullum
711 796 870 833 sceleris
902 808 1066 846 pensum
1097 796 1168 832 sibi
1189 795 1374 844 reliquum
1402 793 1573 835 fecisset,

123 857 357 907 domumque
388 870 513 894 meam
539 857 621 907 ejus
651 869 768 894 causa
793 868 1055 906 saepeuumero
1080 861 1181 892 esset
1198 855 1407 904 ingressus,
1426 852 1573 889 viderer

123 917 213 954 mihi
236 925 362 968 partes
381 917 450 954 viri
471 917 617 955 cordati
641 917 848 968 peregisse.
905 916 1048 953 Verum
1068 915 1195 952 videte
1220 941 1230 959 ,
1245 914 1326 959 viri,
1358 925 1475 963 quam
1502 912 1570 949 im-

122 980 312 1030 pudenter
340 979 395 1016 illi
416 979 498 1016 haee
527 991 680 1028 quoque
712 978 966 1015 mentiantur:
1004 977 1108 1027 quod
1138 989 1185 1013 ex
1206 975 1313 1013 hisce
1332 973 1570 1024 argumentis

123 1040 236 1078 facile
259 1041 415 1078 eruetis.
479 1041 686 1084 Sostratus,
708 1038 935 1076 homo—id
961 1038 1066 1088 quod
1092 1038 1206 1088 paulo
1238 1044 1328 1075 ante
1351 1049 1413 1073 me
1443 1035 1572 1072 dicere

123 1100 278 1137 memini
290 1123 354 1146 ——‚
367 1100 511 1138 amicus
531 1099 623 1137 mihi
642 1106 757 1149 atque
772 1098 981 1144 familiaris,
1000 1110 1156 1147 vespere
1169 1110 1254 1135 rure
1269 1094 1465 1134 revertens
1480 1106 1570 1132 cum

123 1161 216 1199 mihi
230 1163 631 1207 occurrisset,mecum
644 1161 1002 1209 coenavit,satisque
1015 1159 1084 1196 sibi
1098 1172 1184 1196 cum
1195 1158 1386 1196 videretur
1399 1156 1574 1205 cibisque

122 1229 162 1260 et
180 1235 398 1260 sermonum
419 1223 607 1260 hilaritate
622 1228 768 1272 pastus,
789 1221 942 1257 domum
961 1233 1000 1257 se
1021 1232 1128 1257 suam
1148 1219 1305 1269 recepit.
1362 1216 1483 1266 Atqui
1504 1228 1571 1252 ex-

122 1283 290 1321 istimate
309 1296 375 1321 vos
394 1282 479 1333 ipsi,
499 1282 663 1333 judices,
680 1281 753 1318 hoc
769 1281 946 1331 primum,
965 1279 1030 1322 illa
1049 1291 1122 1329 ego
1139 1285 1251 1316 nocte
1273 1278 1303 1314 si
1324 1275 1573 1314 Eratostheni

122 1356 406 1394 comparassem
426 1343 597 1386 insidias,
615 1349 741 1379 utrum
763 1353 783 1377 e
813 1354 854 1377 re
875 1353 960 1378 mea
984 1339 1122 1377 fuisset
1145 1339 1282 1389 magis,
1297 1338 1388 1375 foris
1407 1348 1571 1379 coenare,

123 1417 172 1442 an
198 1403 391 1441 adducere
419 1403 614 1440 convivam
643 1402 753 1452 cujus
776 1410 878 1439 metu
908 1400 1080 1438 moechus
1106 1399 1252 1450 ingredi
1281 1398 1406 1435 minus
1433 1397 1573 1434 fuisset

123 1465 317 1503 ausurus?
345 1464 518 1501 Alterum
545 1462 620 1500 hoc
644 1469 834 1512 spectate:
877 1462 1036 1498 conviva
1064 1461 1234 1504 dimisso,
1255 1459 1436 1496 videorne
1462 1456 1572 1493 vobis

120 1525 226 1564 solus
259 1531 300 1563 et
331 1525 380 1562 ab
412 1524 586 1574 adjutore
617 1521 789 1559 desertus
820 1521 1020 1565 mansisse,
1043 1533 1091 1557 an
1119 1520 1247 1570 potius
1276 1519 1385 1556 illum
1417 1529 1569 1554 mecum

121 1586 332 1630 retinuisse,
351 1592 393 1622 ut
419 1596 575 1634 operam
593 1582 683 1619 mihi
704 1581 826 1626 daret,
848 1581 998 1618 hostem
1017 1581 1172 1617 ulturo?
1209 1579 1298 1616 Non
1318 1590 1430 1629 porro
1447 1577 1573 1623 vobis,

121 1646 202 1692 viri,
221 1646 353 1684 videor
371 1645 420 1683 de
449 1644 510 1682 die
537 1644 682 1681 amicos
707 1642 823 1680 fuisse
850 1642 1073 1679 cohortatus
1097 1648 1135 1678 et
1160 1640 1338 1690 jussisse,
1371 1638 1407 1675 in
1433 1637 1569 1675 domos

122 1708 334 1745 amicorum
358 1707 397 1744 in
416 1705 590 1757 proximo
614 1703 869 1742 habitantium
895 1703 1010 1746 coire,
1038 1715 1154 1753 quam
1174 1701 1424 1746 commisisse,
1455 1706 1498 1737 ut
1522 1699 1570 1736 de

122 1776 237 1806 nocte
256 1781 280 1806 a
297 1768 415 1818 primo
434 1766 523 1804 mali
542 1766 616 1803 mei
641 1777 758 1802 sensu
777 1764 1128 1808 circumcurrerem,
1149 1762 1344 1812 ignorans,
1363 1772 1569 1810 quemnam

124 1828 227 1866 domi
253 1840 366 1878 quem
392 1827 518 1864 minus
546 1838 671 1864 essem
703 1830 945 1875 reperturus;
987 1831 1026 1861 et
1051 1823 1101 1861 ad
1128 1821 1384 1860 Harmodium
1411 1820 1567 1871 quidem

121 1890 305 1940 illumque
325 1895 439 1939 atque
459 1888 565 1925 illum
592 1885 865 1924 contenderem
887 1897 1047 1936 peregre
1072 1881 1346 1934 agentes—id
1369 1879 1477 1932 quod
1506 1892 1568 1918 me

121 1951 293 2000 fugiebat
301 1972 366 1995 —-,
380 1949 552 1999 aliosque
563 1948 706 1985 frustra
717 1945 959 1996 requirerem,
972 1945 1011 1982 in
1026 1945 1120 1982 urbe
1135 1943 1289 1995 quidem
1300 1942 1385 1981 illos
1395 1947 1567 1992 agentes,

118 2013 236 2050 domo
259 2018 386 2049 autem
404 2017 485 2048 tum
506 2010 699 2053 absentes,
719 2014 938 2057 temereque
952 2018 1049 2057 quos
1068 2017 1220 2056 possem
1245 2002 1400 2042 fortuito
1419 2001 1568 2039 oblatos

120 2071 385 2111 corraderem?
424 2070 557 2121 Atqui,
582 2069 613 2106 si
642 2067 943 2119 praesensissem,
976 2079 1052 2104 non
1075 2065 1208 2103 videor
1232 2064 1339 2101 vobis
1368 2068 1407 2100 et
1436 2072 1566 2099 servos

120 2140 411 2184 comparaturus
431 2139 546 2182 atque
562 2130 813 2167 instructurus
826 2135 865 2166 et
883 2128 1027 2166 amicos
1043 2132 1324 2165 convocaturus
1343 2124 1475 2171 fuisse,
1490 2134 1569 2172 quo

122 2201 161 2232 et
176 2207 290 2244 quam
305 2193 533 2231 tectissimus
549 2198 664 2241 atque
679 2188 891 2228 tutissimus
914 2189 950 2225 in
967 2188 1123 2225 domum
1137 2199 1262 2225 meam
1281 2184 1501 2235 ingrederer
1515 2204 1568 2209 -—-

121 2254 260 2305 ecquid
296 2253 397 2291 enim
426 2266 540 2291 nosse
569 2258 756 2303 poteram,
783 2250 934 2288 fertone
969 2250 1122 2287 futurus
1153 2254 1258 2286 esset
1290 2245 1568 2284 Eratosthenes

119 2327 275 2365 quoque
311 2313 587 2358 armatus‘3--,
625 2319 664 2350 et
698 2312 738 2349 in
768 2316 978 2361 conspectu
1013 2310 1170 2348 testium
1202 2306 1567 2359 quamplurimorum

119 2388 254 2426 poenas
281 2376 330 2412 ab
356 2375 467 2412 hoste
493 2381 706 2424 repeterem
731 2372 823 2409 mihi
850 2372 1027 2410 debitas?
1083 2371 1171 2421 Ego
1189 2382 1280 2408 vero
1305 2368 1360 2405 nil
1381 2365 1567 2418 praescius

121 2449 253 2473 eorum
279 2435 447 2472 omnium
472 2447 558 2485 quae
581 2433 650 2471 illa
673 2440 784 2470 nocte
805 2439 938 2470 essent
963 2438 1160 2474 eventura,
1185 2442 1283 2480 quos
1308 2434 1477 2479 poteram
1499 2438 1568 2476 per

119 2496 411 2545 trepidationem
429 2494 642 2539 corradere,
667 2494 794 2532 socios
820 2493 1076 2531 assumebam.
1133 2490 1368 2530 Adscendite
1387 2500 1455 2526 vos
1474 2486 1564 2530 huc,

121 2557 184 2605 qui
202 2556 335 2593 horum
357 2554 447 2592 mihi
465 2561 585 2592 testes
602 2554 720 2592 eritis.

735 2646 946 2684 TESTES.

180 2726 240 2761 10.
271 2725 491 2770 Audivisfis,
507 2725 589 2769 viri,
609 2724 827 2762 testimonia
846 2723 1000 2762 testium
1017 2737 1025 2760 z
1048 2727 1128 2769 jam
1150 2720 1356 2772 expendite
1372 2720 1564 2757 vobiscum

121 2786 274 2835 ipsimet
291 2785 387 2822 hanc
412 2799 489 2823 rem
513 2787 578 2832 ita,
600 2793 642 2823 ut
663 2785 878 2836 inquiratis,
902 2785 1024 2822 aliane
1043 2782 1231 2833 quaepiam
1253 2780 1342 2819 mihi
1361 2793 1445 2818 cum
1470 2780 1563 2818 Era-

123 2846 301 2883 tosthene
317 2846 488 2883 simultas
508 2859 674 2896 unquam
696 2854 833 2896 praeter
853 2846 952 2883 hanc
975 2857 1086 2880 unam
1114 2841 1381 2880 intercesserit.
1438 2841 1563 2890 Atque

825 2919 853 2942 X
