1822 3219
464 131 575 170 PRO
607 131 771 171 BONIS
801 128 1218 168 ARISTOPHANIS.
1491 127 1564 164 281

115 238 230 283 atque
256 234 439 279 obtestor,
465 241 520 278 ut,
540 234 604 271 ubi
625 245 685 270 me
711 232 903 270 dicentem
922 243 1046 281 usque
1066 230 1116 268 ad
1148 232 1262 268 finem
1294 228 1474 269 orationis
1504 229 1570 267 be-

115 294 243 343 nignae
271 294 475 332 audientiae
496 293 713 332 constantia
741 291 933 343 prosecuti
954 290 1113 336 fueritis,
1132 297 1211 328 tum
1233 290 1388 327 demum
1410 290 1513 327 hanc
1532 289 1569 327 in

116 362 262 404 partem
289 355 543 405 pronuntietis
573 354 815 396 sententiam,
843 367 931 402 quae
961 364 1049 402 pars
1080 351 1224 402 optima
1245 352 1352 388 vobis
1381 351 1570 389 videbitur

115 427 202 451 esse
235 421 353 465 atque
383 429 470 453 cum
492 415 680 465 'religione
694 413 947 464 jurisjurandi
974 425 996 449 a
1014 412 1122 450 vobis
1144 411 1238 450 dicti
1261 411 1445 461 imprimis
1474 425 1568 449 con-

74 485 78 487 ’
116 482 316 512 sentanea.

170 537 206 572 3.
237 535 405 573 Primum
426 536 552 585 itaque
574 535 648 573 hoc
669 535 835 579 docebo,
852 535 1045 585 quomodo
1063 532 1324 584 Nicophemus
1346 538 1462 583 atque
1483 533 1568 570 Ari-

113 595 319 645 stophanes
337 596 659 634 necessitudinem
676 596 869 633 affinitatis
885 595 1085 632 nobiscum
1102 593 1373 631 contraxerint.
1432 592 1567 630 Conon

114 668 268 706 nempe,
289 657 452 693 classem
473 664 637 694 vestram
664 655 904 705 imperatoria
932 667 1021 691 cum
1045 660 1234 704 potestate
1259 653 1359 691 circa
1381 652 1573 703 Pelopon-

113 728 250 753 nesum
271 729 466 760 exercenS,
484 729 551 766 pro
566 721 758 753 vetustate
778 715 955 753 amicitiae
971 727 1058 765 quae
1078 714 1132 751 illi
1150 727 1237 751 cum
1253 720 1364 763 patre
1386 726 1470 751 meo
1491 719 1572 751 erat

111 783 197 812 tum
217 776 412 814 trierarchi
431 790 568 813 munus
595 776 796 826 fungente,
817 777 980 825 rogabat
1005 781 1164 825 patrem,
1186 780 1228 811 ut
1245 774 1361 810 filiam
1381 787 1488 811 suam
1508 786 1571 811 so-

112 848 238 874 rorem
267 850 392 875 meam
413 837 641 888 Nicophemi
662 837 740 874 filio
761 837 1007 887 Aristophani
1028 838 1065 873 in
1085 836 1363 873 matrimonium
1391 836 1571 874 elocaret.

113 895 243 941 Pater,
264 897 398 935 videns
418 898 489 935 hos
509 904 548 935 et
569 898 741 935 Cononis
762 897 887 948 gratia
904 897 1040 935 florere
1059 904 1097 935 et
1117 897 1233 934 fidem
1254 898 1287 934 ei
1307 909 1414 934 suarn
1428 908 1570 946 appro-

112 956 230 994 basse
256 958 484 1008 cae-terisque
509 958 602 996 item
620 958 658 994 in
680 960 794 996 rebus
821 957 993 995 homines
1022 958 1246 995 commodos
1275 964 1313 996 et
1342 958 1441 1007 frugi
1469 970 1569 1003 esse,

110 1016 278 1067 denique
291 1019 443 1068 'populo
463 1026 543 1056 tum
565 1025 666 1057 certe
685 1018 851 1069 probarI,
867 1019 921 1055 nil
937 1019 985 1056 de
1001 1018 1142 1056 invidia
1157 1019 1372 1069 suspicatus
1388 1018 1570 1068 odioque,

110 1078 152 1115 in
166 1078 270 1128 quod
283 1079 375 1128 ipsis
394 1078 511 1116 fatale
527 1079 598 1116 fuit
610 1085 653 1116 ut
665 1079 912 1129 postmodum
927 1079 1177 1123 incurrerent,
1192 1091 1374 1116 assensus
1390 1084 1472 1115 est:
1502 1079 1572 1115 sed

110 1144 208 1175 tunc
232 1138 411 1188 temporis
438 1152 526 1176 cum
553 1151 665 1176 nemo
692 1139 805 1176 facile
824 1145 992 1176 vestrum
1021 1139 1190 1176 omni-um
1208 1139 1344 1177 fuisset
1364 1151 1478 1188 quern
1498 1151 1569 1189 pu-

108 1197 262 1236 duisset
274 1211 360 1235 cum
377 1198 435 1236 his
453 1199 676 1236 affinitatem
693 1199 940 1241 contrahere;
973 1205 1116 1249 patrem
1138 1200 1240 1236 enim
1259 1211 1336 1236 non
1356 1199 1569 1248 cupiditate

111 1270 229 1308 opum
253 1258 436 1303 illectum,
456 1259 561 1296 hunc
588 1259 658 1296 sibi
682 1271 866 1309 generum
887 1259 1092 1308 delegisse,
1112 1259 1223 1297 facile
1249 1258 1286 1295 id
1316 1259 1480 1296 collectu
1508 1266 1569 1296 est

108 1331 161 1355 ex
189 1319 270 1369 ejus
300 1319 446 1368 reliqua
465 1319 554 1364 vita,
576 1320 745 1357 moribus
771 1325 811 1357 et
836 1319 1033 1356 institutis.
1089 1318 1329 1356 Adolescens
1356 1319 1457 1356 enim
1477 1331 1566 1356 cum

109 1385 245 1428 »posset
272 1379 384 1416 aliam
411 1392 681 1429 quamcunque
706 1380 805 1417 bene
834 1379 1004 1416 dotatam
1038 1378 1193 1416 domurn
1226 1379 1379 1423 ducere,
1409 1391 1566 1416 uxorem

109 1438 186 1476 =sibi
215 1439 359 1489 delegit
388 1452 474 1476 eam
502 1439 698 1477 foeminam
725 1454 745 1477 e
765 1453 845 1490 -qua
868 1453 930 1477 me
959 1440 1183 1490 procreavit,
1204 1452 1437 1489 quamquam
1465 1439 1568 1479 dotis

109 1499 208 1537 nihil
231 1499 479 1538 afferentem:
521 1502 625 1551 quod
653 1500 830 1538 nimirum
861 1514 906 1539 ea
930 1502 1007 1539 filia
1027 1502 1296 1554 Xenophontis
1326 1502 1426 1540 illius
1453 1511 1567 1549 esset,

108 1563 178 1612 qui
197 1569 304 1613 patre
323 1576 417 1600 usus
440 1563 624 1614 Euripide
648 1576 727 1601 >non
755 1564 932 1614 privatim
954 1564 1199 1602 >solummodo
1224 1565 1366 1603 famam
1385 1565 1477 1602 boni
1497 1566 1566 1603 viri

108 1625 231 1673 penes
251 1636 318 1661 vos
337 1624 486 1669 meruit,
507 1624 574 1662 sed
594 1631 632 1661 et
657 1624 730 1661 hoc
751 1624 918 1675 publice,
936 1632 980 1663 ut
998 1625 1237 1676 imperatoris
1257 1626 1422 1664 honores
1442 1626 1477 1664 ei
1497 1627 1565 1664 de-

108 1683 282 1727 ferretis;
312 1685 425 1735 cujus
445 1685 499 1722 rei
519 1691 696 1723 auctores
716 1685 806 1722 mihi
824 1691 914 1723 sunt
928 1686 1031 1724 cives
1047 1692 1139 1723 natu
1156 1686 1394 1736 grand-iores.
1450 1686 1567 1726 Pater

111 1743 240 1794 itaque
257 1745 295 1781 in
316 1745 479 1794 legenda
505 1757 626 1783 uxore
653 1746 770 1783 decus
794 1745 945 1796 generis
972 1747 1095 1797 magis
1113 1760 1228 1797 quam
1257 1748 1487 1786 facultatum
1507 1746 1593 1786 se-v

107 1810 238 1842 ctatus
259 1804 562 1855 amplitudinem,
577 1806 613 1842 in
629 1806 779 1844 filiabus
798 1819 952 1856 quoque
971 1807 1181 1853 elocandis,
1195 1821 1283 1858 quae
1303 1809 1392 1845 duae
1412 1809 1446 1846 ei
1464 1815 1566 1847 natae

113 1871 204 1903 sunt
235 1865 418 1915 majorem
444 1865 643 1915 dignitatis
673 1879 789 1917 quam
815 1866 1052 1904 fortunarum
1075 1868 1209 1905 habuit
1234 1869 1447 1906 rationem:
1476 1882 1567 1907 nam

106 1937 201 1962 cum
221 1931 353 1962 essent
370 1926 436 1975 qui
454 1938 518 1964 eas
537 1934 785 1977 procarentur
810 1927 984 1965 homines
1014 1928 1223 1966 admodum
1251 1929 1476 1979 locupletes,
1498 1929 1566 1968 de-

113 1986 270 2036 negavit
298 1993 428 2023 tamen
457 1986 546 2031 illis,
568 1988 673 2036 quod
692 1987 911 2026 viderentur
929 1988 1014 2026 loco
1035 1988 1260 2039 ignobiliore
1279 1990 1360 2028 nati
1379 2003 1479 2036 esse,
1497 1991 1567 2029 sed

108 2046 273 2083 ¹alteram
293 2046 505 2085 Philomelo
535 2048 671 2098 nuptui
694 2048 801 2086 dedit
820 2048 1051 2094 Paeaniensi‚
1073 2062 1188 2100 quem
1208 2051 1306 2088 inter
1325 2063 1455 2088 omnes
1473 2063 1566 2089 con-

107 2111 188 2144 stat
207 2107 344 2144 fortem
363 2107 519 2157 quidem
547 2116 821 2159 strenuumque
842 2110 962 2146 virum
984 2117 1024 2147 at
1042 2122 1177 2160 parurn
1203 2111 1438 2162 locupletem
1465 2125 1566 2159 esse,

106 2166 273 2205 alteram
288 2167 456 2205 Phaedro
470 2169 731 2220 Myrrhinusio
752 2182 772 2206 e
791 2182 921 2207 sorore
942 2171 1185 2222 nepoti,cum
1205 2171 1235 2208 is
1250 2171 1331 2222 jam
1352 2172 1400 2210 ad
1420 2179 1568 2222 egesta-

112 2233 190 2264 tem
208 2228 428 2274 decidisset,
447 2242 683 2280 quamquam
711 2242 787 2266 non
813 2230 928 2280 culpa
954 2243 1025 2267 sua
1049 2243 1173 2280 neque
1200 2245 1347 2269 morum
1366 2233 1567 2283 flagitiosi-

108 2293 205 2333 -tate,
223 2289 470 2337 postmodum
489 2302 581 2327 vero
604 2290 849 2340 Aristophani
876 2291 1039 2328 eandem
1058 2291 1284 2330 collocavit:
1315 2293 1451 2331 harum
1469 2295 1566 2333 filia-

110 2360 198 2385 tum
218 2347 425 2398 unicuique
446 2349 702 2399 quadraginta
730 2350 851 2387 minas
870 2351 907 2387 in
934 2350 1063 2389 dotem
1089 2351 1250 2398 addidit,
1273 2360 1462 2403 quantum
1483 2355 1566 2392 Ari-

113 2408 324 2458 stophanes
354 2421 507 2459 quoque
536 2409 636 2447 tulit.
694 2410 771 2460 Ipsi
800 2411 966 2461 denique
992 2411 1084 2448 mihi
1114 2419 1223 2462 pater
1252 2421 1384 2452 auctor
1412 2415 1497 2460 fuit,
1523 2422 1566 2452 ut

109 2469 267 2519 egregie
291 2469 437 2507 dotatae
456 2482 568 2520 quam
594 2470 766 2508 nancisci
783 2477 956 2521 poteram
978 2472 1104 2510 minus
1125 2473 1299 2512 dotatam
1325 2475 1565 2520 anteferrem,

112 2529 357 2578 quo'certior
385 2542 510 2567 essem
542 2529 762 2568 affin-itatem
789 2543 813 2568 a
844 2544 904 2569 me
934 2533 1107 2571 contrahi
1136 2547 1226 2571 cum
1251 2547 1383 2572 socero
1409 2535 1565 2585 ejusque

111 2589 244 2626 liberis
263 2597 302 2626 et
320 2590 474 2640 generis
499 2591 677 2628 omnibus
703 2592 876 2630 honestiS
905 2599 944 2630 et
970 2593 1083 2644 frugi.
1136 2596 1229 2637 Quo
1256 2595 1401 2631 factum
1429 2602 1500 2641 est,
1522 2604 1564 2634 ut

115 2648 219 2687 domi
239 2657 333 2687 meae
352 2664 458 2689 nunc
477 2652 638 2690 habeam
664 2651 766 2690 illius
786 2652 996 2692 Critodemi
1016 2654 1267 2705 Alopecensis
1294 2654 1423 2700 filiam,
1442 2657 1508 2706 qui
1527 2656 1564 2694 in

112 2709 182 2746 illo
210 2709 315 2747 fatali
343 2710 444 2749 circa
463 2711 761 2763 Hellespontum
788 2713 920 2763 praelio
945 2714 1073 2752 navali
1095 2714 1248 2758 cecidit,
1269 2726 1355 2751 cum
1375 2715 1564 2754 Lacedae-

113 2769 252 2807 moniis
270 2769 468 2809 dimicans.
526 2773 662 2823 Atqui,
679 2786 703 2811 o
715 2773 879 2822 judices,
900 2775 964 2825 qui
983 2776 1061 2819 fiat,
1077 2781 1119 2812 ut
1138 2775 1178 2812 in
1195 2776 1459 2816 contrahenda
1476 2791 1564 2818 curn

115 2828 359 2880 Nicophemo
374 2837 414 2869 et
428 2831 684 2883 Aristophane
704 2835 888 2873 affinitate
904 2834 1153 2886 cupiditatem
1165 2843 1318 2876 secutus
1338 2846 1440 2877 recte
1459 2839 1564 2879 vide-

811 2896 834 2933 2
856 2908 879 2932 o
