1822 3219
267 173 341 210 316
913 173 1081 214 LYSIAE

261 273 367 317 orba,
387 272 491 311 dives
514 274 575 318 sit,
597 274 645 312 de
665 287 739 325 qua
759 276 915 313 domum
937 277 1117 314 ducenda
1147 283 1263 327 atque
1292 278 1473 317 habenda
1490 280 1600 318 multi
1620 281 1717 319 inter

261 346 301 370 se
322 334 357 370 in
372 334 458 384 jure
480 336 731 380 contendant,
753 336 804 374 ita
824 337 884 374 hic
906 338 1007 374 venit
1025 350 1174 375 mecum
1204 338 1394 389 litigatum
1424 341 1605 392 vobisque
1633 354 1718 392 per·

260 407 416 432 suasum
438 396 489 433 ita
508 396 746 434 debilitatum
771 398 860 434 mibi
882 410 1023 448 corpus
1045 411 1120 436 non
1145 411 1229 436 esse
1250 408 1366 450 atque
1386 413 1452 438 vos
1471 414 1604 440 omnes
1632 414 1717 440 esse

259 455 411 493 videtis.
456 457 535 494 Vos
555 464 680 494 autem
699 457 798 495 idem
815 457 904 495 mihi
926 459 1060 496 facturi
1082 459 1273 504 videmini,
1294 462 1398 511 quod
1420 463 1566 500 faciunt
1583 475 1718 500 omnes

259 516 399 566 quibus
421 530 529 555 mens
549 527 652 556 recta
671 524 840 563 constat,
861 525 903 556 ut
925 520 1061 557 vestris
1081 521 1206 571 potius
1226 521 1347 559 oculis
1368 535 1484 573 quam
1506 523 1618 574 hujus
1638 536 1720 561 ora-

260 579 353 615 tioni
374 578 552 617 credatis.

310 641 347 676 5.
379 639 712 678 Contumeliosum
732 648 860 678 autem
881 655 941 680 me
962 656 1048 680 cum
1072 643 1126 680 ait
1145 657 1229 681 esse
1251 645 1496 694 rixosumque
1516 651 1556 682 et
1575 645 1717 684 violen—

258 707 337 738 tum
360 709 477 752 atque
498 702 750 753 petulantem,
768 703 804 740 in
826 704 898 741 ista
916 718 1028 754 quam
1051 705 1207 742 cernitis
1227 706 1301 743 mei
1320 707 1489 756 corporis
1506 706 1717 752 debilitate,

257 761 370 799 ludos
397 763 466 799 sibi
495 762 544 800 de
564 764 671 800 vobis
697 764 803 809 facit,
824 777 890 814 pro
912 766 1116 816 puerisque
1137 779 1204 803 vos
1233 766 1344 812 ridet,
1365 766 1476 816 quasi
1500 766 1614 804 fidem
1643 767 1714 817 ipsi

258 822 340 859 sitis
354 822 515 860 habituri
532 823 811 860 formidabilem
826 837 884 861 me
898 826 1107 876 appellanti
1124 828 1282 873 nullam,
1301 828 1330 865 si
1348 828 1558 866 admodum
1572 829 1714 866 mitem.

257 881 341 933 Ego
360 896 449 921 vero
470 897 536 922 vos
557 890 730 928 autumo,
748 892 959 931 senatores,
978 887 1095 936 probe
1115 887 1256 925 debere
1271 888 1515 938 dignoscere,
1535 901 1714 938 quaenam

258 943 455 982 hominum
486 957 629 995 genera
651 958 717 996 par
738 945 788 982 sit
806 958 874 995 per
892 953 1069 984 naturam
1091 960 1216 985 rerum
1239 947 1286 985 ad
1315 948 1558 986 insolentiam
1579 947 1716 993 efferri,

256 1011 296 1042 et
309 1005 451 1055 quibus
467 1018 598 1043 rursus
617 1012 759 1055 negata
771 1005 817 1042 sit
833 1007 1038 1056 protervia.
1098 1007 1304 1050 Mendicos
1325 1021 1526 1058 rerumque
1545 1009 1714 1047 omnium

256 1072 418 1116 egentes
449 1066 554 1103 haud
586 1073 646 1103 est
674 1075 976 1106 consentaneum
1007 1067 1198 1113 lascivire,
1225 1068 1293 1105 sed
1323 1081 1403 1113 eos,
1425 1068 1566 1118 quibus
1595 1069 1718 1107 multo

254 1127 365 1178 plura
397 1135 606 1178 supersunt
634 1141 750 1179 quam
783 1129 862 1167 vita
893 1129 1068 1180 postulat
1100 1128 1378 1174 sustentanda;
1414 1128 1554 1179 neque,
1579 1130 1717 1180 quibus

252 1201 394 1238 corpus
414 1195 471 1226 est
490 1188 736 1235 imbecillum,
750 1190 818 1227 sed
833 1190 984 1228 lacertis
1001 1197 1040 1228 et
1056 1190 1177 1228 nervis
1193 1186 1357 1228 maxime
1372 1189 1537 1228 fidentes
1551 1203 1561 1234 ;
1591 1203 1718 1241 neque

252 1257 459 1300 provectos
490 1258 604 1289 aetate
635 1252 919 1302 marcidosque,
953 1252 1022 1289 sed
1051 1252 1215 1304 juvenes
1250 1253 1376 1291 adhuc
1409 1252 1716 1304 corporibusque

252 1312 468 1362 animisque
501 1312 686 1362 vigentes.
756 1313 906 1351 Divites
938 1313 1038 1351 enim
1073 1313 1243 1364 pericula
1271 1314 1439 1352 forensia
1469 1314 1517 1351 de
1548 1314 1585 1351 vi
1612 1313 1718 1354 facta

253 1374 541 1423 nummisjdatis
561 1382 825 1418 emercantur;
856 1387 1048 1425 pauperes
1069 1382 1195 1412 autem
1212 1375 1260 1412 ab
1278 1381 1450 1426 egestate
1470 1375 1627 1413 coerciti
1648 1389 1715 1414 ne-

253 1434 422 1472 cessario
442 1448 578 1472 manus
599 1436 798 1474 continent
820 1428 936 1486 atque
957 1436 1157 1474 modestiae
1183 1435 1362 1474 student:
1388 1435 1553 1486 juvenes
1572 1438 1602 1474 si
1623 1436 1715 1486 quid

252 1496 377 1535 aetatis
403 1496 545 1535 ferocia
569 1497 686 1534 ablati
716 1496 962 1547 deliquerint,
989 1497 1102 1535 facile
1126 1498 1277 1536 veniam
1304 1510 1327 1535 a
1356 1498 1569 1536 senioribus
1595 1498 1716 1549 impe·

251 1565 377 1602 trant;
420 1558 576 1608 reliquis
615 1566 745 1596 autem
782 1558 1107 1597 insolescentibus
1149 1565 1392 1604 succensent,
1431 1559 1715 1610 objurgantque

251 1621 365 1657 ambo
396 1620 549 1670 pariter,
568 1627 646 1657 tam
672 1632 784 1657 senes
810 1633 924 1670 qnam
948 1620 1132 1671 juvenes:
1166 1621 1339 1658 valentes
1359 1620 1501 1658 viribus
1528 1620 1592 1659 ubi
1621 1621 1714 1659 alios

248 1680 549 1730 verberibusque
577 1681 871 1719 commulcarint
890 1681 1050 1731 aliisque
1073 1681 1317 1719 contumeliis
1338 1680 1622 1727 dedecorarint‚
1641 1682 1714 1733 ipsi

250 1741 398 1790 possint
416 1741 527 1778 illaesi
546 1741 672 1783 abire:
702 1741 883 1779 imbecilli
901 1748 1044 1788 autem,
1066 1754 1191 1791 neque
1210 1754 1460 1792 aggressores
1475 1741 1608 1780 ulcisci
1624 1755 1714 1793 pos-

250 1809 356 1849 sunt,
375 1816 514 1854 neque,
535 1804 571 1840 in
593 1810 759 1841 mentem
789 1804 882 1854 ipsis
903 1804 970 1842 ubi
991 1804 1138 1841 venerit
1159 1803 1242 1841 aliis
1263 1803 1438 1854 injuriam
1463 1802 1613 1849 offerre,
1635 1818 1712 1843 non

248 1866 514 1904 succumbere.
571 1865 788 1903 Accusator
812 1865 945 1916 itaque
972 1865 1203 1916 proterviam
1230 1864 1319 1902 mihi
1341 1871 1458 1915 atque
1478 1864 1712 1903 rixositatem

247 1927 485 1977 exprobrans
504 1938 582 1963 non
609 1926 708 1964 serio
738 1939 866 1976 agere,
886 1926 952 1963 sed
969 1925 1106 1977 jocari,
1125 1926 1300 1967 videtum
1334 1938 1459 1976 neque
1484 1925 1560 1963 hoc
1583 1939 1711 1976 agere,

246 1995 291 2025 ut
320 2000 381 2025 me
411 1987 527 2025 talem
563 2000 649 2025 esse
667 1987 776 2024 vobis
809 1987 1054 2038 persuadeat,
1077 1987 1146 2025 sed
1179 1986 1290 2034 illud,
1315 1993 1359 2024 ut
1392 1999 1453 2025 me
1485 1987 1709 2034 subsannet,

247 2051 359 2100 quasi
378 2050 528 2088 facinus
548 2049 585 2086 id
607 2050 657 2087 sit
675 2049 805 2100 palma
824 2049 999 2100 dignum.

300 2112 338 2149 6.
377 2111 574 2149 Praeterea
605 2123 760 2161 quoque
792 2110 966 2148 homines
1001 2110 1053 2148 ait
1085 2123 1204 2161 penes
1237 2123 1298 2148 me
1328 2110 1534 2148 convenire
1567 2110 1708 2148 multos

246 2180 362 2223 atque
394 2173 649 2217 facinorosos,
668 2172 732 2222 qui
763 2185 833 2209 sua
862 2184 949 2209 cum
981 2172 1202 2223 prodigant,
1233 2178 1312 2208 tum
1342 2171 1453 2210 bonis
1482 2171 1708 2210 insidientur

244 2248 376 2272 eorum
397 2235 463 2284 qui
492 2247 563 2271 sua
592 2234 690 2271 tueri
714 2239 752 2271 et
780 2233 886 2270 salva
912 2245 1065 2270 servare
1094 2232 1346 2270 contendant.
1403 2231 1489 2281 Ego
1517 2244 1608 2269 vero
1636 2244 1705 2270 vos

243 2295 466 2333 meminisse
486 2295 615 2339 velim,
641 2303 853 2339 senatores,
883 2293 969 2331 haec
1000 2306 1088 2330 eum
1118 2294 1332 2342 jactantem
1364 2305 1441 2329 non
1475 2304 1535 2329 me
1568 2293 1704 2343 magis,

245 2368 361 2405 quam
390 2355 558 2404 reliquos
587 2367 721 2392 omnes
753 2367 937 2392 accusare
964 2354 1029 2404 qui
1063 2353 1205 2390 artibus
1238 2353 1446 2390 manuariis
1477 2354 1704 2392 exercendis

243 2424 434 2466 quaestum
463 2415 632 2458 faciunt;
662 2428 788 2465 neque
809 2428 875 2452 eos
894 2415 1016 2465 magis
1034 2414 1099 2464 qui
1122 2427 1180 2451 me
1207 2414 1468 2464 frequentant,
1489 2426 1607 2464 quam
1635 2426 1702 2452 eos

242 2478 307 2528 qui
328 2477 502 2515 officinas
523 2476 683 2514 aliorum
710 2476 903 2527 opificum.
964 2476 1074 2513 Unus
1105 2476 1206 2512 enim
1235 2475 1395 2526 quisque
1417 2482 1582 2512 vestrum
1607 2475 1702 2512 itare

242 2539 355 2582 solet,
381 2538 477 2575 alius
507 2536 557 2574 ad
585 2537 783 2574 tabernam
812 2536 1122 2587 unguentariam,
1144 2536 1240 2573 alius
1266 2536 1315 2573 ad
1340 2535 1578 2580 tonstrinam,
1602 2535 1700 2574 alius

241 2600 291 2638 ad
312 2598 499 2637 sutrinam
514 2597 753 2643 calceariam,
770 2598 864 2635 alius
879 2610 1110 2647 quocunque
1131 2597 1286 2634 tandem
1308 2609 1385 2645 quo
1405 2596 1554 2633 animus
1574 2608 1702 2646 quem-

241 2674 315 2712 que
345 2661 431 2705 fert,
451 2659 623 2710 plerique
653 2657 703 2695 ad
731 2658 898 2709 proxime
929 2659 1055 2696 forum
1080 2657 1282 2701 habentes,
1303 2655 1524 2707 paucissimi
1553 2656 1603 2694 ad
1631 2669 1698 2695 eos

239 2724 378 2773 quibus
402 2713 482 2760 *non
510 2722 713 2772 plurimum
734 2734 757 2758 a
774 2722 857 2759 foro
886 2721 1031 2758 distant
1059 2720 1234 2766 officinae,
1255 2719 1349 2757 nulli
1377 2733 1535 2770 prorsus
1556 2720 1605 2758 ad
1621 2720 1696 2760 hos

240 2783 306 2834 qui
327 2783 550 2834 longissime
571 2783 676 2819 illinc
697 2782 885 2820 habitant.
942 2781 1054 2824 Quod
1075 2782 1107 2818 si
1125 2794 1218 2830 ergo
1238 2786 1405 2817 vestrum
1425 2780 1509 2830 quis
1530 2792 1610 2826 eos,
1631 2781 1698 2831 qui

240 2844 287 2882 ad
310 2858 370 2881 me
390 2844 635 2888 conveniunt,
651 2842 736 2880 ideo
755 2855 824 2892 pro
843 2842 1022 2894 improbis
1042 2842 1173 2887 habet,
1189 2847 1297 2891 paret
1315 2853 1403 2878 eum
1422 2840 1522 2878 idem
1543 2853 1626 2879 esse
1646 2842 1695 2879 de

240 2906 322 2943 aliis
354 2918 505 2955 quoque
533 2904 809 2954 judicaturum,
844 2904 908 2954 qui
942 2903 1044 2954 apud
1080 2901 1173 2939 alios
1209 2902 1328 2938 otium
1362 2907 1590 2939 conterunt:
1635 2901 1693 2939 sin

232 2973 363 3005 autem
381 2966 454 3004 hos
474 2978 625 3016 quoque
645 2978 714 3016 pro
735 2964 955 3002 facinorosis
973 2963 1143 3009 damnat,
1159 2969 1311 3001 constat
1329 2962 1548 3000 universum
1571 2973 1693 3013 popu-
