1822 3219
208 169 284 205 336
862 172 1029 209 LYSIAE

207 269 380 320 publicas
401 269 437 306 in
461 269 613 308 tabulas
635 271 880 316 referrentur,
901 278 939 308 et
959 272 1022 321 qui
1050 271 1298 322 magistratus
1321 285 1408 310 cum
1429 272 1667 324 Thrasybulo

207 331 434 369 maritimam
455 332 557 370 hanc
578 333 860 383 expeditionem
881 333 1065 378 obissent,
1087 341 1130 371 ut
1151 333 1187 370 hi
1210 334 1366 371 domum
1388 335 1526 372 reversi
1549 336 1664 374 ratio-

206 405 274 430 nes
292 394 390 443 gesti
412 395 579 432 muneris
599 395 818 437 redderent,
837 394 1023 443 Ergocles
1043 395 1196 432 auditus
1213 396 1666 446 sithujusmodivoculas

199 454 366 504 jactans,
386 469 453 494 vos
467 457 549 507 jam
571 469 673 494 nunc
688 457 814 493 statim
829 456 865 492 in
883 456 966 507 ipso
987 457 1244 507 expeditionis
1265 458 1439 508 ingressu
1454 459 1666 497 calumnias

205 516 370 567 incipere
391 530 532 565 serere,
555 525 803 567 vetustasque
825 515 931 567 leges
947 531 968 554 a
983 518 1056 554 situ
1075 531 1150 567 quo
1164 518 1308 555 dudum
1331 520 1492 570 sepultae
1507 520 1664 570 jaceant

205 589 354 614 rursum
376 587 590 616 extractum
611 586 726 628 atque
747 585 1002 616 restauratum
1023 579 1089 623 ire,
1112 588 1324 630 auctorque
1351 581 1476 618 factus
1493 581 1667 619 idem-sit

206 637 467 689 Thrasybulo,
482 647 522 677 ut
545 640 773 690 Byzantium
792 647 1014 690 occuparet,
1035 640 1196 678 classem
1214 654 1301 690 quae
1316 649 1442 679 vestra
1457 648 1517 680 est
1532 655 1665 680 secum

203 710 272 748 pro
293 712 362 736 sua
383 700 562 738 retineret
582 700 766 751 vobisque
784 702 1076 751 reposcentibus
1098 701 1321 752 denegaret,
1337 703 1571 754 Seuthaeque
1587 703 1666 742 filia

203 759 240 795 in
262 761 544 797 matrimonium
570 761 748 799 ducenda
768 769 920 812 portum
942 770 1054 812 atque
1075 762 1293 813 perfugium
1313 763 1381 800 sibi
1403 772 1663 814 compararet;

203 833 281 870 quo
311 827 350 858 tu
381 822 483 871 (ipsa
516 822 639 859 resero
664 822 829 860 hominis
861 824 1006 869 verba),
1033 836 1123 873 quo
1156 830 1201 860 tu
1232 836 1387 861 eorum
1420 825 1662 875 exstirpes

205 881 488 926 calumnias;
519 883 589 921 sic
619 883 740 920 enim
775 883 927 920 facies
955 884 1115 933 (inquit)
1145 891 1194 921 ut
1226 884 1324 922 illis
1347 893 1569 935 negatum
1601 886 1664 924 sit

203 942 325 980 domi
359 943 696 982 desidentibus
730 957 811 994 per
840 944 987 981 otium
1022 944 1167 995 capiti
1203 952 1281 982 tuo
1310 946 1662 997 amicorumque

199 1010 384 1041 tuorum
408 1003 606 1055 laqueos
633 1004 843 1049 tendere,
869 1004 951 1042 sed
976 1012 1025 1042 ut
1051 1006 1142 1056 ipsi
1164 1019 1362 1044 necesse
1383 1007 1591 1045 habeant
1618 1015 1662 1046 te

199 1065 526 1104 reformidare.
581 1068 675 1105 Tam
696 1067 736 1105 hi
756 1080 797 1105 se
819 1080 841 1104 a
860 1080 941 1118 rep.
962 1074 1105 1112 vestra,
1128 1068 1398 1114 Athenienses,
1415 1070 1542 1107 statim
1569 1070 1662 1109 inci-

200 1128 359 1178 piebant
380 1127 526 1166 alienos
547 1128 688 1166 ducere
710 1141 896 1178 suamque
917 1141 996 1166 rem
1017 1141 1038 1165 a
1058 1135 1185 1167 vestra
1213 1130 1427 1181 sejungere,
1451 1122 1567 1181 atque
1587 1131 1661 1181 pri·

201 1201 304 1225 mum
323 1188 434 1226 bonis
453 1189 589 1227 vestris
620 1190 831 1228 exsaturati
862 1196 974 1240 atque
1001 1189 1236 1228 suffarcinati
1264 1198 1384 1228 erant.
1442 1191 1568 1234 Quam
1587 1192 1664 1242 pri-

199 1261 305 1286 mum
334 1248 433 1287 enim
463 1249 671 1296 ditescunt,
693 1251 820 1289 statim
850 1263 1001 1301 quoque
1022 1263 1090 1288 vos
1118 1251 1246 1288 odisse
1273 1251 1476 1302 incipiunt,
1497 1264 1662 1303 seseque

198 1309 250 1347 ita
268 1318 506 1360 comparant,
523 1317 567 1348 ut
581 1318 780 1361 appareat,
797 1325 864 1349 eos
878 1312 959 1362 jam
975 1312 1080 1349 nolle
1100 1312 1208 1349 vobis
1226 1325 1370 1362 parere,
1393 1312 1462 1350 sed
1484 1312 1581 1351 velle
1597 1314 1663 1351 im-

199 1383 353 1422 perare:
386 1378 570 1422 metuque
590 1385 638 1409 ne
660 1386 726 1410 vos
747 1373 816 1410 sibi
838 1385 967 1411 rursus
996 1373 1122 1424 spolia
1147 1373 1314 1423 eripiatis
1347 1386 1435 1423 quae
1455 1374 1563 1411 vobis
1591 1375 1661 1413 de-

200 1439 412 1479 traxerunt,
430 1433 552 1484 parati
576 1440 668 1471 sunt
686 1433 772 1471 loca
790 1435 937 1471 munita
958 1446 1151 1484 occupare
1181 1441 1220 1471 et
1249 1433 1535 1472 dominationes
1564 1446 1662 1486 pau·

200 1505 332 1530 corum
365 1494 541 1531 meditari
574 1502 612 1531 et
645 1494 739 1531 nihil
768 1507 845 1532 non
876 1508 990 1546 agere
1022 1508 1100 1545 quo
1119 1507 1188 1532 vos
1215 1495 1394 1545 periculis
1425 1495 1661 1546 gravissimis

198 1554 322 1604 iisque
341 1555 466 1592 indies
487 1555 595 1592 novis
616 1556 949 1606 circumagamini:
979 1556 1035 1594 sic
1065 1557 1168 1594 enim
1187 1563 1345 1607 sperant
1364 1569 1406 1594 se
1425 1556 1498 1594 hoc
1523 1570 1661 1595 conse—

198 1623 372 1661 cuturos,
393 1623 433 1653 ut
463 1616 511 1653 ad
540 1617 687 1654 scelera
717 1630 787 1654 sua
818 1617 1043 1655 attendendi
1074 1618 1182 1655 vobis
1216 1630 1261 1654 ne
1292 1617 1342 1654 sit
1368 1618 1504 1662 otium,
1529 1618 1598 1656 sed
1619 1625 1660 1657 ut

197 1678 349 1726 quietos
372 1691 412 1716 se
434 1678 568 1715 sinatis
589 1691 689 1723 esse,
709 1678 802 1716 dum
823 1679 894 1729 ipsi
915 1679 964 1716 de
984 1679 1089 1716 vobis
1108 1685 1315 1728 vestraque
1334 1678 1487 1716 civitate
1508 1686 1658 1716 metua-

198 1739 259 1775 tis.
297 1738 487 1776 Praeclare
507 1739 680 1789 profecto
699 1740 964 1790 Thrasybulus
985 1740 1020 1776 in
1049 1752 1094 1776 eo
1115 1739 1218 1787 fecit,
1236 1739 1659 1778 Athenienses—nolo

197 1801 297 1838 enim
319 1801 428 1851 plura
449 1801 496 1838 de
522 1813 582 1845 eo,
606 1801 753 1838 tametsi
787 1808 974 1851 poteram,
995 1813 1220 1852 expromere
1234 1823 1300 1845 -—-,
1320 1800 1426 1850 quod
1453 1801 1551 1838 istoc
1570 1800 1659 1839 vitae

196 1862 302 1898 exitu
323 1869 467 1899 metum
481 1862 540 1898 sui
557 1861 664 1898 vobis
681 1860 870 1899 detraxit:
901 1874 1027 1912 neque
1048 1861 1146 1899 enim
1166 1860 1397 1912 expediebat
1409 1874 1497 1898 eum
1512 1862 1549 1898 in
1565 1860 1659 1901 vivis

196 1922 361 1972 amplius
381 1934 595 1973 superesse,
613 1922 678 1972 qui
699 1922 887 1974 ejusmodi
917 1923 1089 1961 facinora
1116 1922 1358 1960 machinatus
1391 1929 1509 1967 esset,
1529 1935 1658 1972 neque

195 1995 328 2021 rursus
349 1996 436 2021 eum
463 1984 629 2021 decebat
655 1983 798 2034 judicio
818 1990 946 2021 vestro
967 1983 1187 2034 perculsum
1216 1983 1250 2019 in
1278 1995 1430 2020 carcere
1450 1982 1657 2033 exspirare,

194 2043 259 2094 qui
275 2045 379 2082 visus
399 2044 608 2094 aliquando
629 2045 768 2082 fuisset
783 2045 883 2082 bene
903 2044 950 2082 de
970 2045 1078 2082 vobis
1095 2057 1181 2082 esse
1199 2044 1446 2094 promeritus;
1477 2055 1658 2094 prospere

195 2106 326 2156 itaque
345 2107 472 2144 evenit
491 2106 582 2156 reip.
605 2113 648 2143 ut
666 2106 740 2143 hoc
757 2106 805 2142 ab
825 2106 936 2143 hoste
954 2105 1029 2143 hoc
1049 2105 1166 2142 modo
1186 2105 1422 2142 liberaretur.
1452 2104 1656 2154 Ergoclem

194 2174 323 2206 autem
354 2181 443 2205 cum
475 2168 719 2205 consortibus
739 2166 868 2211 video,
887 2166 1100 2204 secundum
1123 2165 1218 2203 illud
1249 2165 1446 2202 decretum
1477 2164 1582 2214 quod
1615 2165 1653 2202 in

196 2228 379 2278 superiori
399 2229 585 2265 concione
611 2229 648 2265 in
671 2239 738 2264 eos
758 2228 893 2265 scitum
914 2226 1000 2272 fuit,
1019 2226 1136 2263 nullis
1151 2225 1231 2276 jam
1251 2237 1407 2275 parcere
1426 2224 1654 2274 sumptibus,

195 2288 265 2326 sed
285 2289 440 2339 spiritus
467 2302 559 2326 suos
579 2288 844 2339 largitionibus
873 2288 1113 2337 redemptum
1135 2288 1187 2324 ire
1213 2292 1252 2325 et
1281 2286 1329 2323 ab
1355 2285 1569 2323 oratoribus
1589 2298 1655 2323 ve-

196 2351 284 2388 stris
299 2358 335 2388 et
355 2351 404 2387 ab
423 2350 586 2388 inimicis
608 2358 725 2400 atque
743 2349 1032 2387 accusatoribus
1049 2348 1127 2385 suis
1144 2355 1183 2386 et
1197 2361 1218 2385 a
1238 2347 1479 2398 prytanibus‚
1497 2345 1657 2384 multos-

194 2423 271 2461 que
292 2411 583 2449 Atheniensium
604 2422 861 2461 corrumpere.
918 2410 1042 2460 Cujus
1064 2409 1199 2459 flagitii
1229 2408 1440 2459 ignominia
1457 2407 1566 2444 vobis
1587 2408 1654 2445 de-

194 2472 377 2522 pellenda
407 2479 521 2522 atque
555 2472 748 2510 abluenda
781 2479 861 2515 est;
893 2471 1058 2509 abluetis
1089 2478 1232 2514 autem,
1255 2470 1287 2506 si
1316 2469 1469 2506 meritas
1501 2469 1550 2505 ab
1579 2468 1654 2506 hoc

197 2533 361 2583 Ergocle
380 2546 515 2584 poenas
536 2534 713 2571 sumetis:
743 2540 914 2570 vestrum
936 2539 1007 2577 est,
1027 2545 1095 2569 vos
1113 2532 1160 2569 ad
1185 2531 1403 2568 universum
1435 2541 1562 2579 genus
1581 2528 1654 2566 hu-

194 2609 350 2633 manum
372 2609 549 2646 purgare,
572 2602 836 2645 testatumque
856 2595 906 2632 ad
926 2606 1062 2631 omnes
1083 2594 1210 2631 facere
1236 2592 1378 2629 nullam
1398 2602 1486 2628 esse
1505 2596 1653 2628 tautam

194 2658 268 2694 vim
290 2657 553 2708 pecuniarum,
569 2670 593 2694 a
612 2669 690 2708 qua
708 2656 755 2693 ad
778 2655 1073 2706 pervertendum
1091 2656 1156 2704 jus
1171 2661 1211 2691 et
1230 2653 1280 2691 ad
1294 2651 1546 2690 omittendam
1567 2664 1655 2690 son-

196 2720 288 2756 tium
309 2720 494 2757 ultionem
522 2717 745 2757 flectamini.
804 2717 894 2754 Non
916 2716 1100 2767 Ergocles
1126 2727 1228 2753 nunc
1248 2713 1364 2758 solus,
1385 2713 1452 2750 sed
1476 2725 1553 2750 una
1572 2718 1655 2751 tota

195 2780 340 2825 civitas,
361 2781 399 2817 id
421 2781 525 2831 quod
546 2793 614 2818 vos
634 2780 752 2832 probe
774 2785 903 2816 tenere
923 2785 1038 2827 atque
1056 2777 1276 2815 meminisse
1296 2774 1423 2819 velim,
1438 2773 1651 2825 judicatur,

195 2850 233 2880 et
253 2842 356 2879 fama
374 2842 455 2892 ejus
472 2842 520 2880 ad
540 2854 652 2879 omne
672 2847 870 2892 posterum
887 2845 1040 2889 tempus
1053 2845 1235 2876 certatur.
1284 2835 1446 2873 Facietis
1462 2833 1561 2872 enim
1577 2833 1652 2872 hoc

188 2904 335 2952 judicio
355 2904 492 2940 vestris
511 2903 798 2953 magistratibus
817 2901 974 2951 planum
996 2906 1268 2949 testatumque,
1290 2904 1416 2935 utrum
1444 2896 1568 2934 velitis
1598 2895 1651 2933 ab
