1822 3219
578 152 752 190 SUPER
781 151 1094 190 CHOREUTA.
1515 153 1562 189 67

112 263 243 290 eorum
275 251 378 291 furta
410 253 560 291 senatui
585 254 728 304 totique
753 253 898 303 populo
918 252 1212 290 Atheniensium
1243 265 1265 290 a
1287 265 1347 289 me
1374 251 1506 290 ordine
1525 258 1566 289 et

112 325 189 363 qua
207 326 276 364 par
295 320 352 351 est
371 314 529 352 veritate
549 322 664 364 atque
685 314 867 365 aequitate
892 313 1157 352 demonstrari.
1218 313 1319 350 Huic
1350 313 1478 360 itaque*
1496 326 1564 351 ne-

113 374 220 424 gotio
241 374 410 412 animum
430 375 577 413 habens
597 376 806 419 intentum,
837 372 1068 412 mandabam
1090 373 1365 419 Phanostrato,
1386 382 1429 410 ut
1447 374 1564 411 choro

112 435 391 485 suppeditaret,
423 436 570 484 siquid
599 436 632 473 ei
658 448 755 486 opus
774 442 898 480 esset3
940 435 1182 486 municipalis
1211 441 1483 471 accusatorum
1508 441 1567 472 est

112 497 407 544 Phanostratus,
428 498 606 547 idemque
627 510 732 535 meus
759 511 876 548 gener
894 510 903 540 ;
933 497 1024 534 huic
1045 496 1288 541 mandabam,
1308 502 1351 532 ut
1376 495 1494 532 choro
1517 496 1566 533 de

113 558 408 596 necessitatibus
428 558 619 602 omnibus,
640 571 754 609 quam
778 564 911 608 posset
931 556 1224 607 diligentissime
1245 563 1360 606 atque
1380 555 1566 593 liberalis-

114 619 221 665 sime,
232 619 486 670 prospiceret:
515 619 705 657 addebam
726 619 759 656 ei
781 619 908 656 adhuc
928 618 1028 655 duos
1050 618 1157 662 alios,
1180 618 1344 656 alterum
1360 616 1566 667 Amyniam

116 679 167 718 de
183 680 283 717 tribu
305 678 652 725 Erechtheidemui
670 680 775 717 fama
794 679 1022 729 integritatis
1048 678 1199 716 florenti
1216 678 1396 716 solebant
1410 678 1567 716 tribules

115 741 270 779 decreto
309 741 463 791 publico
505 747 633 791 partes
676 741 883 779 identidem
919 740 1152 778 demandare
1185 739 1325 777 choros
1358 738 1568 789 colligendi

113 801 308 848 rebusque
327 801 555 838 necessariis
581 801 814 844 instruendi;
846 801 1008 838 alterum
1037 800 1087 837 de
1116 799 1218 837 tribu
1238 799 1467 850 Cecropide,
1488 799 1567 850 qui,

114 863 266 913 quoties
297 875 370 900 usu
395 863 552 907 veniret,
580 862 669 901 item
699 863 886 912 colligere
913 862 1074 901 chorum
1106 862 1216 900 istius
1247 862 1368 899 tribus
1402 861 1566 899 soleret:

113 929 291 973 quartum
311 923 480 971 denique
509 922 715 968 addebam,
734 922 969 974 Philippum,
990 935 1079 960 cum
1106 922 1304 968 mandato,
1325 935 1569 973 quaecunque

112 983 366 1035 imperaturus
387 990 493 1022 esset
512 984 695 1034 magister
714 991 782 1022 aut
807 984 906 1026 alius
924 984 1111 1034 quispiam
1136 983 1253 1021 modo
1269 984 1568 1029 nominatorum,

114 1045 265 1083 emendi
279 1052 318 1083 et
332 1052 506 1096 sumptus
521 1045 713 1095 tantisper
728 1045 931 1096 erogandi,
946 1058 1022 1095 quo
1038 1045 1185 1082 scilicet
1198 1045 1305 1095 pueri
1320 1045 1471 1095 publice
1486 1057 1572 1095 pro-

115 1104 283 1144 ducendi
303 1118 416 1156 quam
437 1106 581 1156 optime
601 1105 846 1150 docerentur,
867 1119 1006 1156 neque,
1029 1104 1189 1156 negotiis
1211 1118 1270 1142 me
1301 1104 1394 1143 meis
1427 1105 1476 1142 ad
1497 1104 1569 1144 alia

115 1166 382 1211 avocantibus,
402 1165 480 1204 ulla
499 1178 540 1203 re
561 1167 778 1204 necessaria
797 1166 1076 1204 fraudarentur.
1133 1165 1359 1203 Defunctus
1385 1165 1434 1203 ad
1465 1165 1569 1204 hunc

116 1227 274 1264 modum
299 1226 508 1277 choregatu
529 1227 596 1263 fui.
639 1227 765 1277 Atque
789 1227 823 1264 si
847 1226 941 1276 quid
964 1227 1002 1264 in
1021 1226 1095 1263 hac
1123 1226 1367 1276 expositione
1387 1227 1570 1264 mentitus

118 1300 218 1333 sum,
237 1288 311 1325 mei
330 1288 540 1326 excusandi
561 1294 599 1325 et
618 1287 871 1326 obnubilandi
894 1288 973 1325 veri
1001 1300 1108 1338 ergo,
1137 1288 1270 1325 licebit
1298 1288 1514 1326 accusatori
1534 1288 1572 1326 in

114 1349 326 1399 posteriore
358 1349 603 1386 accusatione
634 1349 674 1386 id
703 1361 928 1399 coarguere,
954 1340 1084 1386 licebit
1112 1348 1295 1399 quicquid
1315 1349 1420 1387 volet
1438 1356 1572 1388 contra

114 1408 310 1459 disputare
325 1422 335 1453 ;
365 1422 454 1447 narn
473 1422 532 1447 res
549 1409 677 1457 utique
696 1410 750 1447 ita
764 1410 894 1454 habet,
911 1416 954 1446 ut
968 1409 1126 1460 exposui
1141 1422 1150 1453 ;
1172 1416 1211 1447 et
1222 1410 1393 1460 profecto
1406 1410 1572 1449 furiosus

115 1469 201 1515 sim,
234 1470 267 1507 si
297 1470 335 1507 in
369 1483 408 1508 re
445 1477 523 1507 tam
563 1471 716 1521 publice
753 1477 844 1508 nota
881 1477 920 1507 et
952 1470 1002 1508 ad
1032 1470 1322 1520 coarguendum
1354 1477 1432 1508 tam
1470 1472 1572 1510 facili

115 1530 266 1568 mentiri
285 1543 420 1568 coner:
451 1531 701 1569 circumstant
720 1531 794 1568 hoc
810 1531 977 1569 tribunal
997 1538 1053 1569 tot
1073 1544 1229 1569 numero
1249 1531 1574 1578 homines,t0tam

114 1603 196 1629 rem
216 1598 260 1629 ut
287 1598 398 1642 gesta
418 1599 479 1630 est
505 1592 662 1642 penitus
691 1592 891 1638 callentes,
920 1600 958 1630 et
990 1592 1190 1630 audientes
1218 1606 1277 1630 me
1297 1606 1386 1630 cum
1407 1594 1572 1631 scribam

116 1660 359 1690 sacramento
391 1653 611 1703 adigentem
645 1666 837 1704 sequerer,
870 1653 1083 1700 seduloque
1113 1653 1162 1690 ad
1193 1653 1364 1703 singulas
1398 1666 1573 1704 quasque

117 1725 224 1751 meas
243 1714 513 1764 responsiones
534 1714 793 1759 attendentes,
815 1714 954 1764 quibus
971 1713 1071 1752 hanc
1092 1713 1140 1751 de
1159 1727 1219 1751 me
1240 1727 1370 1752 creare
1390 1715 1574 1765 pervelim

116 1773 348 1824 opinionem,
368 1782 410 1812 ut
435 1774 669 1820 existiment,
695 1789 772 1813 non
794 1775 919 1812 solum
949 1775 1166 1825 religiosum
1189 1788 1247 1812 me
1273 1775 1468 1813 hominem
1488 1789 1574 1813 esse

118 1841 156 1872 et
169 1835 421 1885 jurisjurandi
436 1848 459 1872 a
479 1848 537 1872 me
553 1835 643 1873 dicti
660 1848 866 1873 memorem
885 1836 1045 1886 ejusque
1059 1835 1237 1873 servandi
1257 1836 1488 1886 studiosum,
1505 1835 1575 1873 sed

118 1895 234 1933 etiam
254 1895 327 1933 hoc
346 1908 474 1946 agere,
490 1903 533 1933 ut
550 1896 709 1946 simplici
731 1909 894 1946 veraque
915 1897 969 1934 rei
990 1903 1111 1946 gestae
1126 1896 1364 1947 expositione
1384 1897 1492 1934 vobis
1509 1898 1574 1934 ab-

117 1954 344 1993 solutionem
357 1956 430 1993 mei
444 1963 704 2006 extorqueam.
737 1957 900 1994 Planum
916 1958 1043 2004 itaque
1056 1957 1162 1994 vobis
1178 1964 1266 1995 ante
1279 1957 1406 1996 omnia
1422 1958 1575 2004 faciam,

119 2028 182 2053 me
202 2029 324 2066 neque
340 2016 547 2067 imperasse
563 2029 678 2066 puero
694 2024 735 2053 ut
748 2017 940 2066 potionem
957 2018 1118 2063 biberet,
1136 2031 1261 2067 neque
1277 2031 1364 2055 eum
1382 2009 1430 2055 ad
1447 2019 1578 2056 biben-

119 2075 213 2113 dum
234 2076 428 2126 adegisse,
452 2089 577 2127 neque
599 2078 827 2127 praebuisse,
845 2076 965 2127 quid?
994 2077 1097 2127 quod
1114 2090 1162 2114 ne
1182 2078 1402 2115 interfuisse
1420 2079 1575 2129 quidem

118 2150 208 2176 cum
223 2139 383 2176 biberet.
400 2189 407 2192 .
441 2139 557 2180 Quod
577 2152 622 2176 eo
638 2152 713 2176 non
727 2138 827 2184 dico,
843 2139 917 2176 ista
934 2152 1023 2176 cum
1044 2139 1307 2185 contentione,
1321 2153 1399 2190 quo
1419 2140 1573 2191 culpam

119 2211 142 2236 a
168 2198 263 2237 meis
280 2198 496 2236 'cervicibus
523 2200 558 2236 in
589 2199 733 2237 alienas
760 2201 1016 2238 transferam:
1048 2213 1128 2237 non
1157 2201 1351 2251 profecto:
1383 2201 1575 2239 neminem

118 2259 218 2297 enim
238 2259 385 2304 incuso,
403 2268 656 2310 praeterquam
675 2261 813 2298 fortem
835 2261 1042 2306 fortunam,
1063 2274 1149 2311 quae
1170 2262 1252 2299 aliis
1272 2275 1425 2312 quoque
1446 2263 1575 2301 multis

119 2319 335 2357 hominibus
356 2333 487 2357 necem
509 2321 730 2366 consciscit,
750 2334 866 2371 quam
885 2321 1052 2359 fataliter
1071 2322 1209 2371 cuique
1226 2322 1437 2369 decretam,
1451 2337 1576 2374 neque

120 2393 193 2432 ego
212 2394 385 2432 possum,
405 2394 529 2431 neque
545 2383 640 2420 alius
655 2383 870 2433 quisquam,
888 2390 1073 2429 avertere,
1086 2383 1291 2433 quominus
1312 2383 1390 2434 legi
1410 2385 1576 2423 satorum

103 2450 309 2494 pareatur.

744 2551 955 2589 TESTES.

115 2646 122 2649 ”
169 2639 209 2673 4.
238 2637 476 2675 Confirmata
497 2649 563 2675 ore
583 2637 737 2674 testium
760 2638 921 2676 audistis
942 2651 1001 2683 ea,
1020 2652 1107 2688 quae
1127 2638 1235 2675 vobis
1255 2638 1328 2675 hac
1349 2638 1397 2675 de
1420 2651 1458 2676 re
1483 2652 1575 2678 con-

99 2714 104 2717 ·
122 2697 309 2736 firmanda
327 2712 564 2749 receperam.
604 2699 693 2736 Jam
708 2699 837 2736 licebit
851 2699 958 2737 vobis
974 2713 1020 2737 ex
1040 2700 1121 2749 ipsa
1142 2699 1578 2751 formulajurisjurandi,

125 2771 148 2796 a
169 2766 342 2797 nostrum
368 2773 600 2810 unoquoque
621 2760 725 2804 dicti,
749 2761 945 2810 colligere,
966 2762 1039 2798 utri
1060 2761 1206 2797 veriora
1226 2768 1264 2798 et
1284 2774 1371 2799 cum
1392 2762 1577 2813 religione

124 2820 346 2857 sacramenti
360 2821 673 2858 convenientiora
688 2834 766 2871 prae
783 2835 824 2858 se
840 2821 978 2867 ferant,
993 2834 1131 2871 egone,
1151 2834 1197 2858 an
1212 2821 1278 2858 illi.
1335 2822 1460 2860 Jurati
1473 2825 1575 2862 enim

122 2879 161 2917 hi
181 2888 445 2918 asseverarunt
465 2881 675 2920 Diodotum
696 2895 718 2919 a
747 2895 807 2920 me
836 2888 1014 2920 necatum
1045 2894 1130 2919 esse
1160 2895 1321 2932 eamque
1350 2896 1484 2922 necem
1516 2898 1577 2923 me
