1822 3219
283 166 359 201 256
919 167 1092 204 LYSlAE

269 263 514 301 confiderent
533 276 653 314 remp.
675 265 779 302 haud
804 277 887 302 esse
908 266 1127 315 perituram,
1148 264 1215 300 sed
1242 263 1388 301 salvam
1417 270 1533 313 atque
1562 264 1726 315 amplam
1776 268 1780 271 “

275 326 440 363 futuram
462 335 501 363 et
520 327 743 377 injuriarum
764 329 834 366 sibi
854 329 1067 365 oblatarum
1087 339 1223 377 poenas
1245 340 1269 364 a
1296 326 1519 365 facinorosis
1535 328 1727 378 'repetitu-

276 398 377 423 ram:
409 386 631 425 Alcibiades
652 396 779 426 autem
804 402 898 426 unus
919 401 1033 425 ausus
1050 395 1109 425 est
1125 388 1162 424 in
1176 401 1317 437 equum
1338 388 1589 433 adscendere,
1603 402 1727 439 neque

274 446 394 496 plebis
422 455 554 485 vestrae
590 449 784 486 studiosus
812 460 933 497 neque
962 461 1065 485 nunc
1091 455 1224 485 tenens
1249 456 1348 485 artes
1372 448 1563 497 equestris
1583 448 1726 485 militiae

264 519 398 555 ,neque
418 506 455 544 in
475 520 591 545 censu
612 522 634 545 a
654 509 759 545 vobis
787 509 984 558 probatus,
1003 509 1160 558 perinde
1181 521 1225 545 ac
1251 508 1280 545 si
1307 508 1472 546 caritura
1496 516 1600 546 esset
1624 521 1726 558 resp.

270 566 453 604 facultate
484 567 712 617 proterviam
742 567 779 604 in
807 568 897 618 jura
927 581 997 604 sua
1030 575 1270 618 grassantem
1301 567 1528 617 castigandi.
1584 567 1725 605 Verum

273 634 424 676 oportet
450 628 681 673 meminisse,
713 628 744 664 si
772 628 994 678 patiendum
1024 629 1130 665 vobis
1162 629 1212 665 sit
1242 641 1487 677 quaecunque
1515 627 1730 666 allubescat

269 699 462 736 quemque
482 701 608 737 agere,
630 688 825 725 incassum
845 689 949 738 leges
976 701 1060 726 esse
1086 687 1196 733 latas,
1216 689 1410 726 incassum
1431 700 1498 726 vos
1526 689 1564 725 in
1589 688 1726 732 curias,

269 749 308 785 in
328 749 570 792 concionem,
592 749 630 785 in
650 749 852 787 tribunalia
869 742 985 795 coire’,
1007 749 1201 787 incassum
1218 749 1359 787 militiae
1376 749 1579 799 magistros
1595 748 1724 799 deligi.

273 809 317 845 In
338 809 609 859 primajussus
630 810 711 847 acie
732 817 846 855 stare,
862 810 1027 860 judices,
1045 811 1080 847 si
1106 810 1188 860 quis
1213 810 1390 847 hostibus
1418 810 1592 848 cominus
1615 821 1726 847 acce-

270 868 452 906 dentibus
474 869 605 907 illinc'
598 882 634 906 m
655 870 867 907 secundam
888 871 1009 908 aciem
1036 883 1078 908 se
1104 870 1345 915 subduxerit,
1367 871 1448 907 sine
1467 869 1727 908 controversia

272 943 384 967 nemo
409 937 483 975 est,
502 932 592 980 quin
619 944 705 968 eum
733 932 894 982 ignaviae
921 939 1034 980 atque
1056 932 1205 982 pavoris
1232 932 1415 980 damnet.
1446 932 1503 969 sin
1533 940 1660 968 autem
1687 932 1724 968 in

268 990 428 1028 scutatis
449 991 636 1028 militare
622 1004 770 1038 Jussus,
791 992 917 1029 subito
936 992 1034 1029 inter
1050 992 1198 1042 equites
1217 983 1440 1028 mirantibus
1461 991 1637 1028 omnibus
1652 991 1725 1028 cir-

271 1053 505 1099 cumvolitet‚
526 1053 638 1090 mirer
655 1053 848 1103 equidem,
869 1054 899 1091 si
919 1055 1005 1103 quis
1026 1067 1112 1091 eum
1134 1054 1244 1091 venia
1261 1054 1392 1092 donet.

323 1114 362 1148 4.
393 1111 476 1162 Ego
497 1125 584 1150 vero
606 1125 672 1150 vos
684 1116 749 1160 jus
769 1114 907 1159 dicere,
921 1113 1090 1164 judices,
1105 1120 1279 1159 autumo,
1300 1126 1376 1152 non
1397 1112 1566 1164 ipsorum
1582 1114 1724 1152 solum-

270 1172 385 1210 modo
406 1172 471 1223 qui
497 1172 708 1210 identidem
736 1180 825 1211 sunt
846 1185 998 1211 reorum
1018 1187 1150 1220 causa,
1173 1174 1242 1212 sed
1261 1187 1339 1225 quo
1359 1174 1454 1212 alios
1471 1186 1626 1226 quoque
1646 1174 1724 1212 dis-

268 1233 421 1284 ciplinae
441 1232 726 1284 contemptores
744 1234 947 1272 severitate
963 1242 1100 1272 vestrae
1120 1234 1458 1273 animadversionis
1478 1248 1501 1272 a
1519 1234 1724 1272 sceleribus

268 1295 510 1332 absterreatis
537 1303 652 1345 atque
678 1309 810 1346 sapere
839 1296 1024 1334 doceatis.
1082 1296 1198 1338 Quod
1225 1297 1255 1333 si
1283 1310 1374 1347 ergo
1405 1297 1508 1334 solos
1536 1295 1723 1347 ignobiles

268 1354 447 1404 puniatis,
469 1368 582 1392 nemo
610 1355 838 1405 reliquorum
867 1356 1035 1393 omnium
1062 1358 1298 1407 corrigatur3
1330 1369 1446 1406 quum
1475 1369 1587 1394 nemo
1611 1357 1724 1395 facile

269 1428 356 1452 eum
388 1415 499 1459 norit,
533 1415 564 1452 si
596 1428 708 1465 quem
743 1427 809 1452 vos
838 1423 965 1453 vestra
994 1417 1185 1453 sententia
1208 1417 1467 1467 perculeritis:
1508 1417 1565 1467 sin
1595 1424 1722 1455 autem

269 1475 524 1513 nobilissimos
543 1488 717 1525 quosque
737 1477 920 1526 puniatis,
936 1489 1049 1514 nemo
1063 1478 1134 1515 erit
1151 1478 1201 1515 ad
1220 1491 1334 1526 quem
1350 1478 1514 1528 exem-pli
1530 1479 1631 1516 fama
1646 1491 1723 1516 non

268 1543 488 1586 permanet;
519 1549 596 1586 quo
615 1536 683 1574 fiet
704 1543 745 1574 ut
766 1536 838 1574 hoc
856 1537 1030 1587 exemplo
1050 1537 1154 1575 docti
1172 1538 1275 1576 cives
1293 1550 1428 1589 sapere
1443 1538 1724 1588 diligentiorem

266 1611 421 1649 operam
455 1592 582 1635 virtuti
612 1598 705 1636 dent
736 1599 997 1648 postmodum.
1056 1600 1100 1637 ln
1133 1600 1234 1637 hunc
1265 1606 1393 1637 autem
1421 1599 1671 1638 Alcibiadem*
1691 1601 1722 1638 si

265 1666 379 1708 prout
405 1671 472 1696 vos
497 1658 613 1696 decet
639 1659 999 1706 animadverteritis,
1019 1673 1097 1697 non
1118 1660 1168 1697 ad
1193 1660 1295 1697 urbis
1314 1660 1462 1697 incolas
1481 1661 1723 1698 solummodo

266 1726 404 1756 vestrae
417 1719 632 1756 severitatis
648 1719 731 1756 laus
747 1722 1047 1770 percrebrescet,
1060 1721 1129 1758 sed
1144 1721 1267 1758 socios
1282 1733 1433 1771 quoque
1443 1729 1589 1758 vestros
1604 1722 1725 1771 ipsos·

266 1792 341 1830 que
360 1779 457 1817 adeo
476 1779 608 1817 hostes
627 1780 675 1817 ad
698 1781 880 1831 majorem
902 1781 1119 1831 reipublicae
1139 1781 1355 1819 habendam
1382 1782 1631 1819 reverentiam
1655 1795 1721 1820 ex-

267 1841 410 1886 citabit,
429 1854 517 1878 cum
538 1841 736 1887 videbunt,
753 1842 936 1880 adversus
955 1843 1029 1880 hoc
1048 1843 1230 1891 imprimis
1246 1843 1478 1893 flagitiorum
1495 1855 1628 1893 genus,
1644 1855 1722 1893 quo

267 1901 488 1939 Alcibiades
508 1915 548 1939 se
569 1902 767 1952 obligavit,
782 1916 852 1940 vos
872 1904 1138 1950 exardescere,
1152 1904 1380 1953 veniamque
1398 1917 1552 1955 prorsus
1568 1916 1721 1941 omnem

266 1961 311 1999 iis
343 1963 534 2013 denegare
569 1963 600 2001 si
632 1964 698 2013 qui
731 1964 904 2001 ordinem
943 1964 1156 2016 disciplinae
1190 1965 1362 2003 militaris
1395 1964 1720 2003 conturbaverint.

268 2022 553 2069 Recordamini,
583 2037 728 2074 quaeso,
755 2025 921 2075 judices,
954 2033 1142 2072 nostrum,
1179 2033 1368 2076 quotquot
1401 2026 1454 2062 illi
1488 2025 1721 2075 expeditioni

266 2083 524 2128 interfuimus,
557 2097 735 2134 magnam
769 2085 884 2123 fuisse
917 2093 1079 2135 partem,
1113 2086 1208 2123 alios
1237 2086 1437 2130 invalidos,
1468 2086 1560 2123 alios
1595 2098 1720 2123 rerum

262 2146 569 2182 ¹necessariarum
605 2152 764 2194 egentes
786 2158 795 2182 ε
839 2146 1092 2184 libentissime
1130 2147 1363 2183 mansissent
1399 2147 1452 2183 illi
1491 2146 1645 2195 quidem
1681 2146 1720 2182 in

267 2207 419 2256 oppidis
441 2214 554 2256 atque
574 2219 736 2256 corpora
755 2215 1009 2252 recreassent,
1029 2208 1065 2244 vi
1086 2220 1175 2244 vero
1192 2207 1349 2245 domum
1372 2208 1512 2244 reversi
1538 2207 1720 2257 privatam

263 2266 410 2316 quique
439 2279 548 2303 suam
578 2280 657 2304 rem
683 2266 921 2304 refecissent.
980 2268 1121 2303 Verum
1150 2279 1227 2303 non
1255 2267 1409 2303 licebat.
1464 2266 1525 2303 —llli
1552 2267 1721 2316 quidem,

268 2325 440 2371 invalidi,
467 2326 564 2362 inter
592 2326 687 2362 levis
716 2335 921 2363 armaturae
948 2327 1086 2363 milites
1114 2329 1245 2363 munia
1270 2326 1379 2377 fungi
1408 2327 1655 2375 jubebantur,
1682 2326 1721 2364 hi

268 2398 371 2430 vero,
390 2385 666 2422 commeatibus
687 2385 875 2430 destituti,
897 2387 934 2423 in
961 2386 1130 2436 equitatu
1161 2385 1381 2423 discrimina
1409 2386 1652 2424 belliadire:
1683 2393 1722 2423 et

269 2447 515 2484 nihilominus
547 2455 676 2484 tamen
709 2455 790 2485 erat
817 2448 986 2485 omnium
1021 2459 1147 2491 nemo,
1179 2447 1258 2497 qui,
1285 2460 1401 2497 quam
1433 2448 1588 2485 sortitus
1619 2454 1721 2484 esset

270 2507 489 2553 stationem,
507 2521 591 2544 eam
612 2508 788 2546 deserere
810 2508 981 2553 auderet,
1001 2516 1068 2545 aut
1086 2508 1345 2558 sibijucunda
1363 2508 1498 2546 edicti-s
1517 2509 1719 2557 imperato-

271 2580 353 2604 rum
383 2569 584 2618 praeferre;
620 2569 741 2605 multo
772 2569 871 2606 enim
902 2570 1025 2618 magis
1054 2569 1163 2619 patrii
1191 2569 1288 2618 juris
1321 2569 1575 2612 acerbitatem,
1604 2579 1720 2616 quam

272 2628 439 2665 hostium
471 2641 575 2666 arma
607 2629 927 2666 reformidabatis.
985 2630 1133 2666 Horum
1167 2641 1352 2666 memores
1385 2635 1534 2679 oportet
1567 2640 1634 2664 vos
1673 2639 1720 2664 ea

271 2702 385 2737 quarn
405 2702 506 2726 nunc
528 2689 655 2726 feretis
672 2689 863 2726 sententia
883 2696 1067 2726 testatum
1088 2689 1136 2726 ad
1157 2702 1286 2726 omnes
1305 2689 1442 2733 facere,
1463 2688 1494 2724 si
1513 2688 1577 2737 qui
1597 2686 1718 2724 Athe-

272 2750 459 2786 niensium
483 2750 582 2816 jussi
613 2750 786 2787 hostibus
812 2762 1010 2787 occurrere
1031 2751 1259 2794 detrectent,
1278 2762 1344 2787 eos
1365 2750 1491 2786 facere
1510 2760 1586 2786 non
1606 2759 1718 2819 posse

272 2821 349 2858 quo
367 2810 490 2845 minus
510 2810 547 2846 in
569 2818 704 2847 vestrae
726 2810 932 2848 severitatis
955 2808 1073 2847 aciem
1094 2811 1300 2847 incurrant.
1656 2823 1657 2826 ’

328 2871 364 2905 5.
396 2869 537 2906 Verum
558 2871 657 2907 enim
679 2883 783 2914 vero,
812 2870 956 2920 dejure
977 2870 1127 2920 quidem
1149 2870 1328 2907 militari
1322 2883 1478 2921 ipsaque
1500 2870 1547 2908 de
1563 2881 1605 2907 re
1627 2868 1720 2907 nihil
