1822 3219
573 417 1019 473 ANDOCIDIS

395 574 516 623 DE
585 568 1207 622 MYSTERIIS

671 704 930 743 ORATIO.

135 887 169 922 1.
199 884 484 923 INIMICORUM
510 882 638 935 copias
666 882 915 934 ardoremque
943 893 1174 933 quocunque
1202 877 1318 917 modo
1346 876 1436 915 mihi
1460 887 1526 927 per

78 946 211 998 fasque
230 946 417 998 nefasque
435 945 617 991 nocendi,
636 958 712 997 quo
730 957 804 992 me,
820 958 843 984 a
860 943 1045 996 principio
1064 942 1169 990 inde,
1185 948 1228 979 ut
1247 941 1406 992 primum
1427 938 1528 976 hanc

79 1009 118 1047 in
131 1011 262 1048 urbem
276 1010 383 1057 redii,
398 1009 653 1061 exagitarunt,
665 1021 734 1047 vos
748 1020 858 1059 paene
873 1020 1019 1053 omnes,
1031 1006 1114 1052 viri,
1129 1003 1290 1044 arbitror
1303 1001 1528 1051 intelligere,

80 1077 124 1109 ut
142 1084 300 1110 necesse
317 1084 394 1110 non
414 1072 463 1109 sit
480 1071 553 1109 hac
576 1070 625 1108 de
651 1083 691 1108 re
716 1069 826 1121 plura
845 1069 963 1106 verba
990 1068 1131 1106 facere.
1188 1066 1272 1116 Ego
1291 1077 1359 1102 vos
1385 1062 1529 1114 potius,

80 1131 161 1178 yiri‚
179 1133 323 1183 rogabo
339 1145 417 1170 rem
432 1138 471 1170 et
487 1144 638 1182 aequam
660 1137 698 1169 et
714 1143 830 1182 quam
849 1129 940 1167 mihi
959 1128 1160 1179 indulgere
1174 1127 1286 1165 facile
1300 1125 1409 1163 vobis
1423 1124 1473 1161 sit
1491 1129 1531 1160 et

81 1206 157 1244 qua
172 1206 233 1232 me
248 1194 359 1245 potiri
378 1206 464 1231 mea
478 1193 650 1244 inprimis
671 1192 808 1230 refert:
836 1193 999 1242 primum
1015 1203 1151 1241 nempe
1170 1189 1258 1235 hoc,
1273 1194 1316 1225 ut
1329 1187 1530 1224 vobiscum

81 1255 277 1305 reputetis,
289 1267 349 1292 me
363 1267 467 1291 nunc
480 1254 557 1291 huc
571 1261 707 1304 sponte
720 1265 805 1290 mea
813 1252 979 1297 venisse,
992 1251 1097 1288 nulla
1108 1257 1284 1288 coactum
1300 1247 1531 1286 necessitate

80 1316 179 1354 inter
197 1328 264 1353 vos
283 1315 475 1361 versandi,
494 1326 621 1364 neque
651 1314 754 1351 enim
772 1312 890 1351 vades
921 1312 1195 1350 constitueram
1227 1322 1353 1360 neque
1371 1307 1532 1346 vinculis

80 1375 393 1427 constringebar;
424 1375 494 1413 sed
511 1375 653 1413 fiducia
672 1375 866 1426 praecipue
883 1373 1035 1425 quidem
1055 1372 1133 1410 veri
1152 1378 1191 1409 et
1209 1371 1321 1422 aequi,
1341 1379 1422 1407 tum
1441 1381 1531 1407 vero

81 1437 197 1476 vestri
215 1450 379 1488 quoque,
398 1437 463 1487 qui
481 1436 571 1474 mihi
589 1435 812 1474 videremini
833 1435 880 1473 de
901 1447 962 1472 me
975 1434 1081 1486 justa
1105 1440 1145 1471 et
1170 1445 1283 1483 aequa
1307 1431 1532 1483 pronuntia-
1562 1423 1568 1431 i

82 1499 153 1537 turi
179 1511 302 1550 neque
330 1497 480 1549 passuri
508 1498 554 1536 ab
580 1497 742 1535 inimicis
767 1510 826 1535 me
852 1497 946 1534 meis
973 1494 1149 1546 opprimi,
1170 1493 1238 1531 sed
1259 1493 1399 1544 potius,
1419 1498 1534 1543 prout

81 1559 140 1598 fas
159 1566 234 1606 est,
254 1559 293 1597 in
312 1559 406 1597 vivis
426 1572 487 1597 me
511 1558 701 1609 salvisque
726 1558 1002 1602 conservaturi,
1024 1556 1237 1607 vestrisque
1267 1555 1416 1605 legibus
1441 1567 1534 1592 con—

82 1621 278 1659 venienter
296 1626 334 1658 et
344 1620 588 1672 jurijurando
617 1620 727 1671 cujus
758 1632 780 1658 a
803 1620 908 1657 vobis
930 1618 1022 1657 dicti
1052 1617 1281 1656 auctoritate
1303 1615 1535 1654 sententiam

81 1682 224 1721 feretis.
256 1682 397 1720 Merito
412 1682 529 1727 enim,
546 1681 627 1729 viri,
643 1682 692 1720 de
706 1681 780 1728 his,
796 1682 860 1732 qui
876 1681 977 1719 ultro
994 1692 1080 1718 sese
1099 1680 1137 1717 in
1157 1677 1376 1716 discrimina
1394 1676 1534 1715 demit-

83 1750 182 1791 tunt,
200 1756 270 1782 vos
289 1757 442 1794 quoque
461 1743 563 1782 idem
581 1744 785 1790 censeatis,
797 1743 902 1795 quod
920 1742 991 1794 ipsi
1006 1742 1053 1780 de
1068 1748 1190 1780 semet
1207 1747 1382 1779 censent.
1440 1739 1535 1783 Qui-

82 1819 233 1856 cunque
246 1807 395 1844 enimin
410 1807 501 1844 urbe
513 1819 668 1844 manere
679 1806 872 1856 vestrique
886 1812 1026 1843 sortem
1034 1803 1169 1856 judicii
1183 1808 1406 1854 exspectare
1421 1808 1534 1852 atque

86 1867 274 1906 sustinere
287 1867 373 1905 ideo
388 1867 608 1914 noluerunt,
622 1867 711 1919 quia
723 1867 794 1918 ipsi
808 1880 891 1905 sese
905 1880 975 1905 sua
988 1865 1178 1904 sententia
1194 1864 1360 1903 criminis
1375 1862 1533 1901 admissi

87 1928 421 1974 condemnassent,
441 1937 544 1966 recte
564 1941 632 1966 vos
654 1929 703 1966 de
720 1928 780 1966 his
806 1928 941 1966 eadem
969 1928 1154 1972 sciscatis,
1174 1940 1261 1977 quae
1281 1925 1353 1976 ipsi
1374 1925 1422 1962 de
1451 1937 1534 1963 sese

86 1990 302 2027 sciverunt:
332 1997 465 2027 contra
480 2003 584 2034 vero,
600 1990 816 2040 quicunque
836 1997 1056 2027 manserunt
1073 1988 1214 2026 fiducia
1233 2000 1314 2025 suae
1334 1986 1535 2024 conscien-

86 2051 161 2096 tiae,
183 2050 288 2101 quod
307 2050 449 2087 nullius
469 2051 540 2088 sibi
561 2051 638 2088 sint
655 2051 809 2088 sceleris
828 2051 986 2096 conscii,
1008 2051 1119 2088 decet
1139 2062 1205 2087 vos
1234 2049 1281 2085 de
1309 2047 1368 2085 his
1399 2048 1534 2085 eadem

84 2118 268 2158 statuere,
284 2124 370 2162 quae
388 2111 458 2161 ipsi
478 2111 526 2149 de
546 2125 628 2150 sese
649 2118 837 2158 statuunt,
853 2125 977 2162 neque
993 2125 1058 2149 eos
1079 2110 1421 2162 procondemnare,
1436 2121 1534 2159 quos

87 2186 157 2211 sua
182 2186 258 2211 non
288 2172 520 2211 condemnat
547 2173 793 2211 conscientia.
852 2173 1051 2224 Exemplo,
1071 2185 1157 2223 quae
1187 2171 1302 2208 modo
1328 2169 1535 2220 disputavi,

85 2235 333 2281 confirmabo,
349 2241 400 2280 et,
415 2247 463 2272 ne
482 2234 597 2285 longe
618 2235 765 2279 abeam,
786 2247 891 2273 meo:
923 2235 1032 2272 multi
1053 2234 1142 2272 mihi
1163 2233 1388 2276 retulerunt,
1410 2232 1534 2269 inimi-

85 2309 152 2334 cos
173 2308 279 2334 meos
297 2295 380 2333 haec
395 2297 493 2333 inter
512 2309 552 2334 se
565 2299 726 2346 jactare,
741 2308 802 2334 me
819 2309 895 2333 non
911 2296 1030 2333 videri
1050 2296 1087 2332 in
1108 2295 1200 2333 urbe
1220 2307 1454 2338 mansurum,
1467 2294 1537 2332 sed

86 2358 181 2408 fuga
211 2357 371 2395 salutem
404 2358 666 2407 quaesiturum,
685 2380 738 2386 ———
757 2357 926 2409 ecquid
963 2357 1084 2396 enim
1120 2355 1400 2394 Andocides
1432 2367 1538 2406 quo-

85 2432 176 2470 que
206 2426 437 2470 spectans
465 2419 536 2467 (ita
556 2420 677 2466 aiunt)
696 2427 938 2457 certamen
972 2419 1102 2456 adire
1135 2424 1317 2456 tantum
1348 2416 1537 2458 audeat,

87 2481 161 2518 cui
194 2480 343 2518 liceat
372 2479 483 2517 hinc
513 2480 730 2530 digresso
759 2483 869 2519 vitae
899 2480 1128 2531 praesidia
1160 2478 1539 2517 commoditates-

89 2554 175 2592 que
204 2553 364 2578 omnes
395 2539 595 2578 habere?
629 2542 703 2578 cui
734 2542 776 2579 in
808 2542 962 2592 Cypro
989 2541 1063 2587 sit,
1084 2541 1201 2578 illuc
1232 2540 1268 2578 si
1293 2540 1428 2590 juvet
1456 2552 1537 2589 per

88 2614 211 2640 mare
240 2602 548 2647 contendere,
580 2603 700 2640 unde
731 2603 868 2641 modo
897 2603 1039 2646 venit,
1074 2616 1184 2653 ager
1215 2610 1259 2639 et
1289 2600 1536 2651 spatiosus

92 2668 136 2699 et
180 2663 359 2701 fertilis
399 2670 444 2701 et
481 2664 694 2714 gratuito
741 2664 913 2702 datus?
983 2663 1137 2714 Caput
1183 2663 1264 2699 ille
1311 2661 1536 2711 profecto

92 2724 308 2773 periculo
340 2725 474 2763 nolet
505 2725 736 2776 objicere,
794 2725 981 2776 Ecquid
1016 2726 1136 2762 euim
1170 2722 1392 2773 spectet?
1447 2735 1536 2772 quo

91 2783 234 2820 fidat?
269 2797 418 2823 annon
449 2787 693 2825 civitatem
723 2787 862 2833 videt,
892 2800 982 2837 quo
1018 2788 1078 2824 sit
1109 2784 1291 2822 animo?
1334 2784 1418 2834 Ego
1434 2797 1536 2829 vero,

90 2844 173 2889 viri,
198 2844 356 2882 multum
384 2847 431 2884 ab
456 2848 515 2885 his
547 2848 747 2886 dissentio.
805 2848 950 2885 Civitas
986 2848 1085 2884 enim
1117 2847 1200 2884 haec
1229 2846 1378 2884 etiamsi
1413 2845 1465 2883 sic
1497 2858 1537 2882 se

90 2905 247 2944 haberet
267 2913 382 2956 atque
399 2908 436 2944 hi
458 2909 576 2956 aiunt,
593 2910 760 2948 oblatam
781 2918 907 2947 tamen
930 2921 1003 2958 ego
1023 2907 1199 2956 equidem
1221 2905 1399 2958 amplecti
1419 2904 1535 2943 nolim
