1822 3219
816 429 860 481 L
889 431 933 482 Y
961 432 996 482 S
1019 430 1039 482 l
1066 430 1134 484 AE

569 560 881 609 CONTRA
930 562 1367 611 AGORATUM

850 684 1098 727 ORATIO.

303 861 335 897 l.
367 859 466 898 CUM
487 859 597 897 vobis
616 861 798 898 convenit
819 860 1018 905 universis,
1033 861 1198 912 judices,
1219 875 1352 900 necem
1371 861 1502 900 ulcisci
1521 860 1704 907 virorum,

243 923 307 972 qui
346 930 560 960 extremum
594 922 822 973 supplicium
863 923 950 961 ideo
984 923 1198 961 tolerarunt
1228 924 1331 974 quod
1366 925 1532 962 libertati
1564 931 1705 961 vestrae

244 983 369 1034 plebis
389 984 602 1029 studerent,
631 991 709 1021 tum
737 984 827 1021 mihi
848 985 1028 1022 convenit
1047 993 1136 1023 ante
1167 985 1274 1030 alios,
1301 985 1365 1035 qui
1386 985 1703 1037 Dionysodorum

243 1054 281 1083 et
302 1045 488 1083 affinitate
504 1051 543 1082 et
561 1046 748 1096 sanguine
765 1045 976 1095 attingam:
1008 1045 1144 1083 habuit
1158 1046 1258 1083 enim
1276 1058 1444 1083 sororem
1461 1058 1585 1082 meam
1602 1046 1706 1082 domi

242 1106 281 1144 in
313 1107 572 1152 matrimonio,
602 1107 782 1157 idemque
812 1106 903 1144 mihi
933 1107 1006 1144 fuit
1035 1107 1305 1145 consobrinus.
1362 1106 1548 1143 Simultas
1576 1105 1708 1156 itaque

244 1167 333 1206 mihi
355 1182 442 1206 cum
460 1168 536 1206 hoc
556 1169 729 1219 Agorato
760 1168 964 1206 intercedit
981 1168 1132 1214 eadem,
1152 1181 1239 1219 quae
1264 1167 1365 1218 plebi
1385 1173 1525 1205 vestrae
1554 1179 1600 1204 eo
1618 1179 1709 1204 cum

244 1230 412 1276 homine,
447 1243 492 1268 ea
521 1231 587 1281 qui
615 1230 792 1283 patravit,
824 1231 873 1268 ob
902 1244 990 1281 quae
1025 1238 1065 1268 et
1095 1244 1170 1281 ego
1203 1243 1305 1268 nunc
1333 1244 1421 1268 eum
1451 1229 1542 1268 odio
1576 1229 1710 1268 merito

244 1305 472 1343 prosequor,
503 1301 542 1330 et
560 1306 627 1330 vos
648 1299 752 1330 recte
772 1292 934 1336 facietis,
961 1292 992 1329 si
1022 1292 1212 1343 puniatis;
1245 1292 1283 1329 id
1317 1291 1420 1342 quod
1442 1291 1615 1342 propitiis
1637 1290 1710 1329 diis

244 1361 284 1391 et
301 1356 408 1392 vobis
429 1355 732 1393 secundantibus
751 1367 811 1392 rne
842 1367 955 1405 spero
975 1362 1287 1391 consecuturum.
1346 1357 1547 1404 Agoratus
1573 1366 1711 1405 nempe

247 1414 577 1466 Dionysodorum,
598 1416 663 1467 qui
683 1429 779 1453 meae
797 1416 933 1452 sororis
955 1416 1114 1452 maritus
1134 1416 1218 1460 fuit,
1240 1415 1413 1465 aliosque
1430 1414 1573 1452 multos
1593 1415 1712 1453 fortes

246 1486 286 1517 et
296 1480 474 1530 egregios
490 1480 776 1529 viros‚quorum
787 1479 949 1516 audietis
964 1479 1357 1526 nomina‚vestraeque
1368 1477 1491 1529 plebis
1502 1477 1714 1523 studiosos,

245 1541 416 1586 sustulit,
437 1554 503 1579 eos
530 1541 578 1578 ad
598 1541 872 1592 Trigintaviros
904 1548 984 1578 tum
1013 1547 1190 1591 potentes
1211 1540 1436 1578 deferendo.
1492 1540 1581 1584 Quo
1610 1538 1714 1577 facto

245 1609 285 1641 et
305 1616 362 1640 me
382 1603 556 1654 privatim
578 1602 886 1653 reliquorumque
911 1601 1213 1640 necessariorum
1235 1614 1547 1652 unumquemque
1564 1600 1716 1652 magnis

247 1664 374 1704 affecit
400 1666 576 1709 damnis3
608 1674 646 1704 et
674 1666 827 1717 publice
856 1665 1074 1703 universam
1095 1665 1289 1702 civitatem
1317 1664 1420 1702 haud
1450 1678 1600 1716 parum,
1628 1678 1716 1703 mea

247 1728 402 1778 quidem
437 1727 643 1772 sententia,
682 1727 779 1765 laesit
811 1727 898 1764 viris
936 1740 1021 1765 eum
1055 1733 1132 1765 tam
1165 1727 1434 1777 praestantibus
1473 1726 1714 1765 mulctando.

249 1791 403 1829 Censeo
419 1791 562 1842 itaque,
578 1791 746 1842 judices,
767 1798 804 1828 et
825 1804 974 1841 aequum
991 1797 1028 1828 et
1045 1798 1221 1829 sanctum
1241 1803 1328 1828 esse
1345 1790 1514 1841 mihique
1530 1790 1715 1841 vobisque

247 1854 438 1899 omnibus,
454 1862 496 1892 ut
509 1854 604 1891 tanti
619 1854 773 1892 sceleris
790 1863 984 1891 auctorem
999 1867 1068 1904 pro
1085 1853 1180 1891 virili
1193 1853 1357 1904 quisque
1373 1866 1443 1891 sua
1458 1852 1712 1899 ulciscamur;

248 1915 496 1966 confidoque,
526 1915 560 1953 id
582 1915 612 1952 si
633 1915 848 1959 fecerimus,
877 1923 916 1954 et
943 1929 965 1954 a
984 1916 1056 1953 diis
1085 1923 1123 1953 et
1142 1916 1191 1953 ab
1221 1915 1441 1954 horninibus
1460 1915 1607 1953 nullum
1634 1927 1713 1952 non

250 1990 374 2028 genus
404 1979 590 2015 bonorum
622 1977 670 2014 ad
702 1989 773 2014 nos
797 1991 883 2015 esse
911 1977 1189 2028 profecturum.
1246 1977 1325 2015 Sed
1356 1984 1508 2028 oportet
1527 1990 1594 2015 vos
1625 1983 1714 2014 ante

249 2040 392 2087 omnia,
416 2040 688 2086 Athenienses,
716 2046 834 2078 totam
855 2053 933 2078 rem
955 2053 976 2077 a
996 2040 1183 2091 principio
1211 2039 1301 2077 inde
1322 2052 1369 2077 ex
1391 2053 1450 2076 me
1471 2039 1619 2082 audire,
1639 2050 1717 2089 quo

251 2101 382 2139 sciatis
400 2102 564 2154 primum
582 2103 750 2154 quidem,
765 2102 962 2154 quomodo
981 2109 1020 2139 et
1035 2115 1058 2138 a
1076 2114 1155 2152 quo
1172 2101 1360 2139 dissoluta
1374 2100 1487 2139 fuerit
1499 2100 1717 2152 reipublicae

250 2172 390 2202 vestrae
420 2164 543 2202 forma
567 2177 645 2215 qua
669 2165 761 2202 olim
793 2164 842 2202 ad
867 2164 964 2216 juris
995 2163 1114 2202 civilis
1143 2163 1366 2215 aequitatem
1391 2162 1606 2213 composita
1630 2168 1717 2199 ute-

252 2225 397 2263 bamini
426 2233 506 2263 tum
529 2239 605 2276 quo
637 2233 753 2277 pacto
773 2226 840 2263 viri
870 2225 924 2263 illi
945 2225 1064 2263 fortes
1085 2225 1132 2262 ab
1159 2225 1332 2275 Agorato
1351 2224 1437 2261 neci
1467 2223 1547 2260 dati
1565 2222 1718 2268 suerint,

252 2295 444 2339 postremo
474 2301 562 2338 quae
592 2288 775 2326 mandata
802 2287 856 2324 illi
885 2294 1057 2324 extrema
1088 2287 1124 2323 in
1157 2286 1288 2324 mortis
1321 2284 1482 2323 articulo
1519 2285 1721 2323 constituti

253 2349 363 2387 nobis
396 2349 643 2400 reliquerint:
675 2349 758 2386 haec
789 2348 890 2386 enim
911 2349 1030 2399 probe
1060 2348 1090 2386 si
1113 2347 1393 2399 perdidiceritis
1414 2355 1531 2399 atque
1550 2359 1720 2384 comme-

252 2411 452 2457 mineritis,
474 2418 513 2449 et
541 2411 724 2449 libentius
745 2418 785 2448 et
812 2411 1028 2461 religiosius
1057 2410 1162 2448 hunc
1183 2411 1402 2461 Agoratum
1421 2409 1602 2447 videmini
1627 2421 1721 2446 con-

256 2474 490 2514 demnaturi.
549 2473 702 2511 Initium
720 2473 849 2524 itaque
868 2472 1049 2510 narrandi
1066 2472 1172 2510 illinc
1188 2472 1344 2516 faciam,
1361 2471 1466 2522 quod
1486 2477 1525 2508 et
1543 2469 1654 2508 nobis
1669 2469 1719 2507 ad

255 2536 474 2575 docendum
495 2543 534 2573 et
553 2535 662 2574 vobis
685 2536 732 2573 ad
750 2535 1043 2585 intelligendum
1065 2535 1136 2573 erit
1154 2534 1433 2586 planissimum.

309 2600 348 2636 2.
379 2598 516 2636 Classe
545 2604 676 2636 nostra
704 2611 797 2648 ergo
816 2598 992 2635 funditus
1021 2597 1165 2635 amissa
1194 2597 1388 2646 rebusque
1418 2594 1581 2632 civitatis
1611 2593 1721 2632 debi-

255 2661 386 2706 litatis,
407 2661 512 2699 haud
529 2661 651 2699 multo
665 2667 753 2711 post
766 2659 903 2697 classis
920 2659 1300 2697 Lacedaemoniorum
1319 2658 1356 2694 in
1377 2664 1528 2708 portum
1545 2663 1721 2694 nostrum

258 2723 411 2761 invecta
441 2723 602 2774 appulit,
632 2721 826 2772 coepitque
846 2734 935 2758 cum
958 2721 1001 2758 iis
1023 2721 1071 2759 de
1100 2733 1195 2771 pace
1215 2718 1385 2757 ineunda
1404 2717 1553 2769 agitari.
1611 2717 1669 2755 Ibi
1689 2716 1722 2754 si

259 2784 323 2836 qui
344 2786 456 2823 rebus
477 2784 586 2822 novis
617 2784 830 2829 studerent,
858 2782 893 2819 bi
916 2782 1081 2820 libertati
1100 2789 1238 2819 vestrae
1262 2780 1558 2826 insidiabantur,
1588 2779 1659 2818 rati
1679 2791 1722 2816 se

258 2852 411 2897 tempus
431 2846 505 2884 hoc
523 2847 653 2896 cupita
670 2844 934 2895 consequendi
954 2851 1089 2882 nactos
1105 2856 1191 2882 esse
1216 2842 1599 2894 opportunissimum,
1619 2848 1671 2888 et,
1691 2841 1723 2878 si

259 2920 428 2958 unquam
450 2908 556 2954 alias,
577 2916 670 2946 tunc
689 2908 850 2946 maxime
869 2906 938 2945 sibi
956 2906 1089 2944 datum
1110 2906 1190 2944 fore
1209 2918 1269 2943 res
1289 2918 1336 2942 ex
1356 2904 1512 2943 arbitrio
1532 2916 1603 2942 suo
1629 2915 1722 2942 con-
