1822 3219
421 127 493 165 DE
522 126 668 164 PACE
697 124 813 164 CUM
844 123 1285 163 LACEDAEMONIIS.
1504 123 1577 160 129

137 233 310 272 inissent.
366 233 516 272 Avitam
531 233 602 271 sibi
619 244 749 283 pacem
762 230 863 268 hanc
877 229 1114 281 appellantes
1136 241 1212 278 qua
1227 235 1398 275 utuntur,
1417 235 1577 266 caeteros

140 295 298 333 Graecos
330 308 461 333 omnes
493 307 620 333 arcere
649 292 888 331 contendunt
916 292 963 329 ab
989 304 1060 328 usu
1087 291 1193 341 pacis
1221 290 1309 327 item
1338 291 1448 327 avitae
1469 290 1573 340 [h.e.

138 355 343 402 diuturnae,
370 355 628 406 perennantis,
655 361 694 391 et
718 367 741 392 a
772 353 975 404 majoribus
1005 352 1054 390 ad
1086 358 1245 401 nepotes
1274 350 1355 387 sine
1388 363 1576 388 armorum

138 417 430 468 interpolatione
451 414 717 463 transeuntis]:
746 414 890 451 scilicet
914 420 1084 451 extracto
1114 413 1151 449 in
1181 412 1336 461 longum
1363 410 1477 455 bello,
1498 424 1580 461 spe-

139 486 225 516 rant
239 478 319 516 fore
339 486 381 516 ut
394 476 577 516 Corintho
593 476 798 526 potiantur,
818 483 869 519 et,
887 475 951 512 ubi
971 488 1035 512 eos
1051 474 1229 512 vicissent
1244 472 1579 524 [Lacedaemonios

140 539 249 590 puta]
269 552 292 577 a
310 539 445 589 quibus
465 549 660 587 nunquam
679 549 755 574 non
777 536 867 573 vieti
886 543 988 580 sunt,
1008 543 1163 586 sperant
1181 534 1365 577 futurum,
1388 539 1430 569 ut
1455 545 1520 570 eos
1540 532 1578 569 in

140 606 366 650 potestatem
388 612 495 636 suam
512 598 701 649 redigant,
723 610 883 648 quorum
903 610 1017 647 opera
1035 603 1148 646 atque
1169 595 1316 633 auxiliis
1330 593 1389 632 usi
1403 594 1472 631 hos
1488 605 1578 631 suos

141 662 301 699 victores
321 660 563 698 devicissent.

193 723 229 760 6.
259 721 490 772 Hujusmodi
518 733 604 771 spes
633 719 903 770 participantes
925 731 992 756 vos
1021 718 1147 755 facere
1174 730 1252 754 non
1280 715 1464 766 poteritis,
1484 726 1578 765 quo-

138 784 262 820 minus
291 783 509 820 alterutram
540 781 673 820 harum
700 780 857 818 duarum
885 779 1146 818 conditionum
1173 778 1323 829 optetiS‚
1342 784 1385 815 ut
1412 777 1493 815 scil.
1515 783 1580 814 aut

138 856 223 881 cum
239 843 391 894 Argivis
412 856 517 881 arma
537 842 834 880 Lacedaemoniis
854 842 992 880 infesta
1011 840 1197 886 inferatis,
1210 848 1276 878 aut
1296 839 1345 877 ad
1364 839 1578 889 exemplum

138 904 357 942 Boeotorum
377 917 464 942 curn
489 904 783 942 Lacedaemoniis
802 903 1060 954 paciscamini.
1117 902 1200 951 Ego
1219 914 1309 938 vero
1330 900 1442 938 etiam
1466 907 1580 949 atque

138 967 251 1005 etiam
263 979 407 1011 vereor,
422 980 471 1004 ne
487 967 642 1004 morbus
658 966 722 1003 ille
737 974 866 1003 noster
878 964 1111 1003 domesticus
1127 971 1240 1013 atque
1257 961 1448 1000 familiaris
1467 960 1578 998 etiam

139 1042 240 1066 nunc
268 1042 338 1066 nos
366 1029 556 1065 incessat:
594 1027 758 1065 solemus
787 1027 901 1073 enim,
930 1025 1149 1063 melioribus
1179 1024 1309 1061 amicis
1337 1021 1579 1074 posthabitis,

141 1089 337 1140 sequiores
357 1090 554 1140 praeferre3
586 1089 820 1138 aliorumque
835 1101 954 1125 causa
973 1086 1073 1125 bella
1092 1099 1234 1136 gerere,
1250 1097 1469 1135 quanquam
1490 1084 1580 1121 licet

139 1152 249 1189 nobis
270 1151 388 1189 nostri
409 1164 526 1190 causa
545 1151 742 1201 quiescere
765 1158 803 1187 et
823 1149 936 1187 salvis
957 1162 1052 1187 esse.
1110 1147 1298 1198 Exempla
1322 1146 1464 1184 vultis?
1505 1146 1580 1183 Ac-

140 1214 276 1265 cipite:
306 1220 457 1264 oportet
477 1213 575 1250 enim
609 1212 869 1250 recordatione
889 1211 1166 1262 praeteritorum
1188 1208 1418 1247 adminiculo
1443 1207 1492 1244 ad
1520 1218 1581 1243 sa-

139 1275 354 1312 lubritatem
375 1275 692 1323 honestatemque
707 1272 977 1323 capiendorum
994 1271 1238 1309 consiliorum
1254 1270 1322 1306 uti.
1380 1268 1580 1305 Persarum

137 1336 267 1386 itaque
286 1349 371 1374 cum
391 1349 481 1386 rege
501 1335 622 1386 pactis
642 1335 803 1372 induciis
824 1341 861 1371 et
881 1333 1048 1371 amicitia
1065 1333 1104 1370 in
1130 1341 1355 1384 perpetuum
1381 1331 1579 1374 duratura,

138 1411 234 1448 quas
253 1397 426 1435 inducias
444 1398 624 1448 Epilycus
643 1397 820 1433 Tisandri
836 1396 950 1441 filius,
964 1395 1091 1432 matris
1113 1402 1255 1432 nostrae
1270 1394 1398 1438 frater,
1412 1392 1490 1436 illa,
1504 1404 1582 1442 qua

140 1459 188 1497 ad
209 1471 336 1509 regem
354 1459 553 1506 Persarum
570 1459 722 1495 functus
738 1465 806 1501 est,
822 1456 1012 1507 legatione
1025 1455 1253 1500 conciliavit,
1268 1467 1343 1492 non
1362 1453 1479 1491 multo
1494 1460 1583 1503 post

138 1522 295 1573 decepti
313 1523 361 1560 ab
378 1522 559 1570 Amorge,
574 1534 683 1558 servo
703 1519 802 1570 regis
822 1532 944 1570 eoque
966 1518 1139 1568 fugitivo,
1151 1518 1287 1569 ingens
1304 1529 1427 1554 rerum
1443 1522 1585 1552 nostra-

139 1596 220 1621 rum
241 1583 432 1628 columen,
452 1595 544 1633 opes
564 1582 703 1632 regias,
718 1581 925 1625 amisimus,
940 1586 978 1617 et
999 1579 1105 1630 quasi
1125 1592 1204 1616 rem
1224 1579 1336 1616 vilem
1359 1586 1474 1627 atque
1491 1590 1583 1614 con-

140 1643 382 1682 temnendam
415 1643 636 1694 abjecimus,
668 1650 781 1692 atque
811 1641 987 1678 amicitiae
1020 1654 1106 1678 cum
1142 1654 1230 1691 rege
1262 1639 1466 1677 amicitiam
1497 1651 1583 1675 cum

139 1707 307 1755 Amorge
325 1704 578 1755 praetulimus,
599 1716 749 1741 servum
770 1702 925 1740 domino
944 1702 1128 1753 potiorem
1152 1702 1363 1739 ducentes:
1393 1713 1469 1750 qua
1492 1712 1584 1737 con-

140 1766 298 1804 tumelia
325 1779 389 1802 rex
418 1765 467 1802 ad
496 1764 731 1802 iracundiam
760 1777 943 1801 accensus
973 1773 1010 1802 et
1038 1763 1086 1801 ad
1116 1763 1321 1800 vindictam
1351 1762 1584 1805 stimulatus,

143 1828 520 1866 Lacedaemoniorum
550 1827 599 1864 ad
627 1834 753 1876 partes
783 1839 822 1863 se
851 1826 1057 1871 transtulit,
1078 1826 1249 1875 initaque
1278 1838 1364 1863 cum
1394 1825 1466 1862 illis
1495 1823 1584 1861 belli

142 1889 340 1938 societate,
360 1889 563 1939 quinquies
584 1887 683 1925 mille
705 1887 850 1925 talenta
868 1888 958 1938 ipsis
979 1888 1028 1925 ad
1046 1887 1189 1924 bellum
1213 1886 1392 1924 adversus
1419 1898 1489 1923 nos
1517 1898 1583 1934 ge·

141 1951 301 1988 rendum
331 1949 623 1995 administravit,
649 1962 725 1999 quo
754 1949 896 1986 factum
931 1956 1003 1994 est,
1028 1956 1069 1986 ut
1101 1948 1390 1992 Lacedaemonii,
1414 1960 1481 1997 per
1511 1946 1581 1983 has

141 2019 268 2049 tantas
288 2025 380 2062 opes
401 2011 611 2061 superiores
632 2010 736 2056 facti,
751 2017 901 2047 nostras
921 2023 1012 2060 opes
1032 2023 1164 2047 omnes
1183 2008 1385 2046 everterint
1404 2008 1583 2057 majesta-

142 2079 296 2123 temque
315 2080 482 2110 nostram
498 2073 613 2110 humo
628 2072 831 2109 afflixerint
849 2072 898 2109 ad
917 2072 1153 2121 nihilumque
1170 2070 1397 2120 redegerint.
1455 2069 1581 2106 Unum

140 2133 215 2171 hoc
234 2141 313 2171 erat
335 2134 381 2171 de
407 2134 537 2171 multis
561 2133 700 2171 nostris
724 2133 828 2171 scitis
854 2139 892 2170 et
916 2132 1078 2183 egregiis
1105 2132 1371 2182 prosperisque
1397 2130 1580 2173 inventis:

140 2194 275 2233 videtis
286 2196 367 2246 jam
380 2195 495 2246 quale
508 2195 547 2232 id
562 2194 698 2232 fuerit?
728 2194 840 2232 Adde
855 2194 971 2232 aliud.
1029 2193 1258 2244 Syracusani
1273 2182 1360 2230 olim
1375 2191 1583 2242 aliquando

141 2269 211 2294 nos
232 2269 298 2306 per
317 2257 466 2307 legatos
486 2256 654 2302 adibant,
669 2263 860 2307 rogantes,
874 2263 917 2293 ut
936 2268 1064 2293 secum
1081 2268 1150 2305 pro
1172 2255 1363 2292 simultate
1379 2253 1583 2291 amicitiam

140 2318 266 2356 colere
297 2326 335 2356 et
366 2332 433 2369 pro
458 2318 560 2356 bello
584 2332 718 2369 pacem
747 2331 875 2369 gerere
902 2318 1112 2363 mallemus,
1138 2317 1412 2367 docentesque,
1438 2323 1583 2366 quanto

141 2380 263 2430 magis
283 2393 302 2418 e
323 2393 363 2418 re
384 2387 513 2418 nostra
532 2380 667 2418 facturi
685 2380 817 2425 simus,
839 2381 869 2418 si
889 2393 1017 2417 secum
1038 2379 1226 2425 malimus,
1239 2392 1352 2429 quam
1373 2392 1459 2416 cum
1481 2378 1582 2428 Ege-

140 2442 261 2480 stanis
279 2448 394 2492 atque
411 2441 620 2487 Catanaeis‚
637 2441 727 2479 belli
743 2441 967 2479 societatem
983 2440 1217 2479 contrahere.
1277 2440 1377 2484 Quid
1396 2452 1463 2477 nos
1479 2437 1582 2476 tum?

140 2502 384 2541 Praetulimus
407 2516 544 2554 nempe
565 2503 651 2553 paci
673 2512 750 2540 tum
772 2515 924 2553 quoque
944 2502 1102 2548 bellum,
1124 2509 1160 2539 et
1181 2502 1398 2552 Egestanos
1421 2501 1583 2549 Syracu-

142 2564 259 2610 sanis,
292 2571 330 2602 et
348 2564 414 2611 otii
434 2564 633 2602 domestici
655 2564 774 2614 quieti
793 2577 870 2614 qua
897 2571 1113 2614 poteramus
1134 2563 1301 2613 gaudere
1329 2559 1470 2598 Siculae
1499 2573 1579 2598 mo-

142 2623 271 2663 lestias
289 2626 561 2677 expeditionis:
593 2638 669 2676 quo
690 2625 833 2662 factum
853 2632 927 2671 est,
947 2632 989 2661 ut
1014 2624 1106 2662 flore
1128 2622 1339 2675 juventutis
1365 2627 1581 2671 nostraeque

141 2691 180 2721 et
197 2685 381 2724 sociorum
400 2700 502 2725 nunc
523 2699 734 2731 careamus,
748 2686 962 2724 lectissimis
983 2685 1200 2735 quibusque
1220 2684 1305 2720 viris
1327 2683 1485 2726 amissis,
1502 2694 1582 2719 ma-

142 2758 296 2798 gnoque
310 2748 459 2785 navium
475 2761 633 2786 numero
646 2755 684 2785 et
699 2747 842 2798 ingenti
855 2747 890 2784 vi
903 2747 1147 2798 pecuniarum
1164 2757 1353 2795 opumque
1368 2757 1581 2795 magnaque

142 2808 312 2860 potentia
329 2810 515 2856 mulctati,
535 2823 678 2861 paucos
700 2811 902 2860 quosdam,
922 2808 1218 2847 luctuosissimae
1238 2806 1338 2844 cladi
1358 2806 1583 2858 superstites

146 2870 284 2917 factos,
296 2883 382 2908 cum
398 2869 588 2909 dedecore
604 2872 760 2909 domurn
778 2884 950 2909 reversos
963 2869 1323 2919 recuperaverimus.
1369 2868 1584 2913 Postremo,

850 2946 866 2968 S
