1822 3219
788 411 1108 474 ,LYSIAE

294 523 606 574 CONTRA
654 522 1196 573 NICOMACHUM
1243 521 1598 570 SCRIBAM

501 622 585 665 DE
616 621 988 664 RATIONIBUS
1021 620 1275 663 REDDEN
1285 620 1384 661 DIS

767 708 1129 752 ACCUSATIO.

276 859 314 896 1.
343 857 478 901 Ham)
498 871 582 898 raro
598 859 739 906 evenit,
757 857 926 909 judices,
956 865 998 896 ut
1022 858 1061 894 in
1080 857 1272 908 judicium
1300 855 1471 902 adducti,
1495 867 1585 894 cum
1602 854 1672 894 visi

217 925 351 963 essent
382 932 581 970 peccasse,
611 920 762 958 veniam
799 926 929 958 tamen
967 931 990 956 a
1025 918 1132 956 vobis
1168 918 1430 969 impetrarent,
1468 916 1529 954 alii
1567 915 1673 966 quod

218 980 406 1031 majorum
435 980 549 1018 fortia
579 982 684 1020 facta
711 981 936 1032 proferrent,
965 979 1027 1018 alii
1055 978 1161 1030 quod
1191 991 1261 1016 sua
1292 979 1461 1028 ipsorum
1490 977 1539 1014 de
1567 976 1674 1015 vobis

217 1039 364 1081 merita.
421 1040 591 1082 Quando
614 1042 731 1090 igitur
749 1041 1039 1080 defendentium
1067 1039 1338 1082 excusationes
1365 1038 1470 1078 haud
1492 1049 1674 1088 asperna-

219 1099 323 1143 mini,
346 1112 370 1137 a
387 1099 525 1149 quibus
551 1107 863 1137 ornamentorum
892 1099 1038 1148 aliquid
1063 1100 1102 1135 iu
1133 1112 1251 1148 remp.
1271 1112 1358 1136 esse
1377 1098 1560 1136 collatum
1577 1109 1673 1135 con·

216 1160 369 1207 stiterit,
403 1172 559 1210 aequum
598 1167 659 1198 est
694 1167 940 1198 accusatores
973 1171 1129 1209 quoque
1162 1159 1282 1209 aequis
1321 1159 1477 1201 auribus
1514 1171 1537 1196 a
1566 1157 1675 1201 vobis

218 1221 354 1268 audiri,
388 1234 477 1260 cum
506 1233 592 1259 reos
625 1221 879 1272 improbitatis
911 1228 1080 1271 arguunt
1110 1218 1342 1270 jamdudum
1375 1219 1520 1257 inolitae
1557 1225 1674 1269 atque

211 1282 454 1325 inveteratae.
523 1281 678 1320 Patrem
713 1282 844 1332 itaque
880 1281 995 1333 hujus
1029 1280 1256 1319 Nicomachi
1289 1293 1442 1318 servum
1476 1279 1676 1331 publicum

217 1343 352 1390 fuisse,
372 1350 410 1381 et
427 1343 487 1380 hic
505 1343 588 1394 ipse
604 1342 863 1383 Nicomachus
883 1343 1022 1393 quibus
1043 1342 1082 1380 in
1102 1342 1239 1380 studiis
1260 1341 1560 1380 adolescentiam
1581 1354 1674 1379 con·

218 1404 361 1442 triverit
381 1412 421 1442 et
439 1411 602 1455 quotum
621 1404 778 1443 demum
797 1404 922 1442 aetatis
943 1416 1086 1442 aunum
1106 1416 1227 1454 agens
1242 1403 1278 1440 in
1299 1402 1428 1440 album
1448 1402 1673 1453 phratorum

214 1465 348 1504 illatus
375 1466 479 1516 [h.e.
499 1465 656 1504 civitate
680 1465 866 1514 donatus]
894 1465 954 1510 sit,
982 1478 1028 1503 ea
1048 1477 1137 1504 vero
1163 1463 1291 1503 omnia
1314 1476 1488 1502 enarrare
1512 1463 1673 1514 longum

218 1528 286 1567 sit:
326 1541 372 1566 ex
404 1541 480 1578 quo
512 1534 639 1567 autem
669 1527 893 1567 mandatum
920 1527 955 1565 ei
985 1527 1141 1566 tandem
1174 1526 1372 1577 negotium
1403 1525 1476 1564 fuit
1503 1525 1673 1567 codicem

216 1588 347 1639 legum
377 1588 584 1635 condendi,
613 1589 746 1639 ecquis
774 1594 834 1627 est
863 1601 979 1639 quem
1006 1588 1141 1638 fugiat,
1170 1594 1337 1638 quantas
1362 1600 1410 1625 ex
1436 1599 1482 1625 eo
1507 1594 1676 1637 tempore

215 1650 352 1689 noxias
373 1650 468 1701 reip.
489 1649 682 1692 attulerit?
718 1649 953 1701 Imperatum
973 1650 1072 1687 enim
1093 1650 1127 1686 ei
1148 1661 1237 1686 cum
1257 1656 1360 1687 esset
1379 1648 1478 1687 intra
1496 1655 1675 1698 quartum

214 1724 387 1750 mensem
408 1712 514 1762 leges
535 1711 691 1750 Solonis
712 1711 748 1748 in
770 1710 916 1749 mundo
937 1723 1088 1761 unoque
1106 1710 1239 1747 codice
1260 1706 1437 1753 exarare‚'
1451 1721 1528 1747 non
1548 1708 1674 1752 solum

215 1785 294 1810 non
313 1772 469 1816 ‚Solonis
490 1772 596 1821 leges
616 1771 684 1809 sed
704 1784 792 1810 suas
818 1771 1050 1821 conscripsit
1068 1779 1105 1808 et
1126 1783 1194 1821 pro
1214 1770 1357 1808 Solone
1382 1770 1464 1820 ipse
1483 1782 1570 1808 sese
1595 1770 1676 1808 suis

215 1833 398 1884 auspiciis
417 1832 677 1882 legislatorem
693 1832 849 1878 creavit,
867 1832 936 1870 sed
952 1832 1067 1871 etiam
1086 1831 1272 1869 honorem
1289 1831 1325 1868 in
1342 1837 1508 1881 quatuor
1523 1843 1675 1870 menses

217 1895 354 1934 datum
387 1895 426 1931 in
456 1900 609 1935 sextum
639 1906 784 1935 annum
813 1893 995 1932 extraxit:
1037 1893 1147 1943 cujus
1180 1891 1353 1930 sexennii
1381 1891 1484 1934 diem
1514 1905 1591 1935 non
1616 1898 1678 1934 est

218 1968 358 2007 passus
385 1955 502 1999 abire,
528 1967 605 2004 quo
629 1967 706 1993 non
725 1962 916 2004 quaestum
937 1954 1092 1992 fecisset
1115 1954 1197 1991 aliis
1224 1953 1374 2003 legibus
1402 1953 1676 2004 expungendis

217 2016 302 2057 aliis
323 2016 546 2055 inferendis.
604 2015 784 2065 Denique
804 2016 870 2066 jus
896 2023 1068 2053 nostrum
1089 2027 1136 2053 eo
1155 2020 1401 2064 contemptus
1422 2022 1538 2065 atque
1558 2014 1678 2053 dede·

219 2079 320 2117 coris
341 2078 508 2123 devenit,
535 2084 577 2115 ut
601 2090 761 2118 necesse
788 2077 1016 2116 haberemus
1044 2076 1098 2113 uti
1122 2076 1272 2126 legibus
1292 2075 1351 2120 iis,
1372 2087 1466 2125 quas
1485 2074 1677 2126 impertire

218 2139 506 2191 postulantibus
540 2138 665 2184 nobis,
696 2139 803 2176 velut
841 2151 973 2188 promo
1003 2137 1142 2182 condo,
1178 2136 1391 2187 placuisset
1422 2135 1678 2184 Nicomacho,

222 2200 396 2251 quamvis
416 2212 530 2250 parce
549 2199 679 2244 vellet,
699 2199 873 2249 quamvis
902 2198 1141 2236 adulteratas
1168 2204 1206 2235 et
1234 2197 1398 2242 vitiatas,
1416 2196 1590 2247 quamvis
1609 2196 1677 2234 im-

222 2261 324 2298 mani
343 2267 518 2312 emptas:
545 2260 600 2298 ita
619 2260 763 2298 factum
790 2267 862 2305 est,
888 2267 933 2297 ut
957 2260 1154 2310 litigantes
1181 2257 1390 2295 contrarias
1418 2264 1534 2307 atque
1559 2270 1676 2308 repu-

223 2329 388 2372 gnantes
403 2321 501 2359 inter
518 2334 560 2358 se
576 2321 682 2370 leges
700 2319 925 2369 allegarent,
940 2320 1033 2357 alias
1050 2319 1150 2356 idem
1170 2318 1418 2368 imperantes,
1435 2317 1529 2355 alias
1545 2325 1675 2356 vetan-

223 2391 296 2429 tes,
311 2394 407 2433 quas
428 2382 551 2419 ambae
566 2387 696 2432 partes
712 2381 948 2418 affirmarent
967 2394 988 2417 a
1006 2379 1243 2417 Nicomacho
1264 2378 1475 2429 accepisse.
1531 2378 1629 2415 Item
1645 2378 1677 2415 si

224 2444 472 2493 magistratus
495 2442 608 2480 alicui
633 2442 814 2479 mulctam
835 2442 1020 2479 arbitratu
1041 2454 1112 2479 suo
1133 2441 1366 2490 irrogassent
1386 2451 1550 2488 eumque
1571 2445 1676 2489 post·

223 2504 381 2542 niodum
399 2504 438 2541 in
451 2502 641 2554 judicium
661 2503 915 2548 induxissent,
931 2501 1191 2540 Nicomachus
1208 2501 1375 2551 proferre
1392 2500 1498 2549 leges
1517 2501 1674 2549 [secun-

224 2567 316 2605 dum
336 2579 432 2616 quas
458 2578 576 2604 causa
602 2578 766 2615 quaeque
793 2564 1089 2615 disceptaretur]
1115 2563 1324 2606 recusavit;
1354 2562 1423 2600 sed
1442 2562 1545 2612 prius
1573 2576 1675 2614 resp.

224 2627 410 2666 maximas
440 2627 479 2664 in
509 2625 748 2664 calamitates
781 2626 929 2671 incidit,
959 2638 1075 2675 quam
1105 2625 1170 2662 ille
1198 2625 1271 2662 hoc
1302 2624 1445 2661 honore
1470 2622 1678 2662 decederet

226 2698 475 2741 actorumque
494 2690 679 2728 rationem
699 2687 889 2726 redderet.
947 2687 1138 2729 Quoniam
1160 2687 1276 2737 igitur
1295 2698 1430 2736 poenas
1450 2692 1530 2722 tum
1550 2685 1676 2724 nullas

226 2752 344 2798 dedit,
375 2765 447 2802 age
481 2763 583 2788 nunc
613 2749 770 2788 tandem
798 2749 1009 2794 videamus,
1038 2749 1190 2799 qualem
1221 2749 1258 2784 in
1288 2747 1354 2784 illo
1382 2747 1609 2797 magistratu
1635 2760 1675 2785 se

226 2814 410 2866 gesserit?
462 2813 634 2851 Primum
657 2818 779 2850 totum
806 2810 1096 2862 quadriennium
1125 2808 1327 2859 insumpsit
1356 2807 1519 2858 legibus·
1540 2808 1678 2845 exseri-

223 2876 376 2921 bendis‚
399 2875 504 2926 quod
526 2873 722 2924 negotium
742 2873 840 2910 iutra
860 2885 1028 2910 mensem
1057 2877 1209 2922 poterat
1228 2870 1378 2921 peragi:
1413 2869 1568 2915 deinde,
1587 2882 1674 2907 cum

223 2938 417 2988 assignata
441 2937 479 2974 in
509 2947 720 2985 manusque
747 2934 838 2972 data
862 2933 936 2985 ipsi
961 2934 1125 2971 fuissent
1152 2930 1399 2982 exemplaria,
1430 2929 1534 2968 unde
1561 2942 1677 2968 suum
