1822 3219
526 94 750 132 CONTRA
781 94 1106 133 AGORATUM.
1457 100 1530 136 251

89 193 272 242 sequitur,
292 205 377 230 eum
398 193 486 233 huic
501 195 640 233 actioni
656 194 860 232 obnoxium
880 205 979 238 esse,
993 193 1025 229 si
1045 192 1107 230 illa
1128 193 1303 230 clausula
1322 194 1530 234 omittatur.

91 253 185 302 Age,
201 253 381 290 tollamus
394 253 616 292 clausulam.
665 254 803 299 Viden,
821 252 975 290 sublata
989 258 1059 290 est.
1105 252 1262 290 Teneris
1276 266 1368 303 ergo
1381 255 1531 293 actione

89 313 126 349 in
154 312 346 351 sicarium.
399 314 534 352 Scelus
563 327 654 362 ergo
686 327 709 352 a
728 326 770 351 se
797 313 1041 351 commissum
1070 324 1160 350 cum
1188 312 1366 358 fateatur,
1393 320 1474 351 tum
1493 315 1532 351 in

88 371 154 408 illa
189 372 336 410 latebra
372 373 573 411 calumniae
611 379 740 423 sperat
779 373 849 410 sibi
886 372 1100 422 perfugium
1138 371 1219 408 fore
1263 372 1534 423 solaminisque

87 432 228 482 aliquid
258 433 297 470 in
326 433 392 471 illa
417 433 592 477 clausula
611 445 652 471 se
684 440 932 483 reperturum.
991 432 1109 476 Quasi
1139 432 1280 469 referat
1309 432 1531 482 quicquam,

87 504 171 528 cum
193 501 233 530 tu
253 493 403 531 fatearis
417 499 453 530 te
472 492 721 531 homicidium
740 492 989 538 commisisse,
1002 498 1047 530 ut
1066 498 1146 530 tum
1165 498 1202 529 te
1224 504 1343 542 neges
1361 492 1415 528 ἐπ’
1427 495 1533 531 αὺτο-

87 554 190 602 φώρῳ
216 553 368 598 fecisse,
401 553 440 589 h.
462 565 495 590 e.
515 553 582 597 sic,
615 560 656 590 ut
685 553 722 590 in
755 560 843 592 actu
882 552 1037 596 sceleris
1070 552 1153 601 ipso
1189 551 1530 602 deprehenderem.

87 611 222 656 Quasi,
235 613 269 649 si
287 612 492 651 occidisset
510 613 679 662 quidem,
692 625 767 651 non
788 620 915 655 tamen
938 612 992 648 ἐπ’
1007 614 1215 663 αὐτοφώρῳ,
1238 612 1276 649 h.
1305 624 1339 650 e.
1360 612 1435 650 isto
1454 625 1530 662 quo

86 672 161 710 dixi
199 678 324 721 pacto,
355 671 484 709 salvus
516 678 555 709 et
583 673 726 709 inultus
758 673 860 716 abire
899 672 1054 709 debeat.
1121 671 1309 710 Videntur
1340 672 1432 710 mihi
1459 685 1531 710 un-

85 732 290 778 decimv-iri,
329 734 615 773 accusationem
651 734 749 772 hanc
789 735 971 774 adversus
1008 735 1239 784 Agoratum‚
1276 748 1346 785 pro
1383 735 1533 775 actione

81 796 306 842 ἀπαγωγῆς,
334 808 403 834 seu
422 796 461 833 in
488 796 680 842 sicarium,
701 810 725 836 a
752 797 939 847 Dionysio
960 796 1030 834 sibi
1056 797 1260 839 exhibitam
1290 798 1538 848 recipientes,

81 854 185 903 quod
205 856 489 906 suspicarentur
503 858 747 898 omissionem
768 857 942 898 formulae
958 857 1013 894 ἐπ’
1029 859 1224 908 αὐτοφώρῳ
1243 869 1401 895 causam
1423 859 1532 908 Ago-

80 916 152 952 rati
179 929 261 955 esse
292 917 533 968 adjuturam;
563 918 649 957 ideo
683 918 935 957 rectissimum
962 924 1001 956 et
1030 918 1262 956 tutissimum
1287 918 1407 956 secuti
1435 931 1529 956 con-

80 976 218 1023 silium,
247 979 421 1029 coegisse
446 980 688 1030 Dionysium,
713 986 757 1018 ut
785 980 946 1018 actionis
978 992 1059 1017 suae
1088 980 1127 1017 in
1156 979 1386 1028 Agoratum,
1416 985 1461 1016 ut
1489 980 1528 1016 in

82 1037 272 1084 sicarium,
287 1039 416 1077 libello
436 1039 601 1078 adscribi
615 1052 639 1076 a
653 1040 841 1078 tabulario
855 1039 1012 1089 publico
1028 1046 1182 1081 curaret
1199 1039 1299 1076 hanc
1315 1038 1530 1076 clausulam

79 1096 134 1133 ἐπ’
151 1099 358 1148 αὐτοφώρῳ.
413 1099 530 1141 Quod
555 1099 699 1137 faciens
722 1099 946 1148 Dionysius,
969 1111 1055 1135 cum
1079 1099 1186 1135 salva
1205 1100 1280 1136 fide
1309 1112 1380 1136 sua
1405 1106 1444 1137 et
1463 1113 1529 1137 ve-

79 1155 190 1192 ritate
218 1157 272 1193 rei
298 1164 420 1205 gestae
447 1157 603 1199 faceret,
622 1163 769 1194 tantum
799 1158 920 1200 abest,
941 1163 984 1193 ut
1013 1169 1169 1194 causam
1190 1157 1460 1205 debilitaverit,
1487 1166 1531 1203 ut

76 1215 204 1265 potius
231 1215 306 1253 hoc
337 1216 458 1266 magis
489 1216 748 1253 confirmarit:
791 1216 856 1252 ubi
894 1218 996 1253 enim
1029 1229 1164 1265 quaeso
1192 1223 1231 1253 te
1264 1218 1385 1266 magis
1415 1231 1527 1267 geras

77 1275 306 1313 homicidam
334 1276 388 1313 ἐπ’
406 1278 617 1326 αὐτοφώρῳ,
646 1287 762 1324 quam
784 1275 829 1321 si,
856 1288 969 1325 quem
996 1275 1278 1321 occidas„eum
1304 1289 1435 1315 coram
1465 1284 1527 1316 tot

77 1349 235 1374 numero
254 1337 416 1374 testibus
436 1337 557 1386 iisque
576 1342 654 1373 tam
675 1336 854 1385 gravibus
870 1336 1041 1382 occidas,
1061 1343 1176 1386 atque
1205 1337 1298 1375 fecit
1313 1339 1526 1388 Agoratus,

76 1397 140 1446 qui
153 1403 211 1434 tot
225 1397 343 1435 fortes
362 1398 560 1446 bonosque
579 1395 694 1439 cives,
715 1397 876 1446 primum
890 1409 1016 1434 coram
1031 1397 1252 1447 quingentis
1267 1397 1355 1435 viris
1367 1399 1404 1435 in
1422 1399 1530 1438 curia

76 1457 380 1503 considentibus,
417 1457 553 1495 deinde
588 1470 715 1495 coram
752 1457 996 1495 universitate
1031 1459 1164 1508 populi
1199 1459 1444 1498 Atheniensis
1484 1461 1523 1498 in

75 1517 298 1555 concionem
318 1518 528 1567 congressi,
554 1517 715 1555 detulit:
746 1530 861 1567 quam
886 1517 1120 1555 delationem
1142 1526 1317 1557 secutum
1341 1527 1401 1558 est
1421 1521 1524 1569 judi-1

75 1577 191 1623 oium,
219 1591 297 1628 quo
321 1578 374 1615 illi
407 1591 541 1615 omnes
574 1578 667 1615 mori
695 1578 795 1628 jussi
821 1585 924 1615 sunt.
981 1579 1070 1620 Quo
1102 1579 1233 1629 negari
1262 1580 1396 1629 nequit
1416 1583 1529 1632 Ago-.

75 1644 198 1674 ratum
211 1638 351 1676 indicio
373 1650 443 1675 suo
457 1650 594 1675 necem
613 1638 703 1687 ipsis
722 1638 952 1676 conscivisse
968 1651 976 1676 z
1009 1644 1076 1676 aut
1093 1639 1267 1688 profecto
1286 1653 1398 1678 nemo
1422 1654 1524 1680 mor-

74 1697 206 1734 talium
225 1699 392 1735 omnium
413 1711 478 1735 eos
498 1698 662 1741 occidit;
694 1698 731 1736 id
753 1698 854 1748 quod
880 1706 937 1736 est
956 1699 1313 1737 inconsentaneum.
1371 1700 1473 1739 Nam
1493 1702 1526 1739 si

73 1758 277 1807 probamus
295 1758 348 1803 id,
367 1758 471 1807 quod
490 1759 683 1807 Agoratus
700 1758 794 1803 vult,
811 1758 886 1796 hoc
906 1772 1062 1808 urgens,
1084 1771 1219 1797 manus
1241 1772 1264 1797 a
1283 1772 1323 1797 se
1336 1760 1524 1800 violentas

73 1816 147 1854 illis
180 1817 353 1855 admotas
383 1831 460 1854 non
497 1831 596 1861 esse,
631 1825 903 1868 consequetur,
933 1818 1123 1855 neminem
1157 1831 1244 1856 esse
1275 1819 1522 1866 homicidam,

76 1884 326 1927 praeterquam
347 1878 463 1927 siquis
492 1878 600 1917 alteri
620 1891 734 1916 manu
753 1891 823 1916 sua
847 1877 1005 1915 feralem
1031 1878 1187 1929 plagam
1211 1879 1395 1925 intulerit,
1418 1882 1526 1930 tigno,

73 1938 189 1975 ictum
210 1939 335 1976 sicave
362 1945 632 1988 prosternens:
672 1938 773 1976 viros
799 1951 891 1988 ergo
911 1952 934 1976 a
952 1944 1002 1983 te,
1028 1939 1210 1989 Agorate,
1240 1939 1389 1981 delatos
1409 1952 1523 1977 nemo

75 1999 185 2048 plane
205 1998 368 2041 occidit;
399 2011 511 2036 nemo
531 2000 631 2036 enim
647 2011 712 2036 eos
734 1999 844 2044 feriit,
864 2011 976 2036 nemo
984 1998 1191 2049 jugulavit,
1211 1998 1281 2042 sed
1293 1999 1436 2036 delatio
1456 2006 1524 2038 tua

73 2060 200 2109 coegit
218 2072 284 2097 eos
303 2060 408 2109 ipsos
428 2059 499 2097 sibi
524 2066 688 2096 mortem
713 2059 964 2097 consciscere.
1019 2059 1108 2096 Jam
1129 2071 1242 2108 nega,
1274 2059 1304 2095 si
1325 2059 1461 2104 audes,
1483 2066 1521 2097 te

74 2132 202 2157 eorum
223 2133 309 2159 esse
335 2120 510 2158 sicarium
537 2120 575 2157 in
596 2119 738 2157 scelere
771 2119 1068 2170 deprehensum.
1124 2118 1226 2155 Nam
1253 2118 1285 2158 si
1303 2118 1436 2168 lingua
1455 2126 1523 2157 tua

75 2192 141 2217 eos
169 2193 245 2218 non
269 2181 475 2223 interemit,
508 2179 545 2216 in
574 2186 780 2230 conspectu
808 2186 926 2216 tantae
959 2178 1226 2222 multitudinis,
1252 2190 1365 2217 nemo
1397 2185 1523 2228 potest

73 2239 168 2276 alius
188 2253 284 2284 esse,
301 2241 366 2289 qui
385 2252 449 2276 eos
465 2239 661 2278 occiderit.
718 2240 835 2288 Atqui
855 2246 981 2276 tamen
999 2238 1149 2276 occisos
1165 2251 1262 2283 esse,
1281 2238 1320 2276 in
1340 2239 1523 2278 confesso

72 2307 143 2337 est.
200 2300 253 2336 Es
272 2312 362 2348 ergo
383 2306 422 2335 tu
443 2298 632 2336 homicida
649 2300 702 2343 ἐπ’
717 2302 925 2349 αὐτοφώρῳ.

125 2362 189 2396 22.
219 2360 299 2396 Sed
336 2358 450 2396 audio
481 2357 589 2394 illum
619 2367 820 2408 pactorum
856 2371 1011 2408 quoque
1045 2364 1160 2406 atque
1194 2365 1521 2397 sacramentorum

73 2421 258 2458 facturum
278 2431 362 2456 esse
390 2416 635 2462 mentionem,
661 2425 700 2456 et
731 2426 956 2467 questurum
984 2417 1032 2454 de
1057 2416 1194 2467 injuria
1221 2417 1291 2454 sibi
1316 2417 1430 2462 sacta,
1456 2419 1520 2468 qui

72 2481 207 2530 capitis
224 2491 381 2517 causam
407 2479 538 2516 dicere
557 2486 722 2528 cogatur
751 2478 936 2515 adversus
956 2484 1070 2528 pacta
1099 2477 1253 2514 urbanis
1281 2490 1369 2514 cum
1401 2477 1519 2514 Pirae-

75 2540 228 2577 ensibus
254 2546 452 2576 contracta
480 2547 519 2576 et
546 2537 795 2587 jurejurando
827 2537 988 2574 sancita.
1046 2536 1133 2580 Quo
1168 2537 1198 2573 si
1230 2536 1368 2572 nitetur
1404 2548 1520 2585 argu·

74 2606 214 2643 mento,
234 2599 314 2648 ipse
330 2612 400 2636 suo
418 2599 694 2649 propemodum
711 2610 775 2635 ore
793 2610 832 2634 se
851 2597 1082 2635 homicidam
1096 2596 1295 2633 fatebitur:
1326 2594 1397 2643 ipsi
1416 2595 1518 2633 enim

71 2658 302 2700 innocentiae
334 2660 479 2697 veritati
499 2673 519 2697 e
544 2659 656 2697 factis
676 2658 1009 2708 exsplendescenti
1044 2656 1233 2698 diffidens,
1262 2654 1393 2692 nescio
1419 2668 1517 2706 quas

74 2721 123 2757 ad
136 2719 302 2756 latebras
316 2719 538 2768 religionum
554 2718 807 2768 jurejurando
825 2724 1136 2756 consecratarum
1154 2720 1431 2763 pactorumque
1451 2724 1518 2754 aut

72 2780 249 2830 temporis
279 2779 422 2815 dudum
453 2780 572 2828 elapsi
602 2786 669 2817 aut
684 2778 860 2823 formulae
887 2778 941 2814 ἐπ’
963 2779 1158 2824 αὐτοφώρῳ
1191 2773 1379 2823 confugit.
1437 2775 1515 2821 Vos
