1822 3219
255 134 330 173 190
578 135 754 174 LYSIAE
781 136 1007 175 CONTRA
1039 131 1399 177 ANDOCIDEM.

250 235 359 274 vobis
391 235 617 289 aliquande,
649 239 743 291 quid
779 242 819 280 in
850 240 1044 280 hominem
1077 241 1349 292 Megarensem
1388 243 1579 294 sacrilegii
1607 256 1715 282 reum

248 297 395 337 sactum
424 307 532 339 esset
562 302 824 349 statuendum,
843 302 1066 352 hujusmodi
1095 303 1221 342 factus
1248 310 1308 342 est
1339 305 1540 343 sententiae
1568 313 1716 344 auctor.

248 359 480 401 Volentibus
500 362 602 401 enim
622 364 707 402 aliis
727 363 922 402 hominem
951 365 1157 403 confestim
1194 365 1342 404 indicta
1361 378 1480 404 causa
1498 367 1636 413 occidi,
1657 368 1716 405 in-

249 423 426 462 tercessit
455 424 628 470 Diocles,
650 438 730 464 rem
754 425 902 476 judicio
935 427 1252 466 committendam
1283 440 1370 465 esse
1390 435 1496 466 ratus
1517 427 1715 467 hominum

246 495 378 530 causa,
399 498 476 536 quo
504 486 655 536 reliqui,
678 499 807 524 coram
830 487 923 537 ipsis
943 487 981 525 iu
1000 489 1082 526 foro
1103 489 1250 540 agitata
1280 502 1411 535 causa,
1432 489 1568 528 melius
1589 490 1711 541 impo-

246 552 390 584 sterum
412 560 547 598 sapere
568 548 785 586 discerent:
816 547 889 587 diis
916 556 1044 588 autem
1064 563 1140 601 quo
1161 551 1379 597 satisfieret,
1402 551 1555 602 judices
1574 551 1628 590 ita
1647 564 1717 603 pa-

245 615 349 646 ratos
370 609 419 647 ad
440 609 652 647 sedendum
673 611 877 648 convenire
907 610 1148 659 hortabatur,
1169 620 1211 651 ut
1240 611 1355 650 domo
1385 613 1550 663 quisque
1582 626 1715 652 secum

248 671 400 710 afferret
419 672 537 722 probe
556 672 775 710 consultum
794 679 912 724 atque
932 673 1145 720 decretum,
1165 686 1252 725 quae
1267 673 1460 712 hominem
1476 673 1555 725 pati
1574 673 1624 713 de
1644 674 1714 713 diis

245 732 300 770 ita
321 733 495 772 meritum
516 734 571 772 fas
592 742 708 774 esset.
765 734 871 773 Bene
900 736 1029 786 itaque
1057 736 1165 787 gnari
1184 748 1268 782 vos,
1291 735 1563 783 Athenienses,
1582 736 1620 774 in
1639 735 1712 774 hac

246 794 460 833 Andocidis
479 808 599 834 causa
626 810 714 847 quae
735 797 812 835 sint
837 805 975 837 vestrae
996 806 1139 848 parteS,
1160 810 1209 836 ne
1229 797 1471 844 committite,
1499 804 1543 836 ut
1561 798 1609 836 ab
1628 797 1712 850 ejus

233 856 414 908 ·strophis
434 856 799 896 circumveniamini.
857 858 1064 897 Hominem
1083 860 1223 897 tenetis
1251 859 1443 910 sacrilegii
1463 858 1709 897 convictum:

244 918 409 964 vidistis,
429 918 589 957 audistis
609 919 692 970 ejus
712 919 875 959 scelera.
933 920 1170 960 Provolutus
1192 921 1243 959 ad
1260 934 1386 972 genua
1406 928 1536 960 vestra
1561 921 1710 973 suppli-

244 980 371 1018 cabit:
401 981 537 1031 procul
566 981 705 1020 habete
737 982 1058 1027 misericordiam;
1091 993 1168 1033 qua
1187 983 1293 1033 digni
1312 990 1404 1021 sunt
1422 983 1598 1022 insontes
1623 983 1707 1035 ple·

242 1042 385 1088 ctendi,
405 1042 568 1093 indigni,
589 1043 620 1082 si
639 1043 705 1094 qui
724 1057 795 1096 pro
813 1044 958 1083 meritis
977 1052 1152 1084 extrema
1169 1044 1336 1083 tolerant
1355 1043 1559 1096 supplicia.
