1822 3219
227 193 300 228 124
792 191 1099 230 ANDOCIDIS

212 292 405 342 regiminis
432 293 627 344 popularis
654 293 726 330 hac
761 306 781 329 e
811 293 965 330 civitate
994 293 1107 329 fuerit
1135 290 1304 327 sublata.
1362 288 1541 326 Profecto
1559 299 1673 326 nemo

213 359 287 396 est,
317 352 380 402 qui
405 352 444 390 id
463 352 606 390 facturn
635 353 775 390 doceat
802 353 915 389 fuisse
934 365 943 389 :
979 364 1052 401 ego
1073 359 1220 395 contra,
1240 357 1333 399 quot
1354 355 1392 386 et
1410 355 1554 398 quanta
1569 349 1672 386 bona

218 414 324 451 vobis
352 427 402 451 ex
422 414 494 452 hac
515 428 608 464 pace
628 414 876 458 effictum-int,
897 412 1056 450 docebo.
1114 412 1299 457 Primum,
1319 410 1504 448 Piraeeum
1522 410 1669 447 moeniis

215 485 307 514 tunc
338 477 527 527 sepsimus
561 478 660 514 intra
691 476 784 513 illud
819 475 922 525 quod
954 474 1029 512 dixi
1066 473 1246 511 tredecim
1281 485 1467 510 annorum
1488 472 1668 522 spatium,

215 545 296 574 tum
323 551 449 575 arcem
470 538 662 576 borealem
697 537 965 575 condidimus:
995 549 1153 586 quarum
1174 536 1325 573 navium
1347 534 1554 572 ministerio
1574 532 1668 570 Per-

214 611 296 636 sam
334 598 595 637 deviceramus
633 611 756 648 eoque
789 598 891 636 facto
925 597 1090 635 Graeciae
1127 596 1339 634 libertatem
1371 601 1671 639 ass‘erueramus,

214 672 302 696 cum
330 672 387 696 eae
414 673 531 697 naves
563 667 756 696 vetustate
785 659 984 696 dissolutae
1018 658 1238 707 militiaeque
1267 657 1464 693 maritimae
1485 655 1670 692 inhabiles

214 721 328 757 factae
344 720 519 764 fuissent,
542 733 671 757 earum
694 720 729 756 in
751 719 875 757 locum
892 727 1045 757 centum
1067 730 1224 755 numero
1245 730 1364 754 novas
1385 717 1478 753 alias
1499 716 1670 753 triremes

215 781 528 819 construximus:
561 788 641 817 tum
663 782 823 830 primurn
858 786 1113 817 trecentorum
1135 778 1304 827 equitum
1328 778 1559 814 instituimus
1581 777 1673 813 mili-

215 843 321 886 tiam,
341 841 575 891 totidemque
599 841 764 891 Scythas
785 840 1003 892 sagittarios
1023 852 1097 875 aere
1120 849 1249 875 nostro
1268 838 1513 876 redemimus.
1564 837 1671 873 Bona

215 902 301 940 haec
321 909 411 939 sunt
430 902 478 939 ad
507 915 626 952 remp.
655 903 702 939 ab
733 902 796 939 illa
815 913 902 938 cum
938 899 1238 937 Lacedaemoniis
1264 912 1359 949 pace
1388 899 1580 949 profecta3
1612 897 1672 934 hae

215 962 335 1012 copiae
370 961 489 999 illlinc
524 972 662 1012 partae.
716 962 924 1013 Interjecto
961 969 1131 1012 tempore
1164 966 1253 1009 post
1285 972 1416 997 rursus
1453 958 1555 996 bello
1583 970 1671 995 cum

216 1022 404 1073 AEginetis
441 1035 572 1059 sumus
598 1022 784 1073 impliciti,
811 1035 887 1073 quo
913 1022 950 1058 in
976 1021 1078 1059 bello
1099 1019 1226 1057 multis
1246 1028 1446 1071 utramque
1466 1020 1502 1057 in
1524 1026 1672 1071 partem

217 1082 394 1132 datisque
415 1083 665 1134 acceptisque
693 1083 885 1128 cladibus,
907 1082 1034 1120 denuo
1053 1094 1123 1118 nos
1151 1080 1380 1119 desiderium
1400 1081 1505 1131 pacis
1527 1080 1669 1123 subiit:

216 1156 294 1193 quo
324 1145 468 1182 factum
494 1151 565 1189 est,
595 1152 637 1181 ut
659 1157 708 1181 ex
734 1144 912 1181 universa
939 1142 1093 1180 civitate
1122 1142 1256 1179 decem
1284 1141 1401 1191 legati
1423 1141 1600 1191 Spartam
1622 1140 1671 1178 de

216 1218 313 1255 pace
332 1205 606 1243 constituenda
626 1204 825 1242 arbitraria
847 1216 934 1242 cum
955 1209 1148 1254 potestate
1169 1202 1423 1246 mitterentur,
1453 1213 1615 1252 quorum
1633 1200 1673 1237 in

218 1279 377 1303 numero
412 1279 565 1317 quoque
599 1265 823 1304 Andocides
857 1272 938 1303 erat
967 1276 1060 1301 avus
1094 1270 1241 1301 noster.
1300 1263 1350 1299 Hi
1382 1262 1499 1313 legati
1532 1274 1668 1312 pacem

218 1328 330 1364 nobis
362 1340 448 1364 cum
490 1326 789 1365 Lacedaemoniis
822 1325 1096 1376 trigintennem
1131 1323 1399 1361 conciliarunt.
1469 1322 1556 1361 Hoc
1589 1329 1672 1359 toto

218 1396 389 1438 tempore
410 1396 519 1425 estne
541 1401 711 1438 unquam
741 1387 922 1437 majestas
941 1385 1072 1436 populi
1100 1383 1330 1421 imminuta?
1386 1384 1544 1433 Negas:
1578 1382 1671 1432 quid

218 1449 329 1485 tum?
386 1449 535 1486 Suntne
565 1456 645 1486 tum
678 1447 921 1498 deprehensi,
952 1447 1019 1496 qui
1049 1444 1266 1483 convellere
1299 1444 1451 1482 civilem
1482 1444 1673 1481 constitu-

216 1509 360 1547 tionem
398 1510 656 1548 conarentur?
712 1507 819 1546 Nulli
856 1519 1020 1557 usquam
1060 1514 1174 1543 sunt:
1213 1518 1326 1542 nemo
1358 1510 1461 1542 certe
1497 1511 1570 1550 est,
1607 1503 1673 1553 qui

215 1571 334 1609 fuisse
355 1571 508 1609 doceat.
566 1570 700 1615 Quid?
728 1569 833 1621 quod
857 1568 933 1606 alia
960 1567 1088 1605 omnia
1118 1579 1294 1605 evenere.
1350 1565 1433 1603 Pax
1460 1565 1545 1602 haec
1577 1565 1670 1602 sub-

220 1632 350 1670 limem
382 1633 540 1670 sustulit
566 1631 754 1682 populum
784 1629 1063 1668 Atheniensem
1097 1628 1259 1678 ejusque
1288 1639 1426 1664 nervos
1456 1626 1556 1664 adeo
1584 1638 1670 1663 cor-

216 1693 425 1739 roboravit,
443 1700 486 1730 ut
503 1693 572 1730 illo
592 1692 630 1729 in
648 1692 729 1729 otio
749 1691 853 1729 mille
872 1690 1020 1729 talenta
1040 1690 1189 1739 argenti
1209 1689 1246 1725 in
1268 1700 1395 1725 arcem
1416 1686 1671 1733 intulerimus,

215 1766 338 1804 eaque
368 1761 411 1791 ut
437 1753 583 1805 populo
615 1751 770 1803 propria
804 1758 844 1789 et
872 1757 1096 1789 consecrata
1127 1755 1258 1787 essent
1287 1748 1375 1798 lege
1406 1747 1669 1790 sanxerimus;

216 1827 289 1853 nec
307 1827 383 1852 non
404 1816 577 1853 triremes
599 1814 647 1851 de
667 1826 768 1851 novo
788 1819 942 1850 centum
963 1811 1059 1849 alias
1078 1810 1406 1853 fabricaverimus,
1434 1808 1549 1846 etiam
1567 1808 1674 1859 ipsas

215 1874 298 1927 pari
320 1875 434 1913 modo
452 1876 570 1913 solius
590 1875 680 1925 reip.
703 1875 834 1912 usibus
862 1878 1134 1914 consecratas;
1165 1870 1315 1909 navalia
1343 1870 1431 1906 item
1461 1869 1675 1907 aedificave-

216 1936 350 1982 rimus,
382 1937 484 1976 mille
510 1944 548 1975 et
569 1937 759 1974 ducentos
780 1936 930 1986 equites
951 1933 1264 1972 constituerimus
1292 1932 1530 1981 totidemque
1551 1931 1673 1981 sagit-

216 1998 347 2043 tarios,
381 2005 420 2035 et
439 1998 505 2036 illa
522 1998 641 2048 longa
661 1997 802 2034 moenia
821 1995 1003 2035 australia
1031 1994 1406 2033 communiverimus.
1464 1991 1562 2029 Haee
1582 1999 1673 2029 suut

218 2059 286 2096 illa
303 2059 408 2096 bona
427 2071 493 2109 per
507 2058 609 2095 hanc
626 2058 838 2095 secundam
858 2070 946 2094 cum
967 2054 1271 2093 Lacedaemoniis
1290 2066 1424 2104 pacem
1441 2052 1534 2103 reip.
1551 2059 1674 2103 parta,

219 2127 257 2158 et
277 2120 338 2157 hae
359 2126 451 2157 sunt
469 2119 591 2169 copiae
611 2118 715 2155 illinc
737 2118 769 2155 ei
789 2118 975 2167 quaesitae.
1032 2116 1181 2152 Rursus
1202 2114 1327 2152 exorsi
1348 2115 1398 2151 ob
1418 2113 1674 2163 Megarenses

219 2180 381 2223 bellum,
407 2192 494 2217 cum
517 2179 738 2216 necessario
761 2177 872 2214 bonis
900 2176 1032 2213 multis
1052 2187 1285 2218 careremus,
1318 2186 1411 2224 agro
1431 2182 1560 2211 nostro
1578 2174 1677 2210 ferro

221 2248 260 2279 et
278 2240 442 2277 flammis
463 2240 629 2276 hostium
649 2239 848 2288 permisso,
869 2249 1002 2287 pacem
1023 2236 1151 2273 denuo
1175 2234 1349 2278 fecimus,
1382 2241 1539 2271 auctore
1559 2240 1674 2284 atque

220 2301 469 2340 conciliatore
490 2299 603 2336 Nicia
621 2298 792 2336 Nicerati
810 2298 900 2334 filio.
957 2296 1076 2346 Atqui
1103 2307 1216 2333 nemo
1235 2303 1402 2332 vestrum
1423 2303 1480 2332 est
1505 2296 1673 2332 omnium

219 2374 335 2414 quem
364 2359 500 2411 fugiat,
534 2372 604 2410 per
622 2359 723 2396 hanc
751 2358 875 2396 Niciae
895 2370 1029 2409 pacem
1051 2357 1192 2407 septies
1212 2357 1313 2394 mille
1333 2356 1477 2394 talenta
1504 2357 1675 2407 pecuniae

220 2424 385 2474 signatae
407 2433 430 2458 a
449 2421 559 2458 nobis
579 2420 618 2457 in
639 2432 765 2458 arcem
786 2419 894 2457 illata
911 2419 1043 2465 fuisse,
1065 2418 1237 2455 triremes
1257 2418 1341 2469 plus
1357 2431 1471 2468 quam
1490 2417 1672 2468 quadrin-

221 2491 358 2536 gentas
387 2489 653 2532 comparatas:
683 2482 722 2518 in
750 2480 1003 2531 vectigalibus
1036 2480 1186 2517 redibat
1217 2480 1419 2530 quotannis
1448 2480 1535 2530 plus
1559 2492 1673 2529 quam

219 2545 324 2583 mille
346 2550 385 2581 et
404 2543 575 2580 ducenta
593 2542 760 2579 talenta:
791 2543 1015 2579 tenebamus
1036 2548 1115 2578 tum
1137 2541 1441 2578 Cherrhonesum
1462 2547 1501 2577 et
1520 2540 1673 2576 Naxum

223 2613 262 2644 et
281 2605 440 2642 Euboeae
460 2602 547 2653 plus
567 2615 682 2652 quam
703 2602 921 2641 dotrantem
942 2615 951 2644 ;
982 2601 1150 2651 reliquas
1169 2602 1267 2639 enim
1287 2600 1457 2638 colonias
1477 2607 1557 2636 tum
1580 2608 1675 2637 tem·

222 2666 324 2717 poris
349 2678 371 2702 a
389 2664 498 2701 nobis
519 2663 707 2700 deductas
740 2675 962 2700 enumerare
982 2663 1140 2712 longum
1162 2662 1223 2700 sit.
1283 2662 1355 2700 His
1375 2661 1546 2698 fruentes
1564 2662 1674 2699 bonis

222 2739 355 2763 rursus
394 2726 431 2762 in
469 2724 613 2762 bellum
651 2736 740 2761 cum
780 2723 1080 2761 Lacedaemoniis
1124 2723 1340 2768 incidimus,
1387 2722 1557 2773 impulsu
1593 2729 1674 2760 tum

224 2799 379 2836 quoque
411 2786 656 2835 Argivorum.

277 2848 316 2881 2.
345 2845 430 2882 Jam
458 2845 712 2883 recordamini
730 2843 834 2889 mihi,
860 2855 1004 2893 quaeso,
1025 2843 1293 2888 Athenienses,
1314 2850 1403 2880 ante
1424 2844 1564 2887 omnia,
1582 2841 1676 2893 quid

226 2918 300 2955 ego
322 2918 342 2942 a
364 2905 547 2956 principio
565 2905 654 2943 inde
671 2905 785 2956 hujus
804 2903 986 2942 orationis
1017 2911 1053 2941 et
1072 2904 1179 2941 vobis
1201 2904 1327 2941 animo
1359 2903 1612 2955 spectandum
1637 2908 1677 2939 et
