<?xml version="1.0" encoding="UTF-8"?>
<!DOCTYPE html PUBLIC "-//W3C//DTD XHTML 1.0 Transitional//EN"
    "http://www.w3.org/TR/xhtml1/DTD/xhtml1-transitional.dtd">
<html xmlns="http://www.w3.org/1999/xhtml" xml:lang="en" lang="en">
 <head>
  <title>
</title>
<meta http-equiv="Content-Type" content="text/html;charset=utf-8" />
  <meta name='ocr-system' content='tesseract 3.04.00' />
  <meta name='ocr-capabilities' content='ocr_page ocr_carea ocr_par ocr_line ocrx_word'/>
</head>
<body>
  <div class='ocr_page' id='page_1' title='image "./oratoresatticie13dobs_0375.png"; bbox 0 0 1822 3219; ppageno 0'>
   <div class='ocr_carea' id='block_1_1' title="bbox 566 106 1598 148">
    <p class='ocr_par' dir='ltr' id='par_1_1' title="bbox 566 106 1598 148">
     <span class='ocr_line' id='line_1_1' title="bbox 566 106 1598 148; baseline -0.005 0"><span class='ocrx_word' id='word_1_1' title='bbox 566 110 788 148; x_wconf 87' lang='lat' dir='ltr'>CONTRA</span> <span class='ocrx_word' id='word_1_2' title='bbox 818 107 1188 146; x_wconf 90' lang='lat' dir='ltr'><strong>DIOGlTONEM.</strong></span> <span class='ocrx_word' id='word_1_3' title='bbox 1523 106 1598 144; x_wconf 81' lang='lat'><strong>363</strong></span> 
     </span>
    </p>
   </div>
   <div class='ocr_carea' id='block_1_2' title="bbox 149 207 1599 1344">
    <p class='ocr_par' dir='ltr' id='par_1_2' title="bbox 149 207 1599 1344">
     <span class='ocr_line' id='line_1_2' title="bbox 156 207 1597 261; baseline -0.001 -16"><span class='ocrx_word' id='word_1_4' title='bbox 156 207 363 247; x_wconf 78' lang='lat' dir='ltr'><strong>haberetne</strong></span> <span class='ocrx_word' id='word_1_5' title='bbox 382 211 417 247; x_wconf 89' lang='lat' dir='ltr'><strong>in</strong></span> <span class='ocrx_word' id='word_1_6' title='bbox 437 217 628 261; x_wconf 84' lang='lat' dir='ltr'><strong>potestate</strong></span> <span class='ocrx_word' id='word_1_7' title='bbox 648 224 718 248; x_wconf 75' lang='lat' dir='ltr'><strong>sua</strong></span> <span class='ocrx_word' id='word_1_8' title='bbox 740 210 923 248; x_wconf 88' lang='lat' dir='ltr'><strong>rationem</strong></span> <span class='ocrx_word' id='word_1_9' title='bbox 944 208 1213 246; x_wconf 84' lang='lat' dir='ltr'><strong>trierarchatus</strong></span> <span class='ocrx_word' id='word_1_10' title='bbox 1234 207 1328 258; x_wconf 91' lang='lat' dir='ltr'><strong>ejus,</strong></span> <span class='ocrx_word' id='word_1_11' title='bbox 1349 219 1460 257; x_wconf 83' lang='lat' dir='ltr'><strong>quem</strong></span> <span class='ocrx_word' id='word_1_12' title='bbox 1482 207 1597 244; x_wconf 79' lang='lat' dir='ltr'><strong>frater</strong></span> 
     </span>
     <span class='ocr_line' id='line_1_3' title="bbox 156 266 1598 319; baseline -0.001 -15"><span class='ocrx_word' id='word_1_13' title='bbox 156 266 276 318; x_wconf 88' lang='lat' dir='ltr'><strong>ipsius</strong></span> <span class='ocrx_word' id='word_1_14' title='bbox 309 269 438 308; x_wconf 86' lang='lat' dir='ltr'><strong>Alexis</strong></span> <span class='ocrx_word' id='word_1_15' title='bbox 471 270 560 307; x_wconf 90' lang='lat' dir='ltr'><strong>olim</strong></span> <span class='ocrx_word' id='word_1_16' title='bbox 591 283 678 308; x_wconf 89' lang='lat' dir='ltr'><strong>curn</strong></span> <span class='ocrx_word' id='word_1_17' title='bbox 711 269 920 319; x_wconf 87' lang='lat' dir='ltr'><strong>Diogitone</strong></span> <span class='ocrx_word' id='word_1_18' title='bbox 949 280 1188 306; x_wconf 88' lang='lat' dir='ltr'><strong>communem</strong></span> <span class='ocrx_word' id='word_1_19' title='bbox 1226 267 1428 317; x_wconf 81' lang='lat' dir='ltr'><strong>gessisset:</strong></span> <span class='ocrx_word' id='word_1_20' title='bbox 1473 267 1598 304; x_wconf 88' lang='lat' dir='ltr'><strong>aiebat</strong></span> 
     </span>
     <span class='ocr_line' id='line_1_4' title="bbox 157 327 1597 379; baseline -0.001 -14"><span class='ocrx_word' id='word_1_21' title='bbox 157 328 399 367; x_wconf 89' lang='lat' dir='ltr'><strong>Aristodicus</strong></span> <span class='ocrx_word' id='word_1_22' title='bbox 421 330 577 375; x_wconf 85' lang='lat' dir='ltr'><strong>habere;</strong></span> <span class='ocrx_word' id='word_1_23' title='bbox 612 331 710 367; x_wconf 88' lang='lat' dir='ltr'><strong>imus</strong></span> <span class='ocrx_word' id='word_1_24' title='bbox 738 330 866 379; x_wconf 88' lang='lat' dir='ltr'><strong>itaque</strong></span> <span class='ocrx_word' id='word_1_25' title='bbox 891 328 1046 366; x_wconf 87' lang='lat' dir='ltr'><strong>domum</strong></span> <span class='ocrx_word' id='word_1_26' title='bbox 1072 328 1169 378; x_wconf 73' lang='lat' dir='ltr'><strong>ejuS,</strong></span> <span class='ocrx_word' id='word_1_27' title='bbox 1196 327 1415 377; x_wconf 80' lang='lat' dir='ltr'><strong>inspicimus</strong></span> <span class='ocrx_word' id='word_1_28' title='bbox 1439 340 1597 377; x_wconf 86' lang='lat' dir='ltr'><strong>syngra-</strong></span> 
     </span>
     <span class='ocr_line' id='line_1_5' title="bbox 157 387 1596 439; baseline -0.001 -15"><span class='ocrx_word' id='word_1_29' title='bbox 157 388 285 437; x_wconf 86' lang='lat' dir='ltr'><strong>pham,</strong></span> <span class='ocrx_word' id='word_1_30' title='bbox 308 390 516 427; x_wconf 88' lang='lat' dir='ltr'><strong>invenimus</strong></span> <span class='ocrx_word' id='word_1_31' title='bbox 537 391 585 427; x_wconf 88' lang='lat' dir='ltr'><strong>ibi</strong></span> <span class='ocrx_word' id='word_1_32' title='bbox 607 391 660 427; x_wconf 89' lang='lat' dir='ltr'><strong>sic</strong></span> <span class='ocrx_word' id='word_1_33' title='bbox 680 391 875 439; x_wconf 85' lang='lat' dir='ltr'><strong>scriptum,</strong></span> <span class='ocrx_word' id='word_1_34' title='bbox 898 389 1141 438; x_wconf 86' lang='lat' dir='ltr'><strong>Diogitonem</strong></span> <span class='ocrx_word' id='word_1_35' title='bbox 1164 387 1315 424; x_wconf 81' lang='lat' dir='ltr'><strong>Alexidi</strong></span> <span class='ocrx_word' id='word_1_36' title='bbox 1340 388 1375 424; x_wconf 89' lang='lat' dir='ltr'><strong>in</strong></span> <span class='ocrx_word' id='word_1_37' title='bbox 1403 393 1596 438; x_wconf 87' lang='lat' dir='ltr'><strong>sumptum</strong></span> 
     </span>
     <span class='ocr_line' id='line_1_6' title="bbox 156 447 1597 498; baseline -0.001 -13"><span class='ocrx_word' id='word_1_38' title='bbox 156 449 424 486; x_wconf 77' lang='lat' dir='ltr'><strong>trierarchatus</strong></span> <span class='ocrx_word' id='word_1_39' title='bbox 444 450 650 487; x_wconf 86' lang='lat' dir='ltr'><strong>credidisse</strong></span> <span class='ocrx_word' id='word_1_40' title='bbox 672 456 803 486; x_wconf 89' lang='lat' dir='ltr'><strong>mutuo</strong></span> <span class='ocrx_word' id='word_1_41' title='bbox 822 449 951 498; x_wconf 82' lang='lat' dir='ltr'><strong>viginti</strong></span> <span class='ocrx_word' id='word_1_42' title='bbox 971 455 1134 497; x_wconf 86' lang='lat' dir='ltr'><strong>quatuor</strong></span> <span class='ocrx_word' id='word_1_43' title='bbox 1153 447 1288 484; x_wconf 88' lang='lat' dir='ltr'><strong>minas.</strong></span> <span class='ocrx_word' id='word_1_44' title='bbox 1331 447 1446 496; x_wconf 86' lang='lat' dir='ltr'><strong>Atqui</strong></span> <span class='ocrx_word' id='word_1_45' title='bbox 1464 447 1597 497; x_wconf 89' lang='lat' dir='ltr'><strong>Diogi-</strong></span> 
     </span>
     <span class='ocr_line' id='line_1_7' title="bbox 157 506 1599 559; baseline 0 -14"><span class='ocrx_word' id='word_1_46' title='bbox 157 515 223 545; x_wconf 86' lang='lat' dir='ltr'><strong>ton</strong></span> <span class='ocrx_word' id='word_1_47' title='bbox 243 509 280 546; x_wconf 94' lang='lat' dir='ltr'><strong>in</strong></span> <span class='ocrx_word' id='word_1_48' title='bbox 300 509 445 547; x_wconf 82' lang='lat' dir='ltr'><strong>ratione</strong></span> <span class='ocrx_word' id='word_1_49' title='bbox 463 517 582 559; x_wconf 83' lang='lat' dir='ltr'><strong>gestae</strong></span> <span class='ocrx_word' id='word_1_50' title='bbox 603 510 735 546; x_wconf 85' lang='lat' dir='ltr'><strong>tutelae</strong></span> <span class='ocrx_word' id='word_1_51' title='bbox 753 510 790 546; x_wconf 91' lang='lat' dir='ltr'><strong>in</strong></span> <span class='ocrx_word' id='word_1_52' title='bbox 811 508 1094 546; x_wconf 74' lang='lat' dir='ltr'><strong>trierarchatum</strong></span> <span class='ocrx_word' id='word_1_53' title='bbox 1117 520 1138 544; x_wconf 85' lang='lat' dir='ltr'><strong>a</strong></span> <span class='ocrx_word' id='word_1_54' title='bbox 1158 521 1198 544; x_wconf 90' lang='lat' dir='ltr'><strong>se</strong></span> <span class='ocrx_word' id='word_1_55' title='bbox 1218 507 1427 556; x_wconf 76' lang='lat' dir='ltr'><strong>insumptus</strong></span> <span class='ocrx_word' id='word_1_56' title='bbox 1450 506 1599 556; x_wconf 85' lang='lat' dir='ltr'><strong>scripsit</strong></span> 
     </span>
     <span class='ocr_line' id='line_1_8' title="bbox 156 567 1596 620; baseline -0.001 -14"><span class='ocrx_word' id='word_1_57' title='bbox 156 580 242 606; x_wconf 87' lang='lat' dir='ltr'><strong>esse</strong></span> <span class='ocrx_word' id='word_1_58' title='bbox 263 570 517 620; x_wconf 82' lang='lat' dir='ltr'><strong>quadraginta</strong></span> <span class='ocrx_word' id='word_1_59' title='bbox 535 577 573 607; x_wconf 92' lang='lat' dir='ltr'><strong>et</strong></span> <span class='ocrx_word' id='word_1_60' title='bbox 597 578 684 608; x_wconf 90' lang='lat' dir='ltr'><strong>octo</strong></span> <span class='ocrx_word' id='word_1_61' title='bbox 710 570 846 613; x_wconf 81' lang='lat' dir='ltr'><strong>minas,</strong></span> <span class='ocrx_word' id='word_1_62' title='bbox 872 581 1030 618; x_wconf 84' lang='lat' dir='ltr'><strong>quarum</strong></span> <span class='ocrx_word' id='word_1_63' title='bbox 1055 575 1199 618; x_wconf 83' lang='lat' dir='ltr'><strong>partem</strong></span> <span class='ocrx_word' id='word_1_64' title='bbox 1227 567 1420 604; x_wconf 86' lang='lat' dir='ltr'><strong>dimidiam</strong></span> <span class='ocrx_word' id='word_1_65' title='bbox 1443 567 1596 617; x_wconf 88' lang='lat' dir='ltr'><strong>pupillis</strong></span> 
     </span>
     <span class='ocr_line' id='line_1_9' title="bbox 154 626 1597 681; baseline 0 -17"><span class='ocrx_word' id='word_1_66' title='bbox 154 627 368 679; x_wconf 86' lang='lat' dir='ltr'><strong>imputavit,</strong></span> <span class='ocrx_word' id='word_1_67' title='bbox 388 630 496 681; x_wconf 85' lang='lat' dir='ltr'><strong>quasi</strong></span> <span class='ocrx_word' id='word_1_68' title='bbox 522 631 560 667; x_wconf 92' lang='lat' dir='ltr'><strong>hi</strong></span> <span class='ocrx_word' id='word_1_69' title='bbox 580 630 751 668; x_wconf 84' lang='lat' dir='ltr'><strong>conferre</strong></span> <span class='ocrx_word' id='word_1_70' title='bbox 776 629 1012 671; x_wconf 84' lang='lat' dir='ltr'><strong>debuissent,</strong></span> <span class='ocrx_word' id='word_1_71' title='bbox 1039 633 1187 678; x_wconf 74' lang='lat' dir='ltr'><strong>partem</strong></span> <span class='ocrx_word' id='word_1_72' title='bbox 1212 627 1366 663; x_wconf 86' lang='lat' dir='ltr'><strong>alteram</strong></span> <span class='ocrx_word' id='word_1_73' title='bbox 1390 628 1441 664; x_wconf 88' lang='lat' dir='ltr'><strong>ait</strong></span> <span class='ocrx_word' id='word_1_74' title='bbox 1459 626 1505 663; x_wconf 89' lang='lat' dir='ltr'><strong>de</strong></span> <span class='ocrx_word' id='word_1_75' title='bbox 1526 640 1597 664; x_wconf 89' lang='lat' dir='ltr'><strong>suo</strong></span> 
     </span>
     <span class='ocr_line' id='line_1_10' title="bbox 153 687 1596 740; baseline 0.001 -16"><span class='ocrx_word' id='word_1_76' title='bbox 153 690 376 728; x_wconf 83' lang='lat' dir='ltr'><strong>contulisse.</strong></span> <span class='ocrx_word' id='word_1_77' title='bbox 435 691 477 727; x_wconf 91' lang='lat' dir='ltr'><strong>In</strong></span> <span class='ocrx_word' id='word_1_78' title='bbox 504 704 580 740; x_wconf 92' lang='lat' dir='ltr'><strong>quo</strong></span> <span class='ocrx_word' id='word_1_79' title='bbox 600 691 786 728; x_wconf 82' lang='lat' dir='ltr'><strong>mentitus</strong></span> <span class='ocrx_word' id='word_1_80' title='bbox 812 697 884 734; x_wconf 91' lang='lat' dir='ltr'><strong>est,</strong></span> <span class='ocrx_word' id='word_1_81' title='bbox 907 689 945 726; x_wconf 90' lang='lat' dir='ltr'><strong>id</strong></span> <span class='ocrx_word' id='word_1_82' title='bbox 963 688 1069 738; x_wconf 90' lang='lat' dir='ltr'><strong>quod</strong></span> <span class='ocrx_word' id='word_1_83' title='bbox 1088 701 1135 725; x_wconf 86' lang='lat' dir='ltr'><strong>ex</strong></span> <span class='ocrx_word' id='word_1_84' title='bbox 1160 688 1233 724; x_wconf 89' lang='lat' dir='ltr'><strong>hac</strong></span> <span class='ocrx_word' id='word_1_85' title='bbox 1261 687 1478 738; x_wconf 84' lang='lat' dir='ltr'><strong>syngrapha</strong></span> <span class='ocrx_word' id='word_1_86' title='bbox 1503 699 1596 725; x_wconf 91' lang='lat' dir='ltr'><strong>con-</strong></span> 
     </span>
     <span class='ocr_line' id='line_1_11' title="bbox 157 747 1598 800; baseline 0 -15"><span class='ocrx_word' id='word_1_87' title='bbox 157 748 272 787; x_wconf 87' lang='lat' dir='ltr'><strong>stitit:</strong></span> <span class='ocrx_word' id='word_1_88' title='bbox 303 764 350 787; x_wconf 87' lang='lat' dir='ltr'><strong>ne</strong></span> <span class='ocrx_word' id='word_1_89' title='bbox 372 751 582 787; x_wconf 81' lang='lat' dir='ltr'><strong>teruncium</strong></span> <span class='ocrx_word' id='word_1_90' title='bbox 602 751 758 800; x_wconf 87' lang='lat' dir='ltr'><strong>quidem</strong></span> <span class='ocrx_word' id='word_1_91' title='bbox 779 750 815 786; x_wconf 89' lang='lat' dir='ltr'><strong>in</strong></span> <span class='ocrx_word' id='word_1_92' title='bbox 840 749 952 786; x_wconf 87' lang='lat' dir='ltr'><strong>istum</strong></span> <span class='ocrx_word' id='word_1_93' title='bbox 979 748 1264 785; x_wconf 83' lang='lat' dir='ltr'><strong>trierarchatum</strong></span> <span class='ocrx_word' id='word_1_94' title='bbox 1290 747 1338 784; x_wconf 90' lang='lat' dir='ltr'><strong>de</strong></span> <span class='ocrx_word' id='word_1_95' title='bbox 1364 759 1433 784; x_wconf 88' lang='lat' dir='ltr'><strong>suo</strong></span> <span class='ocrx_word' id='word_1_96' title='bbox 1459 747 1598 798; x_wconf 84' lang='lat' dir='ltr'><strong>impen-</strong></span> 
     </span>
     <span class='ocr_line' id='line_1_12' title="bbox 157 806 1597 861; baseline 0.001 -18"><span class='ocrx_word' id='word_1_97' title='bbox 157 806 226 852; x_wconf 92' lang='lat' dir='ltr'><strong>dit,</strong></span> <span class='ocrx_word' id='word_1_98' title='bbox 245 821 358 859; x_wconf 90' lang='lat' dir='ltr'><strong>quem</strong></span> <span class='ocrx_word' id='word_1_99' title='bbox 379 824 448 848; x_wconf 89' lang='lat' dir='ltr'><strong>suo</strong></span> <span class='ocrx_word' id='word_1_100' title='bbox 469 811 620 848; x_wconf 86' lang='lat' dir='ltr'><strong>nomine</strong></span> <span class='ocrx_word' id='word_1_101' title='bbox 641 812 761 861; x_wconf 78' lang='lat' dir='ltr'><strong>gessit</strong></span> <span class='ocrx_word' id='word_1_102' title='bbox 777 818 817 847; x_wconf 88' lang='lat' dir='ltr'><strong>et</strong></span> <span class='ocrx_word' id='word_1_103' title='bbox 835 810 869 847; x_wconf 88' lang='lat' dir='ltr'><strong>in</strong></span> <span class='ocrx_word' id='word_1_104' title='bbox 890 822 1004 860; x_wconf 92' lang='lat' dir='ltr'><strong>quem</strong></span> <span class='ocrx_word' id='word_1_105' title='bbox 1025 810 1071 846; x_wconf 92' lang='lat' dir='ltr'><strong>de</strong></span> <span class='ocrx_word' id='word_1_106' title='bbox 1091 822 1160 846; x_wconf 93' lang='lat' dir='ltr'><strong>suo</strong></span> <span class='ocrx_word' id='word_1_107' title='bbox 1181 808 1398 858; x_wconf 84' lang='lat' dir='ltr'><strong>impendere</strong></span> <span class='ocrx_word' id='word_1_108' title='bbox 1417 809 1597 853; x_wconf 80' lang='lat' dir='ltr'><strong>debebat,</strong></span> 
     </span>
     <span class='ocr_line' id='line_1_13' title="bbox 155 867 1594 921; baseline 0.002 -18"><span class='ocrx_word' id='word_1_109' title='bbox 155 867 224 904; x_wconf 82' lang='lat' dir='ltr'><strong>sed</strong></span> <span class='ocrx_word' id='word_1_110' title='bbox 261 876 383 908; x_wconf 90' lang='lat' dir='ltr'><strong>totum</strong></span> <span class='ocrx_word' id='word_1_111' title='bbox 422 871 526 908; x_wconf 89' lang='lat' dir='ltr'><strong>illum</strong></span> <span class='ocrx_word' id='word_1_112' title='bbox 560 878 752 921; x_wconf 89' lang='lat' dir='ltr'><strong>sumptum</strong></span> <span class='ocrx_word' id='word_1_113' title='bbox 788 878 953 920; x_wconf 85' lang='lat' dir='ltr'><strong>quatuor</strong></span> <span class='ocrx_word' id='word_1_114' title='bbox 984 877 1023 907; x_wconf 92' lang='lat' dir='ltr'><strong>et</strong></span> <span class='ocrx_word' id='word_1_115' title='bbox 1057 869 1188 919; x_wconf 83' lang='lat' dir='ltr'><strong>viginti</strong></span> <span class='ocrx_word' id='word_1_116' title='bbox 1225 869 1427 914; x_wconf 82' lang='lat' dir='ltr'><strong>minarum,</strong></span> <span class='ocrx_word' id='word_1_117' title='bbox 1463 870 1525 917; x_wconf 91' lang='lat' dir='ltr'><strong>qui</strong></span> <span class='ocrx_word' id='word_1_118' title='bbox 1556 870 1594 906; x_wconf 85' lang='lat' dir='ltr'><strong>in</strong></span> 
     </span>
     <span class='ocr_line' id='line_1_14' title="bbox 152 929 1597 982; baseline 0.001 -17"><span class='ocrx_word' id='word_1_119' title='bbox 152 936 296 978; x_wconf 85' lang='lat' dir='ltr'><strong>partem</strong></span> <span class='ocrx_word' id='word_1_120' title='bbox 317 932 433 981; x_wconf 84' lang='lat' dir='ltr'><strong>ipsius</strong></span> <span class='ocrx_word' id='word_1_121' title='bbox 454 932 643 977; x_wconf 83' lang='lat' dir='ltr'><strong>veniebat,</strong></span> <span class='ocrx_word' id='word_1_122' title='bbox 664 932 711 969; x_wconf 88' lang='lat' dir='ltr'><strong>de</strong></span> <span class='ocrx_word' id='word_1_123' title='bbox 730 931 881 982; x_wconf 87' lang='lat' dir='ltr'><strong>peculio</strong></span> <span class='ocrx_word' id='word_1_124' title='bbox 906 930 1135 981; x_wconf 89' lang='lat' dir='ltr'><strong>pupillorum</strong></span> <span class='ocrx_word' id='word_1_125' title='bbox 1155 930 1304 966; x_wconf 84' lang='lat' dir='ltr'><strong>furatus</strong></span> <span class='ocrx_word' id='word_1_126' title='bbox 1326 937 1398 966; x_wconf 77' lang='lat' dir='ltr'><strong>est.</strong></span> <span class='ocrx_word' id='word_1_127' title='bbox 1446 929 1597 971; x_wconf 85' lang='lat' dir='ltr'><strong>Quodsi</strong></span> 
     </span>
     <span class='ocr_line' id='line_1_15' title="bbox 153 987 1598 1042; baseline 0.001 -17"><span class='ocrx_word' id='word_1_128' title='bbox 153 987 190 1025; x_wconf 87' lang='lat' dir='ltr'><strong>in</strong></span> <span class='ocrx_word' id='word_1_129' title='bbox 219 1002 272 1036; x_wconf 89' lang='lat' dir='ltr'><strong>re,</strong></span> <span class='ocrx_word' id='word_1_130' title='bbox 298 991 335 1028; x_wconf 91' lang='lat' dir='ltr'><strong>in</strong></span> <span class='ocrx_word' id='word_1_131' title='bbox 357 1005 433 1042; x_wconf 87' lang='lat' dir='ltr'><strong>qua</strong></span> <span class='ocrx_word' id='word_1_132' title='bbox 453 998 495 1030; x_wconf 90' lang='lat' dir='ltr'><strong>ut</strong></span> <span class='ocrx_word' id='word_1_133' title='bbox 514 992 775 1030; x_wconf 88' lang='lat' dir='ltr'><strong>testimonium</strong></span> <span class='ocrx_word' id='word_1_134' title='bbox 795 999 928 1029; x_wconf 88' lang='lat' dir='ltr'><strong>contra</strong></span> <span class='ocrx_word' id='word_1_135' title='bbox 949 1004 988 1029; x_wconf 94' lang='lat' dir='ltr'><strong>se</strong></span> <span class='ocrx_word' id='word_1_136' title='bbox 1009 1003 1078 1028; x_wconf 91' lang='lat' dir='ltr'><strong>sua</strong></span> <span class='ocrx_word' id='word_1_137' title='bbox 1106 1003 1216 1027; x_wconf 81' lang='lat' dir='ltr'><strong>manu</strong></span> <span class='ocrx_word' id='word_1_138' title='bbox 1246 997 1440 1026; x_wconf 80' lang='lat' dir='ltr'><strong>exaratum</strong></span> <span class='ocrx_word' id='word_1_139' title='bbox 1472 1001 1598 1039; x_wconf 79' lang='lat' dir='ltr'><strong>super-</strong></span> 
     </span>
     <span class='ocr_line' id='line_1_16' title="bbox 153 1049 1595 1101; baseline -0.001 -15"><span class='ocrx_word' id='word_1_140' title='bbox 153 1057 270 1096; x_wconf 81' lang='lat' dir='ltr'><strong>esset,</strong></span> <span class='ocrx_word' id='word_1_141' title='bbox 289 1052 544 1098; x_wconf 81' lang='lat' dir='ltr'><strong>commiserat,</strong></span> <span class='ocrx_word' id='word_1_142' title='bbox 565 1051 666 1090; x_wconf 86' lang='lat' dir='ltr'><strong>unde</strong></span> <span class='ocrx_word' id='word_1_143' title='bbox 686 1052 790 1089; x_wconf 85' lang='lat' dir='ltr'><strong>fraus</strong></span> <span class='ocrx_word' id='word_1_144' title='bbox 808 1059 846 1089; x_wconf 87' lang='lat' dir='ltr'><strong>et</strong></span> <span class='ocrx_word' id='word_1_145' title='bbox 862 1051 964 1088; x_wconf 83' lang='lat' dir='ltr'><strong>furor</strong></span> <span class='ocrx_word' id='word_1_146' title='bbox 983 1051 1063 1101; x_wconf 86' lang='lat' dir='ltr'><strong>ejus</strong></span> <span class='ocrx_word' id='word_1_147' title='bbox 1083 1049 1262 1087; x_wconf 83' lang='lat' dir='ltr'><strong>facillime</strong></span> <span class='ocrx_word' id='word_1_148' title='bbox 1283 1049 1408 1098; x_wconf 81' lang='lat' dir='ltr'><strong>detegi</strong></span> <span class='ocrx_word' id='word_1_149' title='bbox 1431 1056 1466 1086; x_wconf 88' lang='lat' dir='ltr'><strong>et</strong></span> <span class='ocrx_word' id='word_1_150' title='bbox 1489 1050 1595 1099; x_wconf 82' lang='lat' dir='ltr'><strong>argui</strong></span> 
     </span>
     <span class='ocr_line' id='line_1_17' title="bbox 155 1109 1597 1162; baseline 0.001 -15"><span class='ocrx_word' id='word_1_151' title='bbox 155 1116 324 1159; x_wconf 77' lang='lat' dir='ltr'><strong>poterat:</strong></span> <span class='ocrx_word' id='word_1_152' title='bbox 354 1126 441 1150; x_wconf 88' lang='lat' dir='ltr'><strong>nam</strong></span> <span class='ocrx_word' id='word_1_153' title='bbox 463 1119 530 1150; x_wconf 88' lang='lat' dir='ltr'><strong>aut</strong></span> <span class='ocrx_word' id='word_1_154' title='bbox 546 1112 682 1150; x_wconf 83' lang='lat' dir='ltr'><strong>furoris</strong></span> <span class='ocrx_word' id='word_1_155' title='bbox 702 1120 767 1150; x_wconf 87' lang='lat' dir='ltr'><strong>aut</strong></span> <span class='ocrx_word' id='word_1_156' title='bbox 784 1112 1033 1162; x_wconf 80' lang='lat' dir='ltr'><strong>impudentiae</strong></span> <span class='ocrx_word' id='word_1_157' title='bbox 1053 1123 1232 1148; x_wconf 87' lang='lat' dir='ltr'><strong>excessus</strong></span> <span class='ocrx_word' id='word_1_158' title='bbox 1252 1117 1324 1155; x_wconf 84' lang='lat' dir='ltr'><strong>est,</strong></span> <span class='ocrx_word' id='word_1_159' title='bbox 1346 1109 1443 1147; x_wconf 79' lang='lat' dir='ltr'><strong>mala</strong></span> <span class='ocrx_word' id='word_1_160' title='bbox 1465 1109 1597 1148; x_wconf 84' lang='lat' dir='ltr'><strong>fraude</strong></span> 
     </span>
     <span class='ocr_line' id='line_1_18' title="bbox 151 1169 1599 1220; baseline 0 -13"><span class='ocrx_word' id='word_1_161' title='bbox 151 1169 195 1208; x_wconf 83' lang='lat' dir='ltr'><strong>iis</strong></span> <span class='ocrx_word' id='word_1_162' title='bbox 223 1172 260 1209; x_wconf 86' lang='lat' dir='ltr'><strong>in</strong></span> <span class='ocrx_word' id='word_1_163' title='bbox 287 1173 400 1211; x_wconf 88' lang='lat' dir='ltr'><strong>rebus</strong></span> <span class='ocrx_word' id='word_1_164' title='bbox 430 1174 499 1219; x_wconf 86' lang='lat' dir='ltr'><strong>uti,</strong></span> <span class='ocrx_word' id='word_1_165' title='bbox 532 1174 592 1211; x_wconf 92' lang='lat' dir='ltr'><strong>ubi</strong></span> <span class='ocrx_word' id='word_1_166' title='bbox 621 1174 778 1211; x_wconf 84' lang='lat' dir='ltr'><strong>aliorum</strong></span> <span class='ocrx_word' id='word_1_167' title='bbox 807 1172 1040 1211; x_wconf 86' lang='lat' dir='ltr'><strong>conscientia</strong></span> <span class='ocrx_word' id='word_1_168' title='bbox 1068 1171 1286 1213; x_wconf 86' lang='lat' dir='ltr'><strong>intervenit;</strong></span> <span class='ocrx_word' id='word_1_169' title='bbox 1328 1183 1415 1220; x_wconf 85' lang='lat' dir='ltr'><strong>quae</strong></span> <span class='ocrx_word' id='word_1_170' title='bbox 1444 1183 1529 1207; x_wconf 86' lang='lat' dir='ltr'><strong>eum</strong></span> <span class='ocrx_word' id='word_1_171' title='bbox 1560 1177 1599 1207; x_wconf 84' lang='lat' dir='ltr'><strong>et</strong></span> 
     </span>
     <span class='ocr_line' id='line_1_19' title="bbox 150 1230 1596 1283; baseline -0.001 -14"><span class='ocrx_word' id='word_1_172' title='bbox 150 1239 294 1281; x_wconf 83' lang='lat' dir='ltr'><strong>quanta</strong></span> <span class='ocrx_word' id='word_1_173' title='bbox 316 1234 361 1271; x_wconf 86' lang='lat' dir='ltr'><strong>iis</strong></span> <span class='ocrx_word' id='word_1_174' title='bbox 388 1235 426 1271; x_wconf 86' lang='lat' dir='ltr'><strong>in</strong></span> <span class='ocrx_word' id='word_1_175' title='bbox 453 1235 566 1271; x_wconf 90' lang='lat' dir='ltr'><strong>rebus</strong></span> <span class='ocrx_word' id='word_1_176' title='bbox 592 1247 725 1271; x_wconf 86' lang='lat' dir='ltr'><strong>ausum</strong></span> <span class='ocrx_word' id='word_1_177' title='bbox 748 1233 986 1278; x_wconf 86' lang='lat' dir='ltr'><strong>existimatis,</strong></span> <span class='ocrx_word' id='word_1_178' title='bbox 1007 1246 1092 1283; x_wconf 79' lang='lat' dir='ltr'><strong>quae</strong></span> <span class='ocrx_word' id='word_1_179' title='bbox 1113 1232 1220 1269; x_wconf 89' lang='lat' dir='ltr'><strong>solus</strong></span> <span class='ocrx_word' id='word_1_180' title='bbox 1245 1231 1324 1268; x_wconf 88' lang='lat' dir='ltr'><strong>sine</strong></span> <span class='ocrx_word' id='word_1_181' title='bbox 1351 1230 1489 1267; x_wconf 83' lang='lat' dir='ltr'><strong>arbitro</strong></span> <span class='ocrx_word' id='word_1_182' title='bbox 1519 1237 1596 1267; x_wconf 87' lang='lat' dir='ltr'><strong>tra-</strong></span> 
     </span>
     <span class='ocr_line' id='line_1_20' title="bbox 149 1293 1192 1344; baseline -0.001 -15"><span class='ocrx_word' id='word_1_183' title='bbox 149 1293 290 1331; x_wconf 80' lang='lat' dir='ltr'><strong>ctavit?</strong></span> <span class='ocrx_word' id='word_1_184' title='bbox 319 1294 568 1339; x_wconf 86' lang='lat' dir='ltr'><strong>Adscendite,</strong></span> <span class='ocrx_word' id='word_1_185' title='bbox 592 1295 655 1344; x_wconf 91' lang='lat' dir='ltr'><strong>qui</strong></span> <span class='ocrx_word' id='word_1_186' title='bbox 674 1294 808 1332; x_wconf 88' lang='lat' dir='ltr'><strong>horum</strong></span> <span class='ocrx_word' id='word_1_187' title='bbox 830 1294 920 1330; x_wconf 82' lang='lat' dir='ltr'><strong>mihi</strong></span> <span class='ocrx_word' id='word_1_188' title='bbox 943 1300 1056 1331; x_wconf 84' lang='lat' dir='ltr'><strong>testes</strong></span> <span class='ocrx_word' id='word_1_189' title='bbox 1077 1293 1192 1330; x_wconf 91' lang='lat' dir='ltr'><strong>eritis.</strong></span> 
     </span>
    </p>
   </div>
   <div class='ocr_carea' id='block_1_3' title="bbox 767 1395 981 1432">
    <p class='ocr_par' dir='ltr' id='par_1_3' title="bbox 767 1395 981 1432">
     <span class='ocr_line' id='line_1_21' title="bbox 767 1395 981 1432; baseline -0.005 0"><span class='ocrx_word' id='word_1_190' title='bbox 767 1395 981 1432; x_wconf 80' lang='lat' dir='ltr'>TESTES.</span> 
     </span>
    </p>
   </div>
   <div class='ocr_carea' id='block_1_4' title="bbox 147 1467 1600 2607">
    <p class='ocr_par' dir='ltr' id='par_1_4' title="bbox 147 1467 1600 2607">
     <span class='ocr_line' id='line_1_22' title="bbox 205 1467 1598 1522; baseline -0.003 -14"><span class='ocrx_word' id='word_1_191' title='bbox 205 1474 241 1509; x_wconf 90' lang='lat'><strong>8.</strong></span> <span class='ocrx_word' id='word_1_192' title='bbox 270 1472 712 1521; x_wconf 85' lang='lat' dir='ltr'><strong>Audistis,judices,hos</strong></span> <span class='ocrx_word' id='word_1_193' title='bbox 729 1477 864 1508; x_wconf 88' lang='lat' dir='ltr'><strong>testes:</strong></span> <span class='ocrx_word' id='word_1_194' title='bbox 885 1470 1089 1522; x_wconf 85' lang='lat' dir='ltr'><strong>procedam</strong></span> <span class='ocrx_word' id='word_1_195' title='bbox 1106 1483 1210 1507; x_wconf 90' lang='lat' dir='ltr'><strong>nunc</strong></span> <span class='ocrx_word' id='word_1_196' title='bbox 1225 1468 1395 1506; x_wconf 85' lang='lat' dir='ltr'><strong>ulterius.</strong></span> <span class='ocrx_word' id='word_1_197' title='bbox 1425 1467 1598 1505; x_wconf 90' lang='lat' dir='ltr'><strong>Tandem</strong></span> 
     </span>
     <span class='ocr_line' id='line_1_23' title="bbox 149 1527 1598 1583; baseline -0.003 -14"><span class='ocrx_word' id='word_1_198' title='bbox 149 1532 277 1582; x_wconf 87' lang='lat' dir='ltr'><strong>itaque</strong></span> <span class='ocrx_word' id='word_1_199' title='bbox 302 1542 391 1583; x_wconf 87' lang='lat' dir='ltr'><strong>post</strong></span> <span class='ocrx_word' id='word_1_200' title='bbox 418 1534 557 1571; x_wconf 89' lang='lat' dir='ltr'><strong>multas</strong></span> <span class='ocrx_word' id='word_1_201' title='bbox 585 1532 919 1582; x_wconf 81' lang='lat' dir='ltr'><strong>tergiversationes</strong></span> <span class='ocrx_word' id='word_1_202' title='bbox 939 1544 985 1569; x_wconf 92' lang='lat' dir='ltr'><strong>eo</strong></span> <span class='ocrx_word' id='word_1_203' title='bbox 1006 1531 1135 1580; x_wconf 82' lang='lat' dir='ltr'><strong>redegi</strong></span> <span class='ocrx_word' id='word_1_204' title='bbox 1158 1529 1418 1578; x_wconf 84' lang='lat' dir='ltr'><strong>Diogitonem‚</strong></span> <span class='ocrx_word' id='word_1_205' title='bbox 1437 1533 1479 1564; x_wconf 91' lang='lat' dir='ltr'><strong>ut</strong></span> <span class='ocrx_word' id='word_1_206' title='bbox 1505 1527 1598 1566; x_wconf 81' lang='lat' dir='ltr'><strong>fate-</strong></span> 
     </span>
     <span class='ocr_line' id='line_1_24' title="bbox 148 1587 1596 1644; baseline -0.003 -15"><span class='ocrx_word' id='word_1_207' title='bbox 148 1599 250 1630; x_wconf 83' lang='lat' dir='ltr'><strong>retur</strong></span> <span class='ocrx_word' id='word_1_208' title='bbox 265 1593 312 1630; x_wconf 90' lang='lat' dir='ltr'><strong>de</strong></span> <span class='ocrx_word' id='word_1_209' title='bbox 332 1593 468 1631; x_wconf 86' lang='lat' dir='ltr'><strong>horum</strong></span> <span class='ocrx_word' id='word_1_210' title='bbox 486 1593 715 1644; x_wconf 86' lang='lat' dir='ltr'><strong>pupillorum</strong></span> <span class='ocrx_word' id='word_1_211' title='bbox 736 1592 963 1642; x_wconf 87' lang='lat' dir='ltr'><strong>patrimonio</strong></span> <span class='ocrx_word' id='word_1_212' title='bbox 982 1603 1100 1640; x_wconf 88' lang='lat' dir='ltr'><strong>penes</strong></span> <span class='ocrx_word' id='word_1_213' title='bbox 1120 1604 1160 1627; x_wconf 93' lang='lat' dir='ltr'><strong>se</strong></span> <span class='ocrx_word' id='word_1_214' title='bbox 1182 1596 1328 1640; x_wconf 84' lang='lat' dir='ltr'><strong>septem</strong></span> <span class='ocrx_word' id='word_1_215' title='bbox 1349 1587 1493 1625; x_wconf 87' lang='lat' dir='ltr'><strong>talenta</strong></span> <span class='ocrx_word' id='word_1_216' title='bbox 1510 1600 1596 1625; x_wconf 87' lang='lat' dir='ltr'><strong>cum</strong></span> 
     </span>
     <span class='ocr_line' id='line_1_25' title="bbox 147 1648 1596 1704; baseline -0.003 -16"><span class='ocrx_word' id='word_1_217' title='bbox 147 1653 402 1704; x_wconf 85' lang='lat' dir='ltr'><strong>quadraginta</strong></span> <span class='ocrx_word' id='word_1_218' title='bbox 422 1654 532 1690; x_wconf 89' lang='lat' dir='ltr'><strong>minis</strong></span> <span class='ocrx_word' id='word_1_219' title='bbox 552 1666 658 1690; x_wconf 81' lang='lat' dir='ltr'><strong>esse:</strong></span> <span class='ocrx_word' id='word_1_220' title='bbox 688 1665 732 1690; x_wconf 85' lang='lat' dir='ltr'><strong>ex</strong></span> <span class='ocrx_word' id='word_1_221' title='bbox 759 1652 817 1689; x_wconf 87' lang='lat' dir='ltr'><strong>his</strong></span> <span class='ocrx_word' id='word_1_222' title='bbox 842 1651 1031 1689; x_wconf 89' lang='lat' dir='ltr'><strong>calculum</strong></span> <span class='ocrx_word' id='word_1_223' title='bbox 1054 1650 1209 1694; x_wconf 85' lang='lat' dir='ltr'><strong>ducam,</strong></span> <span class='ocrx_word' id='word_1_224' title='bbox 1238 1648 1451 1685; x_wconf 84' lang='lat' dir='ltr'><strong>excludens</strong></span> <span class='ocrx_word' id='word_1_225' title='bbox 1483 1660 1596 1685; x_wconf 82' lang='lat' dir='ltr'><strong>omne</strong></span> 
     </span>
     <span class='ocr_line' id='line_1_26' title="bbox 147 1708 1596 1763; baseline -0.004 -13"><span class='ocrx_word' id='word_1_226' title='bbox 147 1725 268 1762; x_wconf 84' lang='lat' dir='ltr'><strong>genus</strong></span> <span class='ocrx_word' id='word_1_227' title='bbox 285 1714 473 1751; x_wconf 88' lang='lat' dir='ltr'><strong>redituum</strong></span> <span class='ocrx_word' id='word_1_228' title='bbox 494 1726 589 1763; x_wconf 92' lang='lat' dir='ltr'><strong>quos</strong></span> <span class='ocrx_word' id='word_1_229' title='bbox 607 1720 909 1749; x_wconf 82' lang='lat' dir='ltr'><strong>consentaneum</strong></span> <span class='ocrx_word' id='word_1_230' title='bbox 937 1718 996 1748; x_wconf 86' lang='lat' dir='ltr'><strong>est</strong></span> <span class='ocrx_word' id='word_1_231' title='bbox 1015 1723 1060 1747; x_wconf 77' lang='lat' dir='ltr'><strong>ex</strong></span> <span class='ocrx_word' id='word_1_232' title='bbox 1086 1710 1158 1752; x_wconf 81' lang='lat' dir='ltr'><strong>ista</strong></span> <span class='ocrx_word' id='word_1_233' title='bbox 1178 1721 1328 1746; x_wconf 87' lang='lat' dir='ltr'><strong>summa</strong></span> <span class='ocrx_word' id='word_1_234' title='bbox 1348 1708 1445 1745; x_wconf 84' lang='lat' dir='ltr'><strong>intra</strong></span> <span class='ocrx_word' id='word_1_235' title='bbox 1465 1715 1596 1745; x_wconf 86' lang='lat' dir='ltr'><strong>octen-</strong></span> 
     </span>
     <span class='ocr_line' id='line_1_27' title="bbox 148 1769 1598 1822; baseline -0.003 -12"><span class='ocrx_word' id='word_1_236' title='bbox 148 1773 252 1810; x_wconf 86' lang='lat' dir='ltr'><strong>nium</strong></span> <span class='ocrx_word' id='word_1_237' title='bbox 279 1773 441 1816; x_wconf 78' lang='lat' dir='ltr'><strong>redisse3</strong></span> <span class='ocrx_word' id='word_1_238' title='bbox 477 1774 557 1817; x_wconf 90' lang='lat' dir='ltr'><strong>sed,</strong></span> <span class='ocrx_word' id='word_1_239' title='bbox 585 1785 828 1822; x_wconf 78' lang='lat' dir='ltr'><strong>quaecunque</strong></span> <span class='ocrx_word' id='word_1_240' title='bbox 853 1772 890 1808; x_wconf 90' lang='lat' dir='ltr'><strong>in</strong></span> <span class='ocrx_word' id='word_1_241' title='bbox 916 1770 1084 1821; x_wconf 86' lang='lat' dir='ltr'><strong>pupillos</strong></span> <span class='ocrx_word' id='word_1_242' title='bbox 1112 1770 1285 1820; x_wconf 82' lang='lat' dir='ltr'><strong>impensa</strong></span> <span class='ocrx_word' id='word_1_243' title='bbox 1313 1775 1415 1814; x_wconf 89' lang='lat' dir='ltr'><strong>sunt,</strong></span> <span class='ocrx_word' id='word_1_244' title='bbox 1443 1769 1525 1819; x_wconf 89' lang='lat' dir='ltr'><strong>ipsa</strong></span> <span class='ocrx_word' id='word_1_245' title='bbox 1550 1769 1598 1806; x_wconf 89' lang='lat' dir='ltr'><strong>de</strong></span> 
     </span>
     <span class='ocr_line' id='line_1_28' title="bbox 149 1830 1598 1883; baseline -0.003 -12"><span class='ocrx_word' id='word_1_246' title='bbox 149 1843 250 1871; x_wconf 85' lang='lat' dir='ltr'><strong>sorte</strong></span> <span class='ocrx_word' id='word_1_247' title='bbox 271 1834 486 1872; x_wconf 87' lang='lat' dir='ltr'><strong>deducens:</strong></span> <span class='ocrx_word' id='word_1_248' title='bbox 517 1834 714 1883; x_wconf 86' lang='lat' dir='ltr'><strong>imputabo</strong></span> <span class='ocrx_word' id='word_1_249' title='bbox 735 1832 885 1870; x_wconf 89' lang='lat' dir='ltr'><strong>duobus</strong></span> <span class='ocrx_word' id='word_1_250' title='bbox 907 1832 1074 1868; x_wconf 89' lang='lat' dir='ltr'><strong>maribus</strong></span> <span class='ocrx_word' id='word_1_251' title='bbox 1095 1838 1210 1881; x_wconf 85' lang='lat' dir='ltr'><strong>atque</strong></span> <span class='ocrx_word' id='word_1_252' title='bbox 1237 1830 1378 1881; x_wconf 89' lang='lat' dir='ltr'><strong>puellae</strong></span> <span class='ocrx_word' id='word_1_253' title='bbox 1407 1842 1492 1867; x_wconf 87' lang='lat' dir='ltr'><strong>cum</strong></span> <span class='ocrx_word' id='word_1_254' title='bbox 1522 1843 1598 1880; x_wconf 84' lang='lat' dir='ltr'><strong>pae-</strong></span> 
     </span>
     <span class='ocr_line' id='line_1_29' title="bbox 148 1889 1598 1944; baseline -0.003 -13"><span class='ocrx_word' id='word_1_255' title='bbox 148 1893 302 1944; x_wconf 79' lang='lat' dir='ltr'><strong>dagogo</strong></span> <span class='ocrx_word' id='word_1_256' title='bbox 335 1902 448 1944; x_wconf 85' lang='lat' dir='ltr'><strong>atque</strong></span> <span class='ocrx_word' id='word_1_257' title='bbox 479 1894 621 1932; x_wconf 81' lang='lat' dir='ltr'><strong>ancilla</strong></span> <span class='ocrx_word' id='word_1_258' title='bbox 657 1900 832 1943; x_wconf 87' lang='lat' dir='ltr'><strong>sumptus</strong></span> <span class='ocrx_word' id='word_1_259' title='bbox 867 1893 981 1930; x_wconf 84' lang='lat' dir='ltr'><strong>annui</strong></span> <span class='ocrx_word' id='word_1_260' title='bbox 1015 1898 1180 1935; x_wconf 83' lang='lat' dir='ltr'><strong>tantum,</strong></span> <span class='ocrx_word' id='word_1_261' title='bbox 1213 1898 1400 1940; x_wconf 85' lang='lat' dir='ltr'><strong>quantum</strong></span> <span class='ocrx_word' id='word_1_262' title='bbox 1435 1901 1458 1926; x_wconf 85' lang='lat' dir='ltr'><strong>a</strong></span> <span class='ocrx_word' id='word_1_263' title='bbox 1494 1889 1598 1927; x_wconf 92' lang='lat' dir='ltr'><strong>nullo</strong></span> 
     </span>
     <span class='ocr_line' id='line_1_30' title="bbox 148 1949 1598 2005; baseline -0.003 -13"><span class='ocrx_word' id='word_1_264' title='bbox 148 1967 318 2005; x_wconf 90' lang='lat' dir='ltr'><strong>unquam</strong></span> <span class='ocrx_word' id='word_1_265' title='bbox 347 1968 471 2004; x_wconf 87' lang='lat' dir='ltr'><strong>neque</strong></span> <span class='ocrx_word' id='word_1_266' title='bbox 503 1962 609 2005; x_wconf 85' lang='lat' dir='ltr'><strong>patre</strong></span> <span class='ocrx_word' id='word_1_267' title='bbox 638 1955 673 1991; x_wconf 92' lang='lat' dir='ltr'><strong>in</strong></span> <span class='ocrx_word' id='word_1_268' title='bbox 705 1953 843 1990; x_wconf 81' lang='lat' dir='ltr'><strong>liberos</strong></span> <span class='ocrx_word' id='word_1_269' title='bbox 872 1965 995 2002; x_wconf 89' lang='lat' dir='ltr'><strong>neque</strong></span> <span class='ocrx_word' id='word_1_270' title='bbox 1025 1959 1149 1990; x_wconf 88' lang='lat' dir='ltr'><strong>tutore</strong></span> <span class='ocrx_word' id='word_1_271' title='bbox 1178 1952 1215 1989; x_wconf 92' lang='lat' dir='ltr'><strong>in</strong></span> <span class='ocrx_word' id='word_1_272' title='bbox 1243 1950 1405 2001; x_wconf 88' lang='lat' dir='ltr'><strong>pupillos</strong></span> <span class='ocrx_word' id='word_1_273' title='bbox 1437 1949 1598 1987; x_wconf 87' lang='lat' dir='ltr'><strong>Athenis</strong></span> 
     </span>
     <span class='ocr_line' id='line_1_31' title="bbox 147 2009 1597 2064; baseline -0.002 -13"><span class='ocrx_word' id='word_1_274' title='bbox 147 2015 361 2064; x_wconf 88' lang='lat' dir='ltr'><strong>impensum</strong></span> <span class='ocrx_word' id='word_1_275' title='bbox 381 2028 466 2052; x_wconf 89' lang='lat' dir='ltr'><strong>esse</strong></span> <span class='ocrx_word' id='word_1_276' title='bbox 486 2022 613 2053; x_wconf 85' lang='lat' dir='ltr'><strong>certus</strong></span> <span class='ocrx_word' id='word_1_277' title='bbox 631 2027 728 2058; x_wconf 87' lang='lat' dir='ltr'><strong>sum,</strong></span> <span class='ocrx_word' id='word_1_278' title='bbox 744 2014 864 2051; x_wconf 85' lang='lat' dir='ltr'><strong>denas</strong></span> <span class='ocrx_word' id='word_1_279' title='bbox 885 2012 1026 2056; x_wconf 75' lang='lat' dir='ltr'><strong>minas:</strong></span> <span class='ocrx_word' id='word_1_280' title='bbox 1060 2013 1115 2049; x_wconf 87' lang='lat' dir='ltr'><strong>sic</strong></span> <span class='ocrx_word' id='word_1_281' title='bbox 1135 2012 1171 2049; x_wconf 91' lang='lat' dir='ltr'><strong>in</strong></span> <span class='ocrx_word' id='word_1_282' title='bbox 1193 2011 1272 2049; x_wconf 90' lang='lat' dir='ltr'><strong>dies</strong></span> <span class='ocrx_word' id='word_1_283' title='bbox 1291 2010 1461 2060; x_wconf 83' lang='lat' dir='ltr'><strong>singulos</strong></span> <span class='ocrx_word' id='word_1_284' title='bbox 1482 2009 1597 2059; x_wconf 89' lang='lat' dir='ltr'><strong>paulo</strong></span> 
     </span>
     <span class='ocr_line' id='line_1_32' title="bbox 148 2069 1600 2125; baseline -0.003 -13"><span class='ocrx_word' id='word_1_285' title='bbox 148 2073 274 2113; x_wconf 83' lang='lat' dir='ltr'><strong>minus</strong></span> <span class='ocrx_word' id='word_1_286' title='bbox 300 2088 414 2125; x_wconf 86' lang='lat' dir='ltr'><strong>quarn</strong></span> <span class='ocrx_word' id='word_1_287' title='bbox 441 2082 559 2112; x_wconf 81' lang='lat' dir='ltr'><strong>ternae</strong></span> <span class='ocrx_word' id='word_1_288' title='bbox 580 2075 774 2113; x_wconf 78' lang='lat' dir='ltr'><strong>drachmae</strong></span> <span class='ocrx_word' id='word_1_289' title='bbox 794 2074 963 2111; x_wconf 69' lang='lat' dir='ltr'><strong>veniunt.</strong></span> <span class='ocrx_word' id='word_1_290' title='bbox 1022 2073 1095 2109; x_wconf 83' lang='lat' dir='ltr'><strong>Hae</strong></span> <span class='ocrx_word' id='word_1_291' title='bbox 1114 2072 1224 2109; x_wconf 87' lang='lat' dir='ltr'><strong>denae</strong></span> <span class='ocrx_word' id='word_1_292' title='bbox 1251 2071 1363 2107; x_wconf 85' lang='lat' dir='ltr'><strong>minae</strong></span> <span class='ocrx_word' id='word_1_293' title='bbox 1391 2069 1600 2107; x_wconf 86' lang='lat' dir='ltr'><strong>conficiunt</strong></span> 
     </span>
     <span class='ocr_line' id='line_1_33' title="bbox 149 2129 1599 2179; baseline -0.004 -6"><span class='ocrx_word' id='word_1_294' title='bbox 149 2135 330 2173; x_wconf 85' lang='lat' dir='ltr'><strong>octennio</strong></span> <span class='ocrx_word' id='word_1_295' title='bbox 363 2135 484 2173; x_wconf 84' lang='lat' dir='ltr'><strong>octies</strong></span> <span class='ocrx_word' id='word_1_296' title='bbox 520 2135 623 2173; x_wconf 88' lang='lat' dir='ltr'><strong>mille</strong></span> <span class='ocrx_word' id='word_1_297' title='bbox 657 2135 872 2178; x_wconf 84' lang='lat' dir='ltr'><strong>drachmas,</strong></span> <span class='ocrx_word' id='word_1_298' title='bbox 912 2146 979 2170; x_wconf 91' lang='lat' dir='ltr'><strong>seu</strong></span> <span class='ocrx_word' id='word_1_299' title='bbox 1017 2132 1203 2170; x_wconf 82' lang='lat' dir='ltr'><strong>talentum</strong></span> <span class='ocrx_word' id='word_1_300' title='bbox 1245 2144 1361 2168; x_wconf 89' lang='lat' dir='ltr'><strong>unum</strong></span> <span class='ocrx_word' id='word_1_301' title='bbox 1394 2137 1432 2167; x_wconf 91' lang='lat' dir='ltr'><strong>et</strong></span> <span class='ocrx_word' id='word_1_302' title='bbox 1464 2129 1599 2179; x_wconf 85' lang='lat' dir='ltr'><strong>viginti</strong></span> 
     </span>
     <span class='ocr_line' id='line_1_34' title="bbox 149 2189 1598 2245; baseline -0.003 -13"><span class='ocrx_word' id='word_1_303' title='bbox 149 2196 290 2233; x_wconf 84' lang='lat' dir='ltr'><strong>minas:</strong></span> <span class='ocrx_word' id='word_1_304' title='bbox 320 2195 423 2245; x_wconf 82' lang='lat' dir='ltr'><strong>quod</strong></span> <span class='ocrx_word' id='word_1_305' title='bbox 443 2195 475 2232; x_wconf 93' lang='lat' dir='ltr'><strong>si</strong></span> <span class='ocrx_word' id='word_1_306' title='bbox 495 2208 586 2245; x_wconf 80' lang='lat' dir='ltr'><strong>ergo</strong></span> <span class='ocrx_word' id='word_1_307' title='bbox 607 2195 654 2232; x_wconf 90' lang='lat' dir='ltr'><strong>de</strong></span> <span class='ocrx_word' id='word_1_308' title='bbox 676 2202 820 2245; x_wconf 85' lang='lat' dir='ltr'><strong>septem</strong></span> <span class='ocrx_word' id='word_1_309' title='bbox 842 2193 994 2230; x_wconf 86' lang='lat' dir='ltr'><strong>talentis</strong></span> <span class='ocrx_word' id='word_1_310' title='bbox 1015 2200 1052 2229; x_wconf 87' lang='lat' dir='ltr'><strong>et</strong></span> <span class='ocrx_word' id='word_1_311' title='bbox 1075 2191 1331 2242; x_wconf 79' lang='lat' dir='ltr'><strong>quadraginta</strong></span> <span class='ocrx_word' id='word_1_312' title='bbox 1350 2189 1476 2234; x_wconf 88' lang='lat' dir='ltr'><strong>minis,</strong></span> <span class='ocrx_word' id='word_1_313' title='bbox 1499 2202 1598 2240; x_wconf 85' lang='lat' dir='ltr'><strong>quas</strong></span> 
     </span>
     <span class='ocr_line' id='line_1_35' title="bbox 152 2251 1598 2307; baseline -0.004 -13"><span class='ocrx_word' id='word_1_314' title='bbox 152 2256 335 2307; x_wconf 87' lang='lat' dir='ltr'><strong>Diogiton</strong></span> <span class='ocrx_word' id='word_1_315' title='bbox 356 2257 499 2294; x_wconf 85' lang='lat' dir='ltr'><strong>fatetur</strong></span> <span class='ocrx_word' id='word_1_316' title='bbox 520 2271 541 2294; x_wconf 84' lang='lat' dir='ltr'><strong>a</strong></span> <span class='ocrx_word' id='word_1_317' title='bbox 561 2270 600 2294; x_wconf 83' lang='lat' dir='ltr'><strong>se</strong></span> <span class='ocrx_word' id='word_1_318' title='bbox 621 2257 902 2293; x_wconf 84' lang='lat' dir='ltr'><strong>administratas</strong></span> <span class='ocrx_word' id='word_1_319' title='bbox 931 2268 1030 2296; x_wconf 85' lang='lat' dir='ltr'><strong>esse,</strong></span> <span class='ocrx_word' id='word_1_320' title='bbox 1056 2254 1241 2291; x_wconf 82' lang='lat' dir='ltr'><strong>talentum</strong></span> <span class='ocrx_word' id='word_1_321' title='bbox 1269 2265 1385 2290; x_wconf 85' lang='lat' dir='ltr'><strong>unum</strong></span> <span class='ocrx_word' id='word_1_322' title='bbox 1408 2258 1446 2289; x_wconf 90' lang='lat' dir='ltr'><strong>et</strong></span> <span class='ocrx_word' id='word_1_323' title='bbox 1466 2251 1598 2301; x_wconf 86' lang='lat' dir='ltr'><strong>viginti</strong></span> 
     </span>
     <span class='ocr_line' id='line_1_36' title="bbox 149 2311 1595 2368; baseline -0.004 -14"><span class='ocrx_word' id='word_1_324' title='bbox 149 2317 264 2355; x_wconf 84' lang='lat' dir='ltr'><strong>minae</strong></span> <span class='ocrx_word' id='word_1_325' title='bbox 294 2317 548 2361; x_wconf 87' lang='lat' dir='ltr'><strong>deducantur,</strong></span> <span class='ocrx_word' id='word_1_326' title='bbox 578 2325 688 2368; x_wconf 84' lang='lat' dir='ltr'><strong>paret</strong></span> <span class='ocrx_word' id='word_1_327' title='bbox 716 2315 876 2366; x_wconf 90' lang='lat' dir='ltr'><strong>relinqui</strong></span> <span class='ocrx_word' id='word_1_328' title='bbox 910 2315 1055 2353; x_wconf 86' lang='lat' dir='ltr'><strong>talenta</strong></span> <span class='ocrx_word' id='word_1_329' title='bbox 1090 2327 1154 2352; x_wconf 84' lang='lat' dir='ltr'><strong>sex</strong></span> <span class='ocrx_word' id='word_1_330' title='bbox 1189 2326 1277 2351; x_wconf 89' lang='lat' dir='ltr'><strong>cum</strong></span> <span class='ocrx_word' id='word_1_331' title='bbox 1306 2312 1441 2361; x_wconf 81' lang='lat' dir='ltr'><strong>viginti</strong></span> <span class='ocrx_word' id='word_1_332' title='bbox 1473 2311 1595 2349; x_wconf 89' lang='lat' dir='ltr'><strong>minis.</strong></span> 
     </span>
     <span class='ocr_line' id='line_1_37' title="bbox 152 2375 1597 2427; baseline -0.003 -14"><span class='ocrx_word' id='word_1_333' title='bbox 152 2377 292 2427; x_wconf 88' lang='lat' dir='ltr'><strong>Neque</strong></span> <span class='ocrx_word' id='word_1_334' title='bbox 323 2377 424 2414; x_wconf 88' lang='lat' dir='ltr'><strong>enim</strong></span> <span class='ocrx_word' id='word_1_335' title='bbox 456 2377 593 2414; x_wconf 90' lang='lat' dir='ltr'><strong>docere</strong></span> <span class='ocrx_word' id='word_1_336' title='bbox 622 2377 760 2427; x_wconf 88' lang='lat' dir='ltr'><strong>poterit</strong></span> <span class='ocrx_word' id='word_1_337' title='bbox 794 2376 991 2426; x_wconf 82' lang='lat' dir='ltr'><strong>Diogiton,</strong></span> <span class='ocrx_word' id='word_1_338' title='bbox 1020 2375 1086 2412; x_wconf 88' lang='lat' dir='ltr'><strong>illa</strong></span> <span class='ocrx_word' id='word_1_339' title='bbox 1114 2388 1201 2425; x_wconf 78' lang='lat' dir='ltr'><strong>quae</strong></span> <span class='ocrx_word' id='word_1_340' title='bbox 1235 2379 1496 2412; x_wconf 86' lang='lat' dir='ltr'><strong>remanserunt</strong></span> <span class='ocrx_word' id='word_1_341' title='bbox 1529 2385 1597 2409; x_wconf 87' lang='lat' dir='ltr'><strong>sex</strong></span> 
     </span>
     <span class='ocr_line' id='line_1_38' title="bbox 148 2431 1594 2486; baseline -0.004 -13"><span class='ocrx_word' id='word_1_342' title='bbox 148 2436 295 2474; x_wconf 84' lang='lat' dir='ltr'><strong>talenta</strong></span> <span class='ocrx_word' id='word_1_343' title='bbox 312 2449 398 2473; x_wconf 91' lang='lat' dir='ltr'><strong>cum</strong></span> <span class='ocrx_word' id='word_1_344' title='bbox 419 2436 550 2486; x_wconf 82' lang='lat' dir='ltr'><strong>viginti</strong></span> <span class='ocrx_word' id='word_1_345' title='bbox 571 2436 679 2473; x_wconf 87' lang='lat' dir='ltr'><strong>minis</strong></span> <span class='ocrx_word' id='word_1_346' title='bbox 701 2436 780 2473; x_wconf 89' lang='lat' dir='ltr'><strong>ullo</strong></span> <span class='ocrx_word' id='word_1_347' title='bbox 801 2436 914 2473; x_wconf 87' lang='lat' dir='ltr'><strong>modo</strong></span> <span class='ocrx_word' id='word_1_348' title='bbox 941 2435 1011 2473; x_wconf 90' lang='lat' dir='ltr'><strong>sibi</strong></span> <span class='ocrx_word' id='word_1_349' title='bbox 1032 2436 1197 2485; x_wconf 82' lang='lat' dir='ltr'><strong>perisse3</strong></span> <span class='ocrx_word' id='word_1_350' title='bbox 1229 2446 1317 2471; x_wconf 89' lang='lat' dir='ltr'><strong>nam</strong></span> <span class='ocrx_word' id='word_1_351' title='bbox 1338 2445 1459 2482; x_wconf 91' lang='lat' dir='ltr'><strong>neque</strong></span> <span class='ocrx_word' id='word_1_352' title='bbox 1481 2431 1594 2468; x_wconf 87' lang='lat' dir='ltr'><strong>latro·</strong></span> 
     </span>
     <span class='ocr_line' id='line_1_39' title="bbox 148 2492 1596 2547; baseline -0.004 -12"><span class='ocrx_word' id='word_1_353' title='bbox 148 2509 217 2535; x_wconf 86' lang='lat' dir='ltr'><strong>nes</strong></span> <span class='ocrx_word' id='word_1_354' title='bbox 247 2498 481 2547; x_wconf 85' lang='lat' dir='ltr'><strong>eripuerunt,</strong></span> <span class='ocrx_word' id='word_1_355' title='bbox 510 2510 633 2547; x_wconf 92' lang='lat' dir='ltr'><strong>neque</strong></span> <span class='ocrx_word' id='word_1_356' title='bbox 664 2497 807 2534; x_wconf 84' lang='lat' dir='ltr'><strong>mulcta</strong></span> <span class='ocrx_word' id='word_1_357' title='bbox 833 2495 1051 2546; x_wconf 86' lang='lat' dir='ltr'><strong>pecuniaria</strong></span> <span class='ocrx_word' id='word_1_358' title='bbox 1075 2496 1146 2546; x_wconf 92' lang='lat' dir='ltr'><strong>ipsi</strong></span> <span class='ocrx_word' id='word_1_359' title='bbox 1175 2495 1338 2545; x_wconf 78' lang='lat' dir='ltr'><strong>irrogata</strong></span> <span class='ocrx_word' id='word_1_360' title='bbox 1370 2492 1596 2544; x_wconf 83' lang='lat' dir='ltr'><strong>absumpsit,</strong></span> 
     </span>
     <span class='ocr_line' id='line_1_40' title="bbox 150 2557 838 2607; baseline -0.004 -11"><span class='ocrx_word' id='word_1_361' title='bbox 150 2569 272 2607; x_wconf 87' lang='lat' dir='ltr'><strong>neque</strong></span> <span class='ocrx_word' id='word_1_362' title='bbox 292 2557 541 2596; x_wconf 87' lang='lat' dir='ltr'><strong>creditoribus</strong></span> <span class='ocrx_word' id='word_1_363' title='bbox 561 2557 739 2595; x_wconf 83' lang='lat' dir='ltr'><strong>reddidit.</strong></span> <span class='ocrx_word' id='word_1_364' title='bbox 753 2557 773 2577; x_wconf 64' lang='lat'><strong>²⁵</strong></span> <span class='ocrx_word' id='word_1_365' title='bbox 786 2557 805 2577; x_wconf 58' lang='lat'><strong>³*</strong></span> <span class='ocrx_word' id='word_1_366' title='bbox 819 2557 838 2577; x_wconf 70' lang='lat'><strong>⁸⁵</strong></span> 
     </span>
    </p>
   </div>
  </div>
 </body>
</html>
