1822 3219
236 173 312 209 292
890 177 1060 216 LYSIAE

236 286 349 322 quam
369 287 436 312 eos
467 277 566 314 male
597 279 644 315 ab
672 278 755 328 ipso
782 287 914 329 gestos
941 293 1041 326 esse,
1071 292 1183 317 nemo
1209 287 1268 317 est
1293 279 1358 329 qui
1390 279 1529 317 docere
1555 278 1693 330 possit.

238 334 322 383 Ego
342 348 432 373 vero
460 349 537 374 non
563 338 632 376 hos
666 353 852 390 peccasse
881 340 1054 386 arbitror,
1081 340 1112 378 si
1145 341 1210 390 qui
1237 341 1275 377 in
1303 340 1367 378 illa
1395 353 1483 390 quae
1506 346 1585 377 tum
1615 332 1697 376 erat

236 407 359 432 rerum
389 399 677 446 perturbatione
705 399 845 437 multos
878 400 1041 438 honores
1063 413 1241 450 gessere;
1271 400 1337 438 sed
1366 399 1476 444 istos,
1498 399 1577 448 qui,
1598 410 1696 447 quos

235 464 413 503 gererent
430 460 602 507 quamvis
629 473 775 509 paucos
795 461 975 504 honores,
997 461 1042 498 iis
1071 461 1117 498 ad
1139 470 1290 511 pestem
1313 460 1534 511 reipublicae
1562 461 1696 496 abute-

236 524 378 554 rentur.
438 520 525 556 Non
548 522 645 557 enim
668 522 835 570 imperiis
857 529 896 558 et
917 523 1205 571 magistratibus
1223 522 1292 558 rite
1312 522 1536 570 fungentes,
1557 517 1697 568 prode-

236 577 332 615 bant
363 580 658 630 rempublicam3
707 581 773 618 sed
812 581 865 627 hi,
905 582 970 632 qui
1001 583 1246 620 commissam
1281 581 1352 619 sibi
1385 585 1615 631 potestatem
1648 577 1698 615 ad

237 638 383 676 scelera
411 641 642 679 conferrent.
701 642 777 679 Hic
812 650 954 687 autem,
974 649 1083 692 pater
1111 649 1256 688 noster,
1283 642 1446 692 primum
1473 639 1635 691 patriam
1660 638 1699 675 in

240 697 361 749 Oropi
394 701 627 750 praefectura
659 715 735 739 non
772 702 941 753 prodidit
974 716 1101 753 neque
1131 703 1240 740 novis
1271 703 1387 739 rebus
1421 700 1582 744 studuit,
1615 698 1699 736 aliis

238 760 431 808 omnibus,
448 762 605 808 quitum
627 776 714 800 cum
737 764 893 814 imperio
910 770 1023 814 atque
1044 770 1237 814 potestate
1259 768 1404 807 essent,
1422 759 1701 810 rempublicam

236 819 338 856 hosti
364 821 616 870 prodentibus
644 830 757 873 atque
784 825 1054 862 vendentibus.
1112 825 1269 862 Deinde
1289 830 1425 861 contra
1453 822 1558 863 fecit,
1587 828 1702 871 atque

239 879 302 916 alii
321 893 456 918 omnes
477 882 633 920 sceleris
650 883 720 920 sibi
741 884 895 921 conscii.
954 883 1109 934 Reliqui
1132 885 1297 921 salutem
1316 884 1411 933 fuga
1425 883 1698 933 quaesiverunt,

238 940 312 991 ipsi
346 955 417 979 suo
449 955 536 980 sese
564 944 788 994 praejudicio
824 944 1154 983 condemnantes:
1185 944 1248 982 hic
1283 953 1427 988 autem,
1462 950 1567 981 ratus
1601 955 1625 980 a
1661 955 1702 980 se

239 1001 415 1039 fraudem
449 1004 649 1042 noxiamve
681 1005 826 1042 nullam
857 1018 941 1043 esse
972 1005 1118 1051 datam,
1149 1005 1296 1056 judicio
1331 1017 1419 1042 sese
1447 1017 1553 1042 nunc
1587 1003 1702 1041 sistit.

239 1063 422 1108 Tertium,
444 1072 550 1114 pater
569 1077 592 1102 a
612 1066 781 1103 consiliis
809 1066 1191 1116 Quadringentorum
1212 1079 1296 1104 sese
1323 1078 1482 1116 prorsus
1502 1064 1702 1102 abstinuit.

239 1124 334 1160 Tam
366 1125 538 1179 projecta
564 1127 721 1177 quidem
753 1135 813 1165 est
845 1135 1115 1166 accusatorum
1144 1127 1339 1178 cupiditas
1361 1135 1440 1165 tam
1470 1124 1607 1164 odiosa
1631 1124 1704 1162 ini-

240 1186 381 1234 quitaS,
418 1193 462 1223 ut
497 1200 573 1225 non
612 1188 735 1225 solum
767 1190 909 1239 quibus
945 1202 968 1226 a
1001 1190 1076 1227 reis
1112 1189 1335 1238 largitiones
1370 1187 1604 1239 acceperint,
1635 1198 1704 1224 eos

240 1248 388 1284 tametsi
412 1256 542 1286 sontes
564 1249 800 1300 judiciorum
821 1251 1015 1289 severitati
1040 1251 1276 1295 subducant,
1302 1262 1325 1287 a
1343 1250 1482 1299 quibus
1500 1254 1633 1287 autem
1652 1247 1706 1286 nil

239 1309 451 1357 lucrentur,
478 1323 543 1348 eos
565 1313 738 1361 quamvis
758 1313 934 1350 insontes
964 1312 1141 1350 deferant
1165 1319 1205 1350 et
1227 1312 1264 1348 in
1290 1312 1376 1362 jure
1395 1315 1703 1361 persequentum

240 1369 306 1407 sed
330 1371 444 1409 etiarn
471 1382 647 1419 cunctos,
673 1373 739 1423 qui
764 1380 846 1410 tum
871 1374 908 1411 in
936 1373 1101 1424 collegio
1124 1374 1508 1424 Quadringentorum
1534 1371 1704 1416 fuerunt,

242 1438 429 1469 accusent
465 1433 637 1483 perinde,
667 1435 746 1471 sive
784 1434 1123 1472 deliberationibus
1160 1447 1292 1472 eorum
1330 1432 1588 1470 interfuerunt
1623 1431 1704 1469 sive

242 1493 381 1530 minus.
442 1494 526 1544 Ego
545 1508 651 1540 vero,
679 1502 870 1545 quotquot
894 1496 942 1533 ab
971 1496 1124 1533 illorum
1150 1496 1363 1533 rationibus
1391 1506 1480 1532 suas
1508 1493 1705 1543 sejunctas

241 1554 476 1601 habuerunt,
497 1562 540 1593 ut
561 1564 667 1607 pater
686 1557 834 1602 habuit,
853 1570 874 1594 a
893 1570 971 1607 quo
988 1557 1096 1594 nulla
1110 1569 1282 1607 unquam
1301 1557 1406 1594 dicta
1424 1553 1498 1593 fuit
1512 1554 1706 1595 sententia

240 1617 342 1666 plebi
362 1625 500 1656 vestrae
516 1619 654 1663 noxia;
685 1632 751 1657 eos
771 1633 846 1670 ego
864 1632 999 1657 omnes
1020 1632 1043 1657 a
1061 1619 1166 1657 vobis
1185 1619 1275 1658 ideo
1306 1618 1403 1656 male
1423 1617 1581 1656 tractari
1603 1629 1706 1666 nego

242 1685 430 1728 oportere,
453 1680 559 1729 quod
579 1681 678 1717 clam
701 1681 810 1718 vobis
832 1677 978 1718 addicti
994 1686 1245 1731 tyrannorum
1264 1680 1352 1717 odia
1377 1686 1415 1716 et
1434 1679 1509 1716 iras
1526 1678 1599 1716 sibi
1611 1689 1706 1715 con-

242 1739 404 1777 sciscere
426 1741 672 1778 verecundati
690 1742 878 1784 fuissent3
910 1740 1015 1791 quod
1032 1748 1075 1778 ut
1089 1740 1396 1792 reprehendatur
1410 1745 1560 1777 tantum
1581 1738 1705 1783 abest,

242 1808 286 1837 ut
313 1802 442 1851 potius
463 1802 616 1840 laudem
643 1811 837 1841 mereatur
856 1816 927 1840 ceu
955 1803 1148 1853 sapienter
1166 1810 1205 1841 et
1231 1801 1389 1853 provide
1413 1801 1574 1839 factum.
1629 1800 1707 1851 Ty·-

243 1863 371 1899 rannis
392 1865 494 1901 enim
515 1865 545 1901 si
566 1865 630 1914 qui
652 1865 951 1916 refragarentur,
970 1878 1102 1903 eorum
1132 1865 1227 1902 alios
1254 1864 1405 1910 exsilio,
1424 1863 1518 1901 alios
1538 1869 1708 1900 extremo

242 1923 434 1972 supplicio
453 1925 718 1961 mulctabant:
749 1938 826 1974 quo
846 1927 989 1963 factum
1009 1933 1065 1971 ut,
1093 1926 1243 1964 etiamsi
1265 1926 1331 1975 qui
1350 1924 1494 1962 vellent
1512 1936 1580 1974 pro
1599 1923 1708 1961 vobis

243 1996 430 2033 pugnare,
467 1989 592 2021 metus
627 1991 665 2021 et
696 1986 873 2035 exempla
904 1987 1072 2024 caedium
1108 2000 1243 2025 omnes
1273 1987 1547 2024 absterrerent.
1617 1984 1708 2023 Pari

244 2044 362 2081 modo
381 2045 520 2095 plebeii
537 2057 704 2094 quoque,
729 2057 752 2082 a
771 2046 942 2095 tyrannis
963 2054 1031 2083 aut
1050 2049 1088 2083 in
1117 2048 1294 2085 exsilium
1315 2047 1391 2084 acti
1416 2053 1484 2084 aut
1503 2046 1588 2084 neci
1614 2045 1707 2092 dati,

244 2104 294 2141 de
314 2117 356 2142 se
377 2108 459 2152 jam
479 2105 688 2155 desperare
708 2111 917 2156 coeperant.
976 2106 1136 2151 Contra,
1162 2108 1335 2158 tyrannis
1364 2108 1430 2157 qui
1452 2108 1556 2146 dicto
1577 2113 1710 2145 essent

246 2166 445 2204 audientes
465 2175 503 2204 et
530 2179 654 2216 neque
682 2167 894 2204 insidiaturi
914 2180 1040 2217 neque
1062 2180 1202 2206 arcana
1218 2169 1455 2206 enuntiaturi
1475 2168 1710 2215 viderentur,

245 2226 332 2263 illos
352 2229 506 2277 tyranni
533 2228 684 2277 quietos
707 2240 862 2265 manere
889 2228 1096 2277 salvosque
1128 2229 1323 2266 sinebant.
1381 2228 1445 2265 Sic
1463 2227 1579 2265 facile
1601 2228 1708 2267 fact-u

247 2300 324 2325 non
344 2289 560 2334 videbatur,
578 2295 621 2326 ut
640 2301 773 2326 eorum
803 2290 1004 2340 imperium
1025 2302 1197 2340 unquam
1216 2290 1450 2327 concideret.
1508 2289 1710 2339 Ejusmodi

247 2360 339 2398 ergo
368 2356 594 2399 tempestate
622 2349 685 2398 qui
714 2348 833 2387 dediti
858 2350 965 2386 vobis
996 2349 1116 2395 fuere,
1147 2363 1215 2387 eos
1245 2347 1350 2387 nunc
1376 2362 1455 2388 non
1486 2349 1599 2388 decet
1627 2363 1709 2389 sum

247 2408 456 2446 voluntatis
471 2422 606 2459 poenas
627 2409 731 2447 dare.
789 2409 918 2448 Grave
937 2411 1070 2460 utique
1092 2411 1182 2448 mihi
1202 2411 1355 2449 videtur
1374 2411 1560 2457 futurum,
1581 2411 1626 2456 si,
1642 2412 1708 2461 qui

247 2469 392 2507 nulli-us
408 2476 488 2507 tum
505 2471 759 2524 sententiaein
775 2470 950 2509 fraudem
965 2472 1088 2522 plebis
1103 2478 1241 2509 vestrae
1259 2472 1399 2510 fuisset
1414 2478 1548 2510 auctor
1563 2471 1706 2517 factus,

248 2542 335 2568 eum
356 2543 459 2568 nunc
479 2538 656 2581 oporteat
682 2532 819 2569 eadem
846 2540 948 2570 sorte
969 2533 1036 2578 uti,
1064 2546 1140 2583 qua
1160 2532 1259 2579 illos,
1280 2534 1313 2570 si
1331 2533 1396 2584 qui
1414 2539 1505 2580 ,tum
1525 2540 1707 2583 tyrannos

247 2591 503 2629 delationibus
537 2598 654 2642 atque
688 2594 998 2643 suggestionibus
1028 2595 1231 2631 teterrimis
1264 2594 1303 2631 in
1339 2606 1407 2631 vos
1443 2594 1705 2643 instigassent.

251 2652 375 2700 Eccui
407 2653 588 2691 credibile
621 2654 695 2691 hoc
719 2654 800 2699 fiat,
827 2655 893 2704 qui
919 2655 1010 2692 totis
1040 2655 1287 2706 septuaginta
1319 2655 1429 2692 annis
1457 2655 1494 2692 in
1523 2667 1591 2692 vos
1611 2655 1706 2694 nihil

251 2714 493 2764 deliquisset,
517 2727 603 2752 eum
626 2715 753 2753 subito
779 2716 878 2752 intra
896 2716 1095 2754 octiduum
1118 2723 1291 2754 extrema
1307 2729 1474 2766 quaeque
1493 2716 1532 2754 in
1551 2727 1620 2754 vos
1639 2716 1705 2755 de—

251 2775 454 2825 signasse‘?
498 2777 681 2814 Crebrum
701 2776 857 2826 quidem
879 2785 939 2814 est
958 2784 998 2814 et
1023 2777 1140 2827 vulgo
1171 2783 1302 2814 notum
1323 2776 1562 2827 genusillud
1584 2783 1706 2816 trans-

251 2838 533 2884 formationum,
551 2851 629 2888 quo
649 2838 704 2882 fit,
731 2845 786 2883 ut,
801 2838 866 2887 qui
889 2845 969 2876 tota
994 2839 1071 2876 vita
1100 2839 1261 2889 improbi
1284 2838 1461 2884 fuissent,
1481 2838 1520 2876 hi
1546 2846 1705 2889 repente

252 2898 290 2934 in
310 2898 505 2948 logisterio
524 2901 607 2948 [seu
625 2899 729 2936 curia
747 2899 936 2947 censoria]
954 2899 1062 2950 probi
1083 2899 1173 2937 fiant
1191 2913 1199 2942 ;
1231 2899 1266 2937 id
1284 2900 1389 2950 quod
1406 2912 1518 2938 nemo
1533 2899 1701 2944 miratur,
