1822 3219
638 477 1052 532 LYSIAE

215 658 217 661 ι
272 599 430 647 PRO
482 599 721 647 CAEDE
777 599 1423 649 ERATOSTHENIS

683 715 1007 757 APOLOGIA.

179 902 211 939 1.
241 900 490 938 Pnnmem
521 901 673 948 faciam,
695 901 776 947 viri,
804 901 877 939 hac
898 914 966 939 vos
992 913 1078 939 mea
1110 901 1148 938 in
1180 912 1299 938 causa
1327 899 1376 937 de
1403 911 1464 936 me
1490 899 1574 950 pari

119 961 233 999 modo
253 968 435 1009 statuere,
454 968 570 1013 atque
589 970 717 1001 vestra
734 963 808 1014 ipsi
827 962 909 1000 sitis
928 962 966 999 in
987 975 1107 1000 causa
1126 960 1347 1013 judicaturi,
1368 960 1405 998 in
1421 961 1577 998 fortuna

120 1035 269 1061 mecum
289 1024 381 1073 pari.
438 1024 580 1062 Certus
599 1025 696 1061 enim
724 1037 823 1069 sum,
851 1024 979 1061 animo
1009 1023 1040 1061 si
1070 1022 1151 1061 sitis
1184 1035 1277 1073 erga
1310 1022 1406 1060 alios
1436 1021 1574 1059 eodem

120 1096 198 1133 quo
227 1097 320 1134 erga
343 1092 495 1122 vosmet
519 1085 609 1123 estis
636 1084 774 1131 affecti,
794 1084 984 1122 neminem
1010 1083 1123 1122 facile
1150 1083 1230 1122 fore
1259 1082 1322 1134 qui
1355 1095 1434 1120 non
1461 1094 1577 1133 super

118 1156 212 1181 casu
242 1157 326 1182 meo
358 1146 524 1195 graviter
551 1146 794 1196 indignetur:
825 1157 957 1183 omnes
992 1144 1120 1195 potius
1151 1156 1284 1194 poenas
1308 1156 1332 1181 a
1357 1142 1507 1192 legibus
1536 1144 1575 1180 in

117 1205 378 1255 designatores
391 1206 612 1256 hujusmodi
624 1207 855 1256 flagitiorum
865 1205 1106 1250 constitutas,
1116 1205 1178 1242 vel
1191 1205 1376 1242 maximas
1387 1215 1576 1253 quasque,

116 1265 257 1302 meritis
277 1271 406 1302 tamen
425 1266 621 1304 inferiores
642 1266 724 1304 sitis
748 1265 970 1317 judicaturi.
1027 1265 1165 1315 Neque
1186 1264 1484 1303 existimandum
1504 1271 1576 1307 est,

115 1325 219 1375 apud
238 1338 306 1363 vos
324 1326 428 1364 solos
447 1325 502 1364 ita
521 1326 710 1364 sancitum
729 1339 814 1364 esse
832 1339 842 1369 ;
872 1326 911 1363 in
930 1325 1110 1363 universa
1129 1325 1321 1363 enimvero
1342 1324 1498 1362 Graecia
1521 1324 1576 1362 ita

117 1393 303 1424 statutum
336 1393 419 1427 est:
445 1387 560 1438 hujus
596 1388 696 1425 enim
725 1387 840 1424 unius
874 1387 995 1425 solius
1026 1386 1208 1432 criminis,
1239 1386 1430 1432 adulterii,
1448 1398 1573 1436 poenae

117 1446 264 1484 eaedem
295 1455 372 1485 tam
400 1447 444 1485 iis
475 1447 513 1484 in
544 1447 696 1498 populis
726 1447 790 1497 qui
819 1447 971 1497 legibus
1001 1453 1041 1485 et
1071 1446 1248 1484 libertate
1276 1446 1377 1484 civili
1401 1452 1575 1491 utuntur,

117 1519 233 1556 quam
253 1506 290 1543 in
309 1507 370 1544 his
389 1506 452 1557 qui
472 1507 700 1558 optimatum
719 1507 758 1544 in
779 1513 968 1557 potestate
989 1512 1093 1552 sunt,
1111 1506 1172 1544 vel
1199 1506 1338 1544 infimis
1357 1505 1575 1556 quibusque

118 1573 232 1616 atque
264 1567 529 1604 infirmissimis
562 1567 713 1618 scriptae
747 1574 838 1605 sunt
865 1573 983 1617 atque
1001 1566 1120 1604 veluti
1139 1566 1311 1604 debitum
1331 1565 1488 1616 aliquod
1511 1565 1577 1616 jus

118 1627 325 1673 attributae,
362 1628 467 1678 quod
499 1627 560 1665 vel
601 1629 649 1665 ab
682 1626 899 1665 editissimis
933 1634 1049 1677 atque
1084 1626 1360 1677 potentissimis
1392 1626 1576 1676 exigant;

117 1701 196 1738 quo
216 1689 271 1734 fit,
290 1695 332 1725 ut
351 1688 491 1738 ubique
516 1687 688 1725 locorum
722 1687 875 1724 infimus
910 1687 1072 1737 quisque
1104 1698 1191 1724 cum
1224 1685 1462 1724 nobilissimo
1494 1682 1576 1736 pari

111 1749 199 1799 jure
223 1749 412 1799 gaudeat3
442 1748 651 1786 humanum
673 1760 796 1798 genus
814 1747 851 1784 in
872 1746 946 1785 hoc
962 1754 1039 1785 tam
1060 1747 1267 1796 consentit,
1282 1753 1326 1784 ut
1339 1746 1440 1784 hanc
1456 1758 1573 1784 unam

119 1810 392 1847 contumeliam
412 1822 544 1846 omnes
564 1810 734 1846 omnium
760 1808 874 1859 longe
902 1809 1125 1846 existiment
1141 1807 1434 1845 atrocissimam.
1491 1807 1576 1845 Cri-

121 1869 232 1906 minis
262 1869 377 1919 igitur
409 1870 458 1906 de
493 1869 756 1920 magnitudine
785 1869 940 1919 quidem
967 1881 1036 1906 vos
1062 1881 1136 1919 ego
1163 1869 1342 1920 equidem
1374 1868 1574 1906 universos

120 1929 228 1979 paria
261 1942 410 1967 mecum
442 1930 584 1967 sentire
611 1930 783 1975 arbitror,
811 1942 988 1980 negoque
1017 1937 1185 1967 vestrum
1217 1929 1394 1980 cuiquam
1423 1936 1573 1967 tantum

118 1989 243 2026 inesse
275 1996 467 2041 torporem
498 1990 612 2028 animi
642 1997 758 2040 atque
788 1990 1048 2039 supinitatem,
1067 1995 1111 2026 ut
1136 1996 1204 2026 aut
1232 1989 1343 2026 venia
1371 1988 1574 2026 donandos

119 2056 185 2086 aut
204 2050 356 2088 modica
373 2057 475 2088 certe
496 2064 607 2101 poena
625 2057 785 2088 censeat
812 2050 1035 2087 afficiendos
1068 2062 1134 2087 eos
1163 2062 1187 2087 a
1215 2049 1356 2099 quibus
1387 2049 1576 2100 ejusmodi

119 2109 312 2148 dedecora
330 2111 502 2161 profecta
519 2111 595 2148 sint
612 2124 620 2149 :
643 2111 726 2162 jam
746 2123 835 2147 vero
855 2118 1030 2161 oportere
1051 2109 1212 2147 arbitror
1231 2109 1315 2146 haec
1340 2118 1401 2146 me
1421 2109 1573 2154 docere,

120 2171 412 2209 Eratosthenem
448 2185 605 2209 uxorem
639 2184 761 2208 meam
794 2178 1081 2221 constuprasse,
1113 2175 1152 2207 et
1183 2177 1439 2220 praeterquam
1469 2169 1575 2220 quod

117 2233 222 2270 illam
253 2233 408 2277 vitiavit,
441 2233 581 2271 liberos
614 2245 767 2283 quoque
800 2244 905 2269 meos
939 2231 1151 2281 ignominia
1182 2229 1370 2275 affecisse,
1390 2230 1459 2281 ipsi
1485 2230 1576 2268 mihi

118 2295 389 2332 contumeliam
409 2295 596 2332 obtulisse
627 2293 877 2331 clandestinis
910 2305 1034 2330 meam
1067 2293 1106 2329 in
1139 2292 1294 2330 domum
1328 2293 1575 2342 ingressibus,

116 2362 255 2405 praeter
284 2354 384 2391 hanc
403 2367 519 2392 unam
539 2355 633 2392 alias
654 2354 778 2391 nullas
801 2353 1015 2391 simultates
1043 2353 1141 2390 inter
1169 2366 1240 2390 nos
1266 2365 1434 2403 unquam
1455 2354 1573 2391 inter·

117 2415 306 2457 cessisse:
337 2428 413 2453 non
434 2421 606 2465 quaestus
629 2415 751 2464 gratia
769 2414 844 2451 hoc
864 2427 982 2451 ausus
1015 2426 1114 2458 sum,
1136 2414 1320 2464 quicquid
1340 2414 1378 2451 id
1401 2416 1461 2451 est
1478 2413 1573 2451 faci-

116 2475 235 2522 noris,
255 2482 296 2511 ut
315 2481 580 2525 paupertatem
598 2487 715 2525 opum
735 2473 986 2524 amplitudine
1005 2480 1294 2518 commutarem,
1311 2486 1437 2523 neque
1457 2473 1572 2510 ullius

117 2535 214 2572 alius
247 2535 439 2573 commodi
471 2541 662 2585 respectu,
682 2534 749 2572 sed
771 2535 853 2572 sola
873 2534 1014 2571 ductus
1042 2534 1223 2584 legitimae
1255 2534 1433 2571 vindictae
1465 2533 1572 2583 cupi-

119 2595 253 2633 ditate.

169 2656 209 2691 2.
239 2655 375 2692 Statim
393 2655 510 2706 igitur
527 2668 551 2693 a
570 2655 757 2705 principio
784 2655 891 2692 vobis
918 2667 1052 2693 omnes
1080 2668 1185 2692 meas
1214 2655 1382 2704 aperiam
1401 2654 1570 2692 fortunas

117 2720 233 2763 atque
251 2715 430 2760 rationes,
447 2715 498 2752 nil
518 2715 778 2760 dissimulans,
799 2714 868 2752 sed
885 2715 1032 2752 veritati
1052 2715 1227 2758 studens,
1244 2713 1309 2762 qui
1328 2713 1429 2751 hanc
1449 2714 1571 2752 solam

119 2773 211 2811 mihi
228 2779 357 2824 patere
374 2775 476 2812 viam
494 2776 630 2813 salutis
652 2774 878 2820 existimem,
893 2781 934 2812 ut
954 2775 1044 2812 mihi
1065 2774 1175 2811 liceat
1195 2779 1312 2811 totam
1333 2786 1410 2811 rem
1430 2780 1473 2812 ut
1486 2782 1573 2812 acta

120 2841 180 2872 est
199 2834 329 2872 ordine
349 2847 538 2873 enarrare.
596 2836 680 2885 Ego
700 2836 840 2886 itaque,
862 2848 909 2873 ex
939 2848 1015 2885 quo
1042 2835 1164 2871 visum
1193 2834 1265 2872 fuit
1293 2835 1572 2873 matrimonium
