1822 3219
179 170 254 207 354
819 164 993 204 LYSIJE

178 276 355 308 versatur
372 269 440 307 sed
464 269 551 320 ipsa
577 267 700 321 patria
728 267 822 306 alios
843 268 880 304 in
900 265 1114 317 periculum
1144 265 1310 314 conjicit,
1330 264 1438 315 leges
1458 263 1552 302 cum‘
1566 264 1641 302 fer-¹

181 337 267 368 rent
282 330 421 381 quibus
441 329 474 367 ei
494 333 637 367 'severae
655 341 778 380 poenae
797 328 1108 369 constituuntur:
1137 325 1236 364 ferre
1255 325 1305 363 de
1324 338 1384 370 eo,
1399 325 1463 375 qui
1479 323 1641 375 patriam

183 392 305 442 ipsam
336 390 612 442 periclitantem
645 389 871 433 deseruerit,
902 388 1056 438 insuper
1086 387 1254 425 habituri
1286 386 1406 424 fuisse
1436 382 1645 422 videntur?

187 452 465 503 Nequaquam:
498 452 679 489 tulissent
697 450 904 494 enimvero,
925 448 955 486 si
977 460 1145 498 unquam
1162 447 1331 485 futurum
1353 445 1537 497 suspicati
1557 444 1647 482 fuis-

185 519 287 559 sent,
307 519 351 550 ut
375 512 577 550 exsisteret
603 511 666 562 qui
691 511 767 549 tale
789 510 883 561 quid
912 509 1085 546 auderet.
1144 508 1290 559 Ecquis
1311 520 1387 544 non
1407 519 1490 551 vos,
1510 512 1548 544 et
1569 518 1648 543 rne-

191 575 283 612 ritos
302 573 473 624 quidem,
494 572 765 624 reprehendat,
786 572 831 617 si,
853 576 1059 621 postquam
1079 569 1350 619 inquilinorum
1374 580 1440 606 eos
1459 567 1524 617 qui
1549 566 1651 617 plebi

188 635 463 673 subvenissent
492 633 643 672 tametsi
671 633 776 670 nulla
805 632 891 681 lege
916 638 1140 669 tenerentur
1158 630 1196 667 id
1217 630 1357 674 facere,
1375 627 1652 671 honoras-setis,

188 702 229 733 et
252 695 377 733 modis
400 695 556 745 quidem
587 694 659 731 hac
684 693 837 731 civitate
862 692 1014 743 dignis;
1039 693 1118 743 jam
1147 691 1300 729 nolletis
1326 690 1430 727 hunc
1448 689 1650 727 Philonem

192 756 341 807 punire,
362 755 442 805 qui,
464 767 580 805 quam
608 754 795 792 debuerat
821 754 916 791 tueri
938 753 1146 798 civitatem,
1167 765 1251 790 eam
1276 751 1367 789 civis
1387 750 1503 788 officii
1522 751 1655 787 imme·

193 829 275 854 mor
295 815 496 867 prodidit?
524 813 670 865 punire,
691 814 860 863 inquam,
880 813 911 851 si
932 826 1008 851 non
1039 814 1114 852 alia
1135 813 1313 864 quapiam
1334 812 1506 863 graviore
1525 823 1653 863 poena,

191 876 316 915 saltim
339 875 496 914 infamia
518 876 553 912 in
573 887 652 925 qua
667 875 749 926 jam
768 873 916 911 haeret?

248 938 286 974 9.
318 937 544 975 Existimate
565 936 779 981 vobiscum,
799 947 877 985 qua
897 934 1054 973 tandem
1074 934 1122 972 de
1142 947 1262 972 causa
1277 935 1374 971 bene
1392 933 1441 970 de
1459 931 1656 983 republica

193 999 350 1038 meritos
374 999 583 1043 honoretis,
605 997 726 1035 malos
747 1004 876 1034 autem
895 996 1153 1034 contemnatis
1173 1002 1288 1046 atque
1308 994 1521 1046 abjiciatis;
1551 993 1656 1044 quod

193 1068 399 1111 utrumque
419 1073 441 1098 a
460 1060 670 1111 majoribus
690 1058 742 1096 ita
761 1065 821 1096 est
848 1057 1066 1095 institutum
1086 1069 1297 1108 eorumque
1316 1055 1501 1106 exempliS
1520 1054 1659 1093 confir-

193 1128 340 1160 matum
373 1128 488 1172 atque
520 1133 590 1172 pro
624 1119 710 1170 lege
744 1118 891 1157 tuenda
919 1119 1026 1157 vobis
1055 1118 1253 1164 traditum,
1274 1131 1351 1155 non
1379 1116 1656 1168 praeteritorum

194 1183 318 1234 magis
348 1183 471 1234 gratia
505 1195 621 1233 quam
653 1188 1003 1232 postventurorum,
1031 1186 1073 1217 ut
1105 1179 1245 1217 civium
1275 1178 1493 1229 injiceretur
1523 1177 1658 1215 animis

196 1244 311 1282 ardor
330 1257 395 1281 eas
416 1250 516 1280 artes
543 1241 720 1280 discendi
747 1253 891 1291 easque
916 1240 1050 1292 copias
1078 1253 1204 1278 rerum
1236 1239 1305 1276 sibi
1335 1237 1599 1289 comparandi,
1615 1250 1662 1275 ea

197 1304 364 1355 denique
385 1303 513 1342 studia
530 1302 750 1348 exercendi,
770 1315 930 1352 quorum
951 1301 1110 1339 assidua
1129 1300 1378 1338 meditatione
1395 1298 1552 1337 tandem
1572 1311 1662 1336 con-

198 1373 450 1417 sequerentur
468 1365 555 1410 hoc,
576 1372 619 1402 ut
638 1363 729 1401 boni
749 1364 946 1414 fortesque
966 1358 1046 1408 viri,
1068 1376 1145 1401 non
1164 1361 1321 1400 fortuito
1342 1361 1435 1404 nati,
1455 1359 1524 1398 sed
1544 1372 1662 1410 opera

198 1427 332 1465 dedita
351 1427 442 1464 sacti
464 1425 718 1467 haberentur:
749 1424 839 1461 mali
857 1431 985 1462 autem
1007 1431 1217 1475 turpesque
1237 1435 1315 1460 non
1334 1421 1451 1459 modo
1471 1433 1547 1458 non
1570 1434 1663 1458 con-

200 1487 317 1536 sulto,
331 1487 400 1525 sed
422 1500 470 1524 ne
489 1487 647 1524 fortuito
665 1485 821 1536 quidem
839 1493 984 1531 essent,
1000 1493 1039 1523 et
1058 1498 1081 1523 a
1101 1484 1256 1535 flagitiis
1274 1497 1360 1522 sese
1375 1495 1529 1533 quoquo
1549 1481 1664 1520 modo

201 1549 450 1586 abstinerent.
508 1547 711 1584 Philonem
727 1559 838 1596 porro
858 1547 1027 1596 cogitate
1049 1559 1126 1584 non
1143 1558 1189 1583 ea
1205 1546 1252 1583 de
1269 1559 1309 1584 se
1325 1544 1556 1596 prodidisse,
1577 1556 1665 1594 quae

197 1622 305 1660 spem
330 1608 491 1654 faciant,
521 1608 601 1645 fore
634 1614 675 1644 ut
699 1607 791 1645 boni
821 1613 937 1657 atque
965 1606 1092 1644 idonei
1123 1606 1311 1644 senatoris
1337 1610 1466 1656 partes
1494 1604 1666 1655 impleat.

201 1671 406 1708 Senatores
422 1669 605 1706 honorem
623 1666 1136 1718 capessentesjurejurando
1151 1667 1457 1718 obstringuntur.
1504 1664 1665 1715 Ecquod

203 1737 330 1769 autem
352 1729 624 1781 jusjurandum
644 1727 821 1766 videatur
840 1728 902 1765 ille
924 1727 996 1765 sibi
1021 1727 1196 1778 religioni
1222 1727 1408 1766 ducturus
1429 1725 1584 1772 violare,
1603 1726 1668 1776 qui

202 1791 296 1829 deos
316 1791 462 1842 patrios
482 1788 673 1840 prodidit?
720 1789 768 1826 Id
796 1789 897 1826 enim
923 1789 1016 1839 egit,
1043 1795 1082 1826 et
1106 1789 1276 1826 futurum
1306 1788 1453 1833 fuisset,
1476 1788 1508 1825 si
1535 1800 1667 1826 omnes

205 1852 372 1893 eundem
398 1860 513 1902 atque
542 1850 606 1888 ille
634 1850 805 1888 animum
835 1850 1062 1888 habuissent
1086 1850 1261 1900 idemque
1289 1855 1419 1888 essent
1447 1848 1667 1899 exemplum

206 1913 341 1952 secuti.
399 1911 563 1962 Ecquod
585 1911 648 1948 ille
669 1911 717 1948 sit
736 1912 880 1948 bonum
902 1918 1018 1961 atque
1039 1910 1133 1961 reip.
1155 1911 1321 1949 salutare
1341 1917 1523 1962 capturus
1542 1908 1683 1949 consi?

205 1974 314 2020 lium,
335 1972 399 2023 qui
418 1972 578 2023 patriam
599 1983 648 2008 ne
665 1984 817 2009 servare
836 1971 991 2022 quidem
1007 1978 1121 2022 atque
1139 1984 1161 2009 a
1176 1971 1358 2009 servitute
1370 1971 1566 2009 vindicare
1586 1983 1670 2009 sus-

209 2033 387 2073 tinuerit?
412 2045 591 2084 quaenam
607 2032 670 2069 ille
688 2034 781 2083 reip.
799 2045 940 2071 arcana
955 2032 1095 2070 silentii
1116 2032 1191 2070 fide
1205 2039 1310 2070 tecta
1328 2038 1367 2070 et
1382 2031 1516 2070 clausa
1535 2037 1674 2078 servet,

207 2097 274 2147 qui
294 2109 343 2133 ne
363 2095 517 2146 publice
537 2093 693 2144 quidem
715 2107 737 2131 a
757 2094 906 2144 legibus
933 2101 1049 2145 atque
1074 2093 1361 2144 magistratibus
1386 2092 1532 2130 indicta.
1556 2099 1672 2143 atque

210 2157 447 2196 denunciata
467 2156 714 2206 exsequenda
734 2155 805 2193 sibi
827 2155 1005 2192 duxerit?
1053 2155 1128 2199 Qui
1146 2168 1193 2193 ne
1208 2162 1428 2206 postremus
1448 2154 1604 2204 quidem
1624 2154 1673 2192 ad

211 2218 520 2257 communionem
553 2217 728 2255 laborum
760 2224 876 2267 atque
911 2216 1173 2254 discriminum
1206 2223 1420 2254 vestrorum
1454 2215 1674 2259 accesserit,

212 2280 275 2330 qui
295 2280 514 2325 conveniat,
535 2291 623 2316 eum
653 2278 689 2315 in
717 2278 939 2324 honoribus,
958 2278 1080 2328 iisque
1109 2277 1241 2322 tantis,
1263 2277 1506 2315 conferendis
1525 2277 1676 2329 praeha-

212 2341 294 2379 beri
313 2341 358 2377 iis
378 2340 484 2390 ipsis,
505 2353 666 2390 quorum
686 2339 879 2376 laboribus
900 2352 923 2376 a
943 2339 1078 2376 vestris
1101 2339 1315 2376 cervicibus
1337 2338 1498 2389 depulsa
1518 2345 1578 2376 est
1597 2350 1675 2376 ser-

215 2402 315 2439 vitus
335 2409 374 2438 et
395 2413 452 2438 res
474 2407 551 2438 tam
572 2399 768 2450 praeclarae
795 2398 943 2448 gestae‘?
992 2399 1129 2437 Dirum
1150 2399 1282 2449 utique
1303 2399 1352 2437 sit
1373 2407 1489 2449 atque
1509 2398 1676 2436 detesta-

215 2463 305 2507 bile,
324 2460 390 2511 qui
411 2461 507 2498 tanti
527 2473 595 2497 vos
615 2473 750 2497 omnes
771 2472 849 2497 non
870 2459 1017 2505 fecerit,
1036 2473 1123 2497 eum
1145 2473 1167 2497 a
1187 2461 1293 2497 vobis
1312 2460 1407 2498 tanti
1428 2459 1506 2497 fieri
1527 2467 1570 2496 ut
1586 2472 1674 2497 eum

216 2524 350 2563 ordine
369 2529 496 2560 vestro
517 2522 752 2571 amplissimo
770 2521 928 2571 dignum
949 2521 987 2558 in
1004 2534 1168 2559 censura
1188 2535 1335 2559 morum
1355 2521 1570 2559 declaretis.

279 2587 338 2622 10.
371 2583 449 2621 Sed
467 2582 578 2620 video
597 2581 800 2631 quosdam,
815 2594 977 2632 quorum
995 2583 1086 2620 satis
1107 2582 1230 2619 mirari
1251 2595 1327 2619 non
1347 2594 1503 2632 possum
1524 2581 1679 2619 demen-

221 2649 327 2685 tiam.
386 2644 436 2681 Hi
457 2644 579 2694 parati
596 2642 762 2687 Philoni,
776 2642 885 2692 cujus
904 2643 1068 2681 studiosi
1085 2649 1124 2680 et
1139 2642 1315 2680 advocati
1329 2649 1431 2686 sunt,
1445 2654 1681 2689 succurrere,

223 2710 299 2746 huc
319 2705 543 2757 prodierunt
566 2717 613 2742 eo
636 2717 723 2741 cum
748 2704 960 2754 proposito,
983 2711 1024 2741 ut
1043 2705 1208 2742 amicum
1237 2716 1259 2741 a
1279 2702 1386 2740 vobis
1413 2702 1682 2753 deprecentur,

225 2782 339 2821 quem
360 2774 587 2816 extorquere
607 2764 698 2802 mihi
717 2764 890 2814 precibus
918 2778 994 2802 non
1015 2771 1226 2815 potuerunt
1244 2776 1369 2814 neque
1390 2777 1448 2801 me
1468 2764 1623 2802 flectere
1642 2773 1684 2803 ut

224 2831 274 2868 ab
293 2828 537 2867 accusatione
557 2826 806 2864 desisterem:
837 2825 874 2863 hi
895 2839 962 2863 vos
984 2827 1190 2876 rogabunt,
1208 2831 1249 2862 ut
1269 2825 1434 2862 amicum
1453 2824 1524 2862 sibi
1539 2825 1684 2863 condo-

228 2891 352 2935 netis3
382 2896 462 2928 tum
483 2888 665 2940 temporis
682 2894 826 2934 autem,
841 2899 926 2926 cum
945 2887 1164 2925 discrimina
1181 2886 1288 2925 vobis
1303 2886 1570 2938 impenderent
1588 2893 1686 2926 atro-
