1822 3219
827 447 1144 501 LYSIAE

648 601 852 650 PRO
922 602 1330 651 MILITE

866 737 1109 779 ORATIO.

916 850 1044 857 ——.

310 926 341 962 l.
364 925 565 969 QUANAM
587 925 744 963 tandem
765 933 896 964 mente
918 932 957 964 et
975 925 1069 976 quid
1089 932 1310 978 spectantes
1329 925 1533 965 adversarii
1556 938 1714 964 causam

249 987 403 1037 quidem
430 988 554 1038 ipsam
585 988 882 1025 transmiserunt
907 988 1104 1035 indictam,
1131 1000 1257 1026 mores
1290 995 1416 1026 autem
1448 1001 1554 1026 meos
1585 988 1714 1026 conati

250 1055 341 1085 sunt
355 1048 392 1085 in
409 1048 592 1086 invidiam
608 1047 827 1086 adducere?
858 1049 1145 1100 Ignorabantne
1166 1049 1214 1087 de
1235 1062 1355 1087 causa
1373 1048 1581 1088 dicendum
1602 1050 1714 1087 esse?

250 1111 331 1154 An,
351 1110 450 1147 bene
469 1109 624 1160 quidem
644 1109 718 1148 hoc
738 1119 894 1156 norant,
917 1117 1195 1155 verumtamen,
1217 1111 1420 1161 opinantes
1441 1113 1588 1148 tantam
1607 1110 1716 1149 vobis

247 1172 374 1209 inesse
396 1171 689 1209 obliviositatem
706 1179 821 1223 atque
839 1171 1059 1210 tarditatem
1076 1179 1116 1210 ut
1131 1171 1310 1222 strophas
1331 1186 1421 1211 suas
1441 1172 1567 1210 minus
1580 1171 1716 1210 essetis

249 1232 563 1279 animadversuri,
584 1232 633 1270 de
658 1247 697 1271 re
723 1247 954 1284 quacunque
981 1234 1055 1272 alia
1073 1234 1267 1285 copiosius
1286 1248 1402 1285 quam
1423 1234 1472 1272 de
1491 1247 1610 1273 causa
1627 1247 1716 1285 pro-

247 1294 375 1344 posita
402 1293 627 1332 disserunt?
683 1295 748 1333 De
775 1308 821 1333 eo
847 1295 1004 1346 quidem
1029 1295 1122 1332 mihi
1146 1303 1250 1334 certo
1270 1303 1438 1341 constat,
1458 1309 1525 1335 eos
1543 1308 1623 1334 non
1641 1296 1717 1334 mei

247 1363 491 1408 contemptu,
512 1357 582 1394 sed
611 1370 756 1403 causae,
782 1358 899 1395 verba
924 1357 1078 1395 facere:
1110 1357 1170 1395 sin
1198 1364 1327 1396 autem
1353 1370 1424 1409 pro
1450 1370 1498 1395 ea
1521 1370 1599 1408 qua
1624 1365 1716 1395 sunt

246 1418 410 1456 stultitia
430 1425 586 1469 sperant
605 1418 792 1465 futurum,
808 1426 850 1456 ut
865 1431 936 1457 vos
954 1418 1156 1456 calumniis
1177 1419 1256 1456 suis
1275 1418 1458 1470 deceptos
1478 1417 1526 1457 ad
1544 1431 1605 1456 me
1626 1431 1717 1456 con·

246 1479 514 1518 demnandum
540 1478 753 1531 impellant,
773 1480 878 1517 istud
905 1480 1084 1530 equidem
1104 1493 1179 1518 non
1202 1479 1414 1517 admodum
1435 1479 1561 1517 mirer.
1619 1479 1717 1530 Spe-

245 1541 378 1579 rabam
410 1540 579 1594 quidem,
607 1541 777 1592 judiceS‚
809 1541 858 1580 de
887 1542 1058 1587 crimine,
1089 1554 1168 1579 non
1197 1541 1247 1579 de
1279 1541 1451 1579 moribus
1486 1540 1717 1580 certandum

245 1603 339 1641 mihi
368 1604 472 1642 fore:
508 1603 747 1642 adversarios
776 1611 905 1642 autem
935 1616 1094 1642 cernens
1124 1603 1294 1641 moribus
1324 1603 1419 1641 meis
1453 1604 1717 1649 obtrectantes

245 1665 459 1717 odiumque
483 1665 530 1703 iis
563 1665 757 1712 afflantes,
782 1678 860 1703 non
888 1677 1045 1716 possum
1072 1665 1214 1713 facere,
1234 1665 1326 1717 quin
1347 1665 1396 1703 ad
1421 1677 1556 1702 omnes
1582 1677 1715 1703 eorum

245 1726 532 1765 criminationes
562 1726 833 1778 respondeam.
892 1727 1021 1765 Primo
1041 1726 1172 1778 itaque
1191 1727 1280 1765 loco
1300 1739 1368 1765 vos
1390 1726 1552 1771 docebo,
1573 1726 1638 1776 qui
1659 1726 1717 1764 fa·

245 1794 354 1826 ctum
374 1789 436 1834 sit,
456 1795 499 1826 ut
520 1800 661 1826 nomen
682 1800 809 1826 meum
830 1788 930 1826 inter
951 1789 1106 1826 aerarios
1125 1788 1345 1826 referretur.

301 1852 339 1888 2.
370 1851 485 1888 Anno
515 1849 659 1897 abhinc
686 1855 788 1888 retro
813 1850 927 1888 tertio
947 1850 986 1887 in
1005 1852 1138 1888 urbem
1158 1863 1336 1888 reversus
1355 1850 1419 1888 vix
1440 1849 1540 1888 duos
1563 1862 1718 1889 menses

245 1911 351 1950 domi
371 1923 590 1962 exegeram,
607 1924 695 1949 cum
715 1924 876 1949 numero
896 1911 1141 1950 militantium
1161 1911 1362 1962 allegerer.
1418 1911 1536 1954 Quod
1553 1918 1596 1949 ut
1614 1910 1718 1950 sensi

243 1974 407 2020 factum,
423 1974 601 2025 protinus
617 1974 715 2025 coepi
736 1974 923 2025 suspicari
944 1974 1051 2012 nulla
1069 1974 1235 2012 honesta
1250 1973 1517 2025 probabilique
1532 1974 1583 2012 de
1597 1986 1720 2012 causa

244 2049 306 2074 me
328 2035 378 2073 ad
397 2035 620 2073 obeundam
640 2034 745 2073 illam
765 2042 1002 2074 castrensem
1020 2035 1305 2087 expeditionem
1321 2035 1517 2074 delectum
1532 2048 1633 2082 esse,
1647 2035 1717 2074 sed

242 2096 420 2135 fraudem
447 2097 576 2135 nescio
603 2109 719 2147 quam
742 2097 901 2148 cujusve
927 2111 973 2136 ea
995 2098 1034 2135 in
1054 2111 1093 2135 re
1115 2098 1270 2136 versari.
1328 2098 1390 2135 Ad
1409 2104 1622 2149 strategum
1642 2098 1715 2135 ita-

243 2172 319 2210 que
340 2159 431 2204 adii,
448 2160 511 2197 cui
530 2159 746 2210 significavi
765 2172 826 2198 me
846 2159 1132 2211 stipendiajarn
1153 2172 1240 2198 esse
1259 2159 1482 2204 emeritum;
1511 2171 1643 2197 verum
1665 2158 1714 2196 ab

243 2220 310 2258 illo
325 2221 390 2271 jus
409 2233 562 2271 aequum
581 2222 787 2271 impetrare
811 2234 889 2260 non
916 2228 1119 2272 poteram:
1150 2221 1271 2259 iratus
1299 2221 1348 2259 ob
1380 2220 1482 2258 hanc
1513 2226 1714 2271 acceptam

244 2281 435 2330 injuriam,
457 2283 750 2333 compescebam
771 2295 832 2320 me
850 2283 1021 2333 quidem,
1043 2289 1306 2321 verumtamen
1324 2294 1469 2333 anceps
1489 2281 1606 2319 animi
1625 2293 1716 2320 con·

241 2342 390 2393 siliique
418 2343 540 2393 inops,
563 2356 650 2380 cum
670 2342 809 2380 civium
831 2343 959 2382 nescio
979 2356 1056 2395 quo
1078 2336 1354 2392 deliberabam,
1376 2343 1470 2394 quid
1489 2343 1564 2382 hoc
1584 2343 1623 2381 in
1643 2355 1713 2381 ne-

245 2404 350 2453 gotio
382 2417 563 2455 sequerer
593 2412 631 2442 et
656 2417 735 2455 qua
758 2405 799 2442 id
827 2417 924 2444 ansa
948 2412 1179 2445 tractarem:
1210 2406 1262 2443 ibi
1289 2406 1429 2444 certior
1450 2406 1604 2451 fiebam,
1623 2405 1712 2454 illos

245 2465 472 2516 [Ctesiclem
493 2472 706 2516 strategum
728 2466 888 2518 ejusque
912 2468 1149 2517 assessores]
1175 2481 1369 2507 carcerem
1396 2468 1494 2507 adeo
1521 2468 1613 2506 mihi
1640 2468 1714 2506 mi-

245 2526 341 2572 nari,
357 2526 550 2577 jactantes
572 2526 676 2564 haud
695 2527 819 2566 minus
839 2541 924 2566 esse
944 2536 1097 2580 tempus
1117 2542 1194 2580 quo
1216 2529 1426 2581 Polyaenus
1447 2529 1485 2567 in
1506 2530 1597 2567 urbe
1620 2541 1713 2580 age-

244 2595 302 2624 ret
317 2600 432 2638 quam
449 2600 526 2638 quo
540 2587 785 2626 Callicrates.
844 2589 1038 2628 Probrosa
1052 2591 1116 2629 illa
1139 2591 1244 2628 dicta
1263 2593 1301 2629 in
1320 2592 1589 2641 imperatorem
1609 2603 1632 2628 a
1649 2603 1712 2629 me

244 2648 435 2699 conjecta,
455 2662 618 2700 quorum
640 2661 760 2687 causa
779 2650 925 2688 mulcta
943 2652 1168 2702 pecuniaria
1187 2652 1277 2689 mihi
1298 2652 1441 2702 scripta
1464 2657 1537 2696 est,
1558 2651 1713 2690 excide-

245 2717 335 2747 runt
361 2710 452 2749 mihi
478 2723 544 2762 per
574 2723 791 2749 sermonem
823 2725 911 2749 cum
938 2713 1186 2751 familiaribus
1210 2714 1315 2764 apud
1335 2726 1508 2751 mensam
1529 2719 1711 2764 argenta-

243 2771 335 2808 riam
365 2771 524 2818 Phileae,
544 2785 789 2824 nequaquam
819 2781 947 2811 autern
975 2774 1012 2811 in
1042 2775 1170 2814 curia:
1203 2783 1242 2813 et
1269 2774 1455 2813 Ctesicles
1480 2782 1624 2820 tamen,
1645 2776 1712 2827 qui

243 2840 325 2870 tum
347 2846 436 2870 cum
458 2834 617 2884 imperio
637 2842 730 2880 erat,
748 2834 910 2885 ejusque
927 2848 1159 2880 assessores,
1177 2836 1359 2875 certiores
1376 2837 1424 2875 ab
1440 2837 1566 2875 indice
1580 2838 1712 2876 neseio

245 2908 322 2944 quo
357 2894 444 2932 facti
477 2895 730 2934 convitiorum
761 2909 780 2933 a
814 2909 872 2934 me
901 2897 937 2934 in
966 2896 1070 2948 ipsos
1103 2909 1335 2947 sparsorum,
1360 2898 1455 2936 nulli
1484 2898 1710 2938 dubitarunt
