1822 3219
226 176 299 212 104
803 173 1109 212 ANDOCIDIS

219 276 374 326 impune
393 274 596 325 grassandi
611 282 650 312 et
669 274 763 312 alios
785 274 997 312 actionibus
1017 271 1227 332 majestatis
1246 278 1286 310 et
1312 272 1582 323 perduellionis
1601 280 1673 313 ter-

218 336 328 375 rendi
352 342 470 388 atque
491 335 724 388 exagitandi,
756 336 928 380 aliorum,
958 342 1138 385 tanquam
1156 334 1284 371 furum
1303 340 1419 383 atque
1435 335 1671 381 sicariorum,

219 397 387 436 latebras
407 398 689 449 magistratibus
709 396 916 443 indicandi,
931 396 1040 442 alios,
1057 404 1098 434 ut
1114 396 1474 434 immanissimorum
1490 411 1672 448 quorum-

221 471 298 510 que
319 459 507 498 scelerum
523 459 784 510 reossinjecta
800 471 915 496 manu
937 458 983 496 ad
1007 457 1284 497 undecimviros
1302 458 1532 496 abducendi.
1590 459 1671 497 Res

218 520 275 560 sic
293 534 335 560 se
354 521 484 566 habet,
506 521 588 567 viri,
607 534 655 558 ne
671 519 874 559 nesciatis:
905 527 1098 558 certamen
1129 520 1202 558 hoe
1230 520 1266 557 in
1287 533 1372 558 mea
1386 519 1542 570 quidem
1562 520 1672 557 unius

220 595 383 634 persona
401 582 611 622 consistere
640 583 816 631 videtur3
840 582 1029 633 judicium
1066 589 1193 620 autem
1227 596 1249 620 a
1275 582 1385 620 vobis
1415 581 1488 619 hac
1520 582 1558 618 in
1587 594 1674 620 mea

220 656 339 683 causa
358 644 555 683 serendum
571 644 619 682 ad
632 651 794 682 cunctos
806 643 1024 695 pertinebit,
1036 643 1266 694 publiceque
1278 642 1473 688 decernet,
1489 641 1674 680 vestrisne

219 705 371 757 legibus
389 713 566 758 oporteat
595 719 785 757 quemque
809 705 1016 751 confidere,
1042 717 1091 742 an
1111 704 1452 756 quadruplatorum
1473 704 1545 742 sibi
1564 704 1674 754 quasi

219 768 352 819 copias
367 767 609 806 conscribere
626 775 741 818 atque
765 767 988 818 adjungere,
1007 779 1055 804 an
1076 766 1240 818 denique
1258 768 1363 818 ipsos
1383 780 1429 805 ex
1450 767 1542 804 urbe
1558 778 1672 804 exce·

218 830 308 869 dere
327 838 442 881 atque
462 844 502 868 se
523 831 714 882 proripere
727 843 841 881 quam
863 829 1072 868 celerrime.

277 893 338 930 18.
368 894 456 935 Quo
476 900 605 930 autem
631 892 868 942 intelligatis,
890 891 968 935 viri,
999 891 1173 929 instituta
1198 897 1328 929 vestra
1355 890 1405 929 ad
1426 889 1672 929 concordiam

218 954 358 992 civium
379 953 724 993 constabiliendam
754 961 975 1005 comparata
991 966 1068 991 non
1089 953 1203 991 modo
1223 965 1299 990 non
1320 965 1407 991 esse
1436 951 1673 1003 poenitenda,

219 1028 352 1053 verum
378 1016 491 1054 etiam
522 1028 587 1053 vos
617 1016 724 1053 istaec
750 1015 804 1053 ita
832 1015 1081 1066 providentes
1116 1021 1232 1064 atque
1255 1021 1435 1053 caventes
1463 1013 1602 1052 fecisse
1631 1020 1673 1050 et

220 1076 350 1114 decori
380 1083 508 1114 vestro
533 1083 573 1115 et
591 1077 704 1114 saluti
725 1083 862 1114 vestrae
892 1076 1179 1121 convenienter,
1203 1088 1327 1127 pauca
1359 1075 1541 1126 quaedam
1558 1075 1673 1114 etiam

220 1137 294 1175 hoc
320 1137 368 1175 de
398 1137 523 1188 capite
551 1150 640 1175 cum
671 1150 768 1189 pace
796 1145 922 1175 vestra
954 1137 1175 1188 disputabo.
1233 1136 1402 1188 Majores
1433 1136 1562 1181 vestri,
1593 1148 1673 1186 rep.

219 1199 372 1250 magnis
391 1199 499 1237 malis
520 1199 676 1244 afflicta,
704 1199 1027 1237 Pisistratidarum
1049 1198 1291 1250 tyrannidem
1321 1198 1415 1249 fuga
1445 1197 1676 1241 devitarant‚

221 1261 353 1298 urbem
374 1260 556 1299 servitute
575 1273 800 1312 oppressam
828 1261 1065 1298 tenentium:
1096 1260 1338 1298 concurritur
1361 1259 1408 1297 ad
1431 1258 1674 1297 Pallenium:

220 1322 353 1373 praelio
372 1323 575 1360 vincuntur
594 1322 768 1374 tyranni:
801 1322 991 1372 Leogoras
1010 1322 1070 1360 avi
1087 1322 1160 1359 mei
1172 1329 1281 1373 pater
1297 1328 1340 1359 et-
1351 1334 1460 1359 socer
1472 1324 1553 1369 ejus
1569 1320 1674 1358 Cha-

220 1386 293 1423 rias
325 1384 456 1436 copias
496 1391 576 1422 turn
612 1391 760 1422 vestras
792 1384 1012 1426 ducebant;
1060 1396 1149 1421 narn
1188 1396 1235 1421 ex
1271 1382 1385 1433 hujus
1417 1380 1570 1418 Chariae
1598 1379 1676 1418 filia

222 1460 329 1486 meus
359 1459 453 1485 avus
473 1453 586 1484 natus
617 1453 698 1489 est;
729 1459 795 1496 per
818 1445 918 1483 hanc
938 1445 1135 1482 victoriam
1163 1457 1185 1481 a
1204 1443 1376 1495 tyrannis
1396 1442 1545 1480 liberati
1573 1441 1676 1479 cives

223 1508 457 1558 domumque
475 1508 630 1552 reversi,
659 1506 755 1544 alios
782 1519 914 1544 eorum
935 1507 1000 1556 qui
1034 1518 1122 1543 cum
1148 1504 1322 1556 tyrannis
1353 1504 1536 1542 fecissent
1553 1509 1678 1540 sustu-

222 1570 363 1616 lerunt,
384 1570 479 1608 alios
499 1570 538 1608 in
563 1568 738 1608 exsilium
757 1575 933 1619 egerunt,
953 1574 1004 1613 et,
1035 1567 1065 1605 si
1086 1579 1184 1617 quos
1217 1566 1376 1604 tandem
1406 1565 1445 1602 in
1474 1565 1570 1602 urbe
1595 1577 1676 1602 ma-

224 1646 312 1672 nere
334 1632 516 1677 sinerent,
544 1644 609 1669 eos
639 1631 764 1682 capite
797 1630 1029 1667 minuerunt.
1085 1629 1231 1665 Verum
1252 1635 1423 1678 ternpore
1454 1632 1555 1678 post,
1588 1639 1676 1663 cum

222 1708 288 1733 rex
309 1693 451 1732 Persiae
482 1705 571 1731 suas
599 1692 684 1730 illas
704 1699 833 1730 tantas
852 1691 984 1742 copias
1005 1689 1172 1727 Graeciae
1206 1688 1440 1734 admoveret,
1470 1695 1677 1738 perspecta

224 1756 485 1795 calamitatum
517 1753 796 1792 imminentium
825 1751 1091 1803 magnitudine
1113 1751 1293 1801 regisque
1327 1756 1515 1800 apparatu
1537 1756 1577 1788 et
1596 1749 1676 1799 opi-

224 1820 311 1863 bus,
342 1817 596 1856 decreverunt
613 1815 768 1853 exsules
788 1815 944 1853 domum
964 1827 1144 1852 revocare
1166 1814 1370 1864 capiteque
1403 1811 1560 1849 minutis
1579 1812 1677 1850 inte-

225 1895 294 1934 gra
319 1880 409 1932 jura
434 1879 561 1917 civilia
591 1877 750 1916 reddere
787 1877 1029 1927 salutemque
1060 1875 1220 1927 perinde
1250 1881 1366 1924 atque
1391 1873 1561 1924 pericula
1589 1885 1676 1911 cum

224 1942 402 1983 omnibus
431 1939 728 1980 communicare.
785 1938 934 1982 Quibus
960 1938 1086 1983 factis,
1120 1935 1371 1989 sponsionum
1401 1941 1619 1972 mutuarum
1641 1941 1680 1972 et

224 2011 547 2046 sacramentorum
579 2001 828 2053 religionibus
862 2001 959 2039 inter
990 2013 1030 2038 se
1063 1999 1223 2049 obligati
1261 2010 1378 2049 quam
1409 1996 1677 2040 sanctissimis,

226 2068 434 2113 audebant,
462 2065 499 2103 id
529 2064 691 2115 dignum
717 2077 758 2102 se
785 2069 981 2114 putantes,
1008 2062 1167 2114 primam
1200 2073 1391 2111 occupare
1414 2060 1549 2105 aciem,
1581 2072 1677 2097 cun-

225 2134 376 2184 ctisque
401 2143 472 2182 pro
494 2128 642 2167 Graecis
673 2128 828 2179 objecto
863 2126 1001 2178 capitez
1019 2139 1103 2172 suo,
1134 2125 1308 2163 barbaris
1334 2124 1382 2162 ad
1411 2123 1678 2161 Marathonem

227 2205 440 2243 occurrere,
469 2190 638 2230 arbitrati
662 2189 844 2228 virtutem
876 2201 985 2227 suam
1022 2187 1081 2225 vel
1117 2186 1237 2224 solam
1270 2185 1447 2222 idoneam
1481 2195 1564 2221 esse
1589 2196 1676 2233 quae

225 2259 384 2296 istorum
399 2251 634 2290 multitudini
648 2257 921 2301 opponeretur:
942 2248 1149 2287 commisso
1163 2247 1218 2285 sic
1238 2245 1385 2298 praelio,
1407 2245 1678 2296 Graeciamque

226 2318 439 2355 liberarunt
474 2320 514 2350 et
547 2312 710 2362 patriam
747 2323 824 2348 una
862 2310 1032 2361 periculo
1080 2309 1313 2360 eripuerunt.
1383 2307 1527 2345 Verum
1563 2319 1678 2358 opere

227 2384 336 2417 tanto
357 2383 474 2425 atque
493 2380 573 2411 tam
603 2372 724 2410 arduo
743 2371 929 2417 defuncti,
950 2371 998 2408 de
1020 2370 1215 2408 sumendis
1235 2382 1257 2407 a
1275 2381 1470 2419 quoquam
1499 2368 1679 2419 pristina—

226 2452 307 2479 rum
329 2437 551 2489 injuriarum
564 2434 686 2486 poenis
705 2433 760 2471 nil
784 2433 1022 2484 cogitabant.
1079 2432 1240 2470 Factum
1261 2444 1328 2481 per
1347 2430 1445 2468 hanc
1465 2429 1677 2467 animorum

229 2500 465 2542 nobilitatem
484 2497 568 2542 fuit,
601 2504 657 2542 ut,
687 2496 862 2547 quamvis
881 2495 1005 2533 solnm
1037 2494 1140 2531 urbis
1166 2492 1382 2531 desolatum
1415 2499 1531 2541 atque
1561 2491 1678 2528 deva·

228 2570 371 2605 statum
396 2564 705 2610 recuperassent,
739 2558 830 2594 fana
861 2557 1021 2595 deorum
1048 2556 1265 2598 combusta,
1298 2553 1437 2590 moenia
1467 2551 1678 2601 domosque

229 2626 434 2676 collapsas,
468 2627 570 2659 sorte
605 2625 781 2658 carentes
812 2619 916 2657 unde
941 2624 1117 2668 sumptus
1141 2622 1362 2667 peterentur
1385 2614 1467 2651 istis
1501 2613 1678 2652 omnibus

229 2684 504 2728 restaurandis,
537 2689 666 2720 tamen
698 2680 905 2719 concordia
931 2679 1082 2718 subnixi
1113 2677 1370 2729 principatum
1411 2674 1576 2712 Graeciae
1608 2675 1680 2713 sibi

228 2755 406 2802 parerent
442 2745 623 2796 vobisque
652 2756 773 2794 remp.
808 2756 830 2780 a
863 2755 903 2779 se
935 2748 1192 2779 restauratam
1224 2738 1336 2775 talem
1377 2750 1421 2774 ac
1459 2742 1606 2774 tantam
1639 2735 1679 2773 in

229 2823 366 2848 manus
387 2808 566 2847 traditam
596 2806 871 2856 relinquerent.
929 2802 1059 2845 Quid?
1089 2802 1191 2852 quod
1211 2813 1278 2837 vos
1306 2798 1377 2850 ipsi
1399 2811 1553 2849 quoque
1574 2805 1678 2849 post-

230 2872 388 2911 modum
408 2871 509 2909 mala
536 2868 697 2920 experti,
723 2880 801 2906 non
826 2866 971 2904 minora
991 2865 1102 2902 malis
1124 2877 1210 2913 quse
1231 2862 1284 2899 illi
1303 2861 1560 2905 exantlarunt,
1590 2872 1678 2898 cum

228 2934 364 2973 essetis
383 2933 500 2970 fortes
520 2945 540 2969 e
561 2931 722 2970 fortibus
742 2929 835 2976 nati,
853 2929 1029 2967 virtutem
1057 2926 1223 2970 insitam,
1244 2923 1281 2961 id
1308 2923 1411 2973 quod
1435 2935 1457 2960 a
1476 2922 1584 2960 vobis
1605 2933 1672 2958 ex-
