1822 3219
253 147 328 183 208
905 147 1070 187 LYSIAE

253 247 396 286 oblitus
414 248 464 286 sit
475 247 706 286 vocabulum
723 249 1019 300 ἀνδραποδιστὴς
1039 263 1235 302 usurpare,
1248 264 1326 303 quo
1339 253 1534 305 legislator
1549 257 1598 294 sit
1612 269 1716 304 usus,

253 309 324 347 sed
344 310 438 347 satis
461 309 637 348 habuerit
655 311 808 361 judices
837 312 1018 349 certiores
1044 312 1185 359 facere,
1205 313 1399 353 hominem
1420 315 1524 355 hunc
1543 331 1566 356 a
1585 332 1626 358 se
1647 319 1714 358 de-

253 370 487 422 prehensum
507 383 594 409 esse
613 372 651 409 in
672 381 812 410 conatu
833 373 1012 424 mancipii
1032 373 1163 411 furtim
1182 376 1423 426 exportandi.
1481 378 1614 417 Facies
1640 381 1714 419 hoc

252 441 295 470 tu
321 432 493 483 quidem,
512 432 783 478 Theomneste,
806 434 888 471 sine
915 435 1190 483 controversia,
1211 437 1242 474 si
1268 438 1427 488 quidem
1457 439 1495 476 in
1515 441 1714 480 vocabulis

251 493 398 531 triceris
425 506 541 544 super
567 493 692 543 iisque
724 494 960 543 digladieris‚
988 496 1036 534 ad
1065 510 1126 535 res
1153 505 1282 536 autem
1310 499 1477 537 animum
1504 502 1629 539 minus
1655 510 1713 540 at-

250 555 402 601 tendas,
421 568 520 605 quas
542 563 584 593 ut
604 556 853 607 designarent
871 558 996 596 verbis
1024 572 1164 609 oreque
1185 561 1394 610 proderent
1414 561 1604 608 homines,
1626 563 1713 602 ideo

249 617 440 656 vocabula
459 617 666 654 commenti
687 624 778 655 sunt
799 625 914 668 atque
933 621 1045 658 rebus
1066 634 1233 671 quaeque
1255 622 1333 659 suis
1354 622 1632 673 imposuerunt.

304 682 343 717 4.
373 679 553 730 Spectate
572 678 645 716 lioc
665 680 1026 730 quoque‚judices:
1058 695 1147 720 nam
1172 683 1221 720 ad
1242 696 1308 721 vos
1338 684 1551 722 orationem
1577 686 1715 724 merito

251 748 448 787 converto,
468 742 534 791 qui
564 741 707 779 conscii
734 741 823 778 mihi
849 742 930 780 sitis
951 745 1213 796 exemplijam
1231 758 1255 783 a
1275 758 1336 783 me
1356 747 1588 796 proferendi,
1608 749 1713 799 quod

250 805 427 855 ignorare
440 803 592 840 videtur
606 803 915 847 Theomnestus;
936 817 981 842 ea
997 807 1097 844 enim
1112 807 1196 857 ejus
1213 814 1273 845 est
1296 807 1477 845 mollities
1493 815 1532 846 et
1547 809 1716 859 ignavia,

250 875 308 911 ut,
341 865 626 904 commoditatis
656 878 785 903 amore
816 873 854 904 et
879 866 968 904 odio
995 867 1136 906 laboris
1166 868 1315 906 molesti
1344 869 1483 913 victus,
1512 883 1712 921 nunquam

251 942 370 967 ausus
398 927 507 966 sitin
531 927 673 965 clivum
693 927 831 965 Martis
860 929 1084 967 escendere.
1141 930 1325 968 Vestrum
1354 938 1483 968 autem
1512 945 1624 970 nemo
1654 941 1716 971 est

250 992 316 1042 qui
336 990 374 1028 id
394 991 560 1040 ignoret,
581 989 687 1039 quod
710 989 782 1027 iste
814 990 981 1040 ignorat,
996 991 1144 1041 judicia
1168 991 1462 1029 homicidiorum
1481 1005 1570 1030 cum
1589 1006 1713 1044 agun-

250 1060 323 1097 tur,
346 1052 384 1088 in
405 1050 837 1101 formulajurisjurandi
856 1058 945 1088 ante
966 1051 1043 1088 litis
1064 1052 1388 1089 contestationem
1408 1053 1587 1103 utrinque
1605 1062 1644 1091 et
1663 1055 1714 1092 ab

251 1120 477 1153 accusatore
499 1120 537 1150 et
563 1125 585 1150 a
608 1125 672 1150 reo
703 1111 923 1163 praestandi,
946 1113 1178 1151 vocabulum
1206 1112 1448 1165 ἀνδροφόνος,
1469 1107 1572 1166 quod
1602 1114 1716 1164 legis-

248 1177 349 1214 lator
369 1175 579 1226 usurpavit,
602 1187 676 1212 non
708 1175 896 1226 usurpari,
919 1175 987 1213 sed
1008 1177 1165 1214 verbum
1183 1176 1277 1214 illud
1298 1177 1438 1227 ipsum,
1457 1177 1562 1228 quod
1580 1177 1618 1214 in
1638 1177 1715 1216 hac

250 1245 383 1277 nostra
397 1249 516 1275 causa
536 1236 572 1272 in
594 1238 896 1275 controversiam
917 1238 1037 1283 venit,
1055 1240 1268 1276 ἀποκτεῖναι
1287 1238 1376 1277 hinc
1396 1239 1588 1285 affirmari,
1606 1238 1715 1277 illinc

248 1299 394 1350 negari.
451 1299 571 1336 Actor
599 1312 737 1349 nempe
768 1311 875 1336 reum
910 1299 964 1337 ait
994 1300 1179 1347 occidisse,
1204 1313 1291 1338 reus
1326 1314 1368 1339 se
1399 1301 1537 1338 fecisse
1571 1300 1713 1338 infitia-

248 1368 323 1399 tur.
391 1362 532 1398 Annon
562 1361 773 1398 absurdum
803 1361 865 1406 sit,
885 1374 988 1407 eum,
1007 1362 1072 1413 qui
1093 1362 1294 1414 judicibus
1312 1363 1414 1400 visus
1444 1361 1559 1400 fuerit
1587 1362 1714 1400 homi·-

248 1436 337 1461 nem
367 1423 620 1466 interemisse,
649 1435 738 1459 cum
769 1422 918 1460 facinus
945 1423 1030 1474 ipse
1063 1424 1162 1462 adeo
1195 1424 1440 1469 confiteatur,
1466 1430 1595 1461 tamen
1621 1423 1713 1461 ideo

247 1485 494 1523 solummodo
527 1484 646 1522 caedis
676 1483 898 1522 absolutum
931 1498 950 1522 e
979 1484 1127 1536 judicio
1162 1484 1376 1531 discedere,
1396 1485 1502 1535 quod
1537 1491 1644 1522 actor
1672 1484 1711 1522 in

241 1547 463 1598 juramento
498 1545 744 1592 confirmarit,
777 1558 856 1583 non
891 1558 980 1599 eum
1010 1546 1243 1600 ἀνδροφόνον
1281 1560 1381 1593 esse,
1412 1560 1499 1598 quae
1528 1547 1622 1598 legis
1650 1554 1717 1585 est

249 1610 380 1655 dictio,
414 1610 483 1647 sed
516 1612 565 1652 ὡς
594 1608 741 1655 ἔκτεινε,
774 1622 863 1646 eum
893 1610 1075 1647 occidisse.
1145 1610 1264 1660 Atqui
1296 1611 1402 1648 haud
1433 1623 1625 1662 compono
1654 1610 1714 1648 in-

248 1678 521 1710 consentanea.
580 1670 832 1708 Theomnesti
860 1683 1013 1708 mecum
1044 1671 1186 1722 agendi
1211 1671 1308 1710 ratio
1335 1671 1452 1709 hilum
1482 1684 1558 1709 non
1589 1670 1715 1710 differt

250 1735 298 1771 ab
327 1733 517 1784 ejusmodi
544 1732 749 1770 cavillandi
770 1732 923 1783 ineptia.
984 1733 1071 1784 Ipse
1093 1740 1190 1780 tute,
1211 1734 1488 1778 Theomneste,
1509 1746 1558 1772 ex
1582 1734 1715 1785 capite

249 1798 488 1846 κακηγορίας,
527 1807 595 1831 seu
633 1793 843 1840 maledieti,
881 1793 1081 1833 Theonem
1115 1795 1153 1832 in
1180 1795 1246 1846 jus
1280 1795 1442 1839 vocasti,
1471 1794 1576 1845 quod
1609 1795 1640 1831 is
1673 1802 1712 1833 te

248 1857 413 1895 dixisset
431 1863 582 1894 scutum
604 1856 802 1907 ε’ῤῥιφέναι.
860 1856 980 1907 Atqui
999 1856 1063 1894 lex
1079 1855 1271 1895 vocabulo
1288 1857 1433 1906 ῥίπτειν
1448 1869 1520 1894 usa
1539 1869 1618 1894 non
1637 1866 1714 1903 est⁷

251 1918 321 1957 sed
352 1918 543 1956 vocabulo
573 1916 833 1965 ἀποβάλλεινε
878 1919 910 1956 si
941 1918 1041 1969 quis,
1080 1919 1145 1965 ait,
1185 1917 1354 1968 aliquem
1390 1917 1528 1956 dixerit
1560 1925 1712 1957 scutum

248 1979 555 2029 ἀποβεβληκέναι
575 1981 629 2032 [in
649 1986 772 2031 eoque
792 1981 975 2018 mentitus
996 1981 1077 2031 sit],
1093 1981 1316 2033 quingentis
1334 1979 1528 2019 drachmis
1547 1980 1716 2020 mulcta-

250 2052 323 2082 tor.
381 2043 480 2081 Hem
506 2042 700 2093 aequitatis
727 2050 766 2080 et
791 2043 1042 2082 constantiae!
1091 2044 1202 2082 Itane
1222 2056 1325 2088 vero,
1348 2042 1400 2080 mi
1418 2041 1548 2089 homo,
1568 2050 1610 2081 tu
1630 2050 1710 2081 tarn

249 2105 403 2156 egregie
425 2104 555 2155 sapis?
586 2111 642 2150 ut,
660 2118 749 2143 curn
768 2118 897 2156 poenae
918 2105 986 2143 tibi
1008 2112 1099 2143 sunt
1127 2106 1175 2143 ab
1200 2105 1362 2143 inimicis
1388 2104 1464 2142 tuis
1490 2105 1713 2155 repetendae

250 2180 273 2204 a
292 2168 432 2217 quibus
453 2167 552 2204 male
573 2166 757 2212 audieris,
776 2174 858 2204 tum
878 2175 935 2212 tu,
949 2167 1074 2204 verbis
1093 2167 1190 2217 legis
1210 2166 1367 2217 insuper
1385 2164 1539 2209 habitis,
1557 2171 1711 2202 senten-

251 2228 341 2287 tiam
365 2228 461 2278 legis
490 2228 662 2277 sequaris
691 2241 737 2266 ex
755 2241 880 2278 eaque
913 2228 1104 2266 sententia
1135 2228 1175 2264 in
1206 2240 1291 2265 reos
1323 2238 1431 2276 agaS,
1450 2224 1486 2261 id
1514 2224 1619 2274 quod
1639 2238 1715 2276 ego

252 2303 354 2327 nunc
374 2290 412 2326 in
432 2298 468 2326 te
489 2289 613 2326 facio:
644 2301 776 2326 rursus
795 2295 924 2326 autem
945 2288 1023 2334 alii,
1043 2301 1157 2339 quem
1178 2295 1259 2325 tute
1280 2285 1429 2337 probris
1449 2297 1472 2322 a
1490 2285 1576 2336 lege
1595 2285 1713 2324 inter-

250 2350 362 2389 dictis
382 2349 627 2401 proscideris‚
641 2362 776 2400 poenas
797 2349 1011 2400 reposcenti
1032 2350 1122 2387 dare
1145 2361 1314 2394 recuses,
1330 2348 1447 2385 verba
1459 2346 1557 2397 legis
1579 2360 1714 2398 urgen-

252 2412 317 2458 do,
336 2418 465 2463 spreta
485 2411 705 2449 sententia?
747 2411 909 2450 Adeone
924 2412 992 2450 tibi
1013 2410 1152 2449 subtile
1168 2418 1227 2448 est
1241 2410 1450 2461 ingenium,
1464 2409 1563 2447 adeo
1577 2416 1715 2460 potens

252 2473 449 2519 facundia,
463 2479 507 2509 ut
520 2472 626 2523 leges
644 2472 1023 2523 quamcunque'velis
1038 2472 1075 2510 in
1091 2480 1240 2524 partem
1255 2471 1540 2523 interpretando
1555 2469 1714 2508 flectas?

254 2549 302 2574 an
321 2541 430 2573 tanta
447 2541 515 2572 tua
535 2540 594 2571 est
616 2534 654 2571 in
682 2547 761 2585 rep.
784 2535 980 2585 majestas,
1001 2542 1044 2573 ut
1062 2535 1130 2572 abs
1152 2542 1187 2572 te
1207 2534 1311 2572 laesis
1331 2534 1479 2585 copiam
1499 2532 1600 2582 aequi
1615 2531 1714 2582 juris

253 2599 293 2636 in
323 2603 549 2648 perpetuum
586 2595 817 2647 denegatam
851 2603 890 2633 et
923 2596 1153 2648 praeclusam
1185 2594 1347 2647 speres?
1394 2594 1555 2632 Adeone
1590 2600 1627 2630 te
1661 2592 1715 2630 ui}

256 2658 376 2709 pudet
394 2671 478 2695 esse
499 2665 575 2695 tam
597 2657 829 2703 dementem,
848 2664 892 2695 ut
910 2658 998 2708 plus
1020 2666 1056 2696 te
1077 2671 1190 2709 posse
1209 2657 1284 2696 tuis
1299 2656 1444 2694 civibus
1463 2655 1550 2693 ideo
1564 2655 1713 2706 cupiaS‚

256 2736 348 2767 non,
371 2735 447 2772 quo
478 2723 516 2759 in
547 2721 740 2759 civitatem
769 2726 995 2758 ornamenta
1025 2721 1155 2759 nescio
1180 2733 1268 2770 quoe
1301 2717 1525 2764 contuleris,
1550 2731 1638 2768 quae
1669 2723 1712 2755 tu

257 2783 363 2821 nulla
381 2782 592 2827 contulisti,
607 2781 675 2820 sed
695 2781 799 2832 quod
821 2781 942 2820 multa
961 2781 1090 2820 multis
1112 2781 1212 2820 mala
1228 2780 1374 2819 inultus
1392 2778 1595 2819 inffixisti?
1635 2778 1716 2816 Ve-

260 2858 341 2883 rum
362 2845 479 2883 recita
499 2852 538 2882 tu
561 2843 653 2882 mihi
671 2843 810 2895 legem.
