<?xml version="1.0" encoding="UTF-8"?>
<!DOCTYPE html PUBLIC "-//W3C//DTD XHTML 1.0 Transitional//EN"
    "http://www.w3.org/TR/xhtml1/DTD/xhtml1-transitional.dtd">
<html xmlns="http://www.w3.org/1999/xhtml" xml:lang="en" lang="en">
 <head>
  <title>
</title>
<meta http-equiv="Content-Type" content="text/html;charset=utf-8" />
  <meta name='ocr-system' content='tesseract 3.04.00' />
  <meta name='ocr-capabilities' content='ocr_page ocr_carea ocr_par ocr_line ocrx_word'/>
</head>
<body>
  <div class='ocr_page' id='page_1' title='image "./oratoresatticie13dobs_0283.png"; bbox 0 0 1822 3219; ppageno 0'>
   <div class='ocr_carea' id='block_1_1' title="bbox 602 604 1011 657">
    <p class='ocr_par' dir='ltr' id='par_1_1' title="bbox 602 604 1011 657">
     <span class='ocr_line' id='line_1_1' title="bbox 602 604 1011 657; baseline -0.002 -1"><span class='ocrx_word' id='word_1_1' title='bbox 602 604 1011 657; x_wconf 87' lang='lat' dir='ltr'><strong>LYSIAE</strong></span> 
     </span>
    </p>
   </div>
   <div class='ocr_carea' id='block_1_2' title="bbox 295 735 1332 805">
    <p class='ocr_par' dir='ltr' id='par_1_2' title="bbox 295 735 1332 805">
     <span class='ocr_line' id='line_1_2' title="bbox 295 735 1332 805; baseline -0.006 0"><span class='ocrx_word' id='word_1_2' title='bbox 295 757 398 805; x_wconf 90' lang='lat' dir='ltr'>DE</span> <span class='ocrx_word' id='word_1_3' title='bbox 456 756 853 804; x_wconf 79' lang='lat' dir='ltr'>PUssLlois</span> <span class='ocrx_word' id='word_1_4' title='bbox 913 735 1332 802; x_wconf 65' lang='lat' dir='ltr'>PECUNIIS&#39;</span> 
     </span>
    </p>
   </div>
   <div class='ocr_carea' id='block_1_3' title="bbox 685 891 928 933">
    <p class='ocr_par' dir='ltr' id='par_1_3' title="bbox 685 891 928 933">
     <span class='ocr_line' id='line_1_3' title="bbox 685 891 928 933; baseline 0 -2"><span class='ocrx_word' id='word_1_5' title='bbox 685 891 928 933; x_wconf 90' lang='lat' dir='ltr'><strong>ORATIO.</strong></span> 
     </span>
    </p>
   </div>
   <div class='ocr_carea' id='block_1_4' title="bbox 81 1074 1529 1363">
    <p class='ocr_par' dir='ltr' id='par_1_4' title="bbox 81 1074 1529 1363">
     <span class='ocr_line' id='line_1_4' title="bbox 141 1074 1527 1125; baseline 0.001 -14"><span class='ocrx_word' id='word_1_6' title='bbox 141 1074 174 1112; x_wconf 94' lang='lat' dir='ltr'>l.</span> <span class='ocrx_word' id='word_1_7' title='bbox 205 1075 428 1112; x_wconf 76' lang='lat' dir='ltr'>Fon&#39;rAssE</span> <span class='ocrx_word' id='word_1_8' title='bbox 448 1080 615 1112; x_wconf 87' lang='lat' dir='ltr'>vestrum</span> <span class='ocrx_word' id='word_1_9' title='bbox 643 1074 992 1124; x_wconf 85' lang='lat' dir='ltr'>quidam,judices,</span> <span class='ocrx_word' id='word_1_10' title='bbox 1014 1080 1210 1124; x_wconf 84' lang='lat' dir='ltr'>propterea</span> <span class='ocrx_word' id='word_1_11' title='bbox 1239 1075 1340 1125; x_wconf 93' lang='lat' dir='ltr'>quod</span> <span class='ocrx_word' id='word_1_12' title='bbox 1369 1088 1429 1112; x_wconf 90' lang='lat' dir='ltr'>me</span> <span class='ocrx_word' id='word_1_13' title='bbox 1457 1075 1527 1113; x_wconf 90' lang='lat' dir='ltr'>ho-</span> 
     </span>
     <span class='ocr_line' id='line_1_5' title="bbox 84 1133 1524 1184; baseline 0.001 -13"><span class='ocrx_word' id='word_1_14' title='bbox 84 1135 225 1171; x_wconf 81' lang='lat' dir='ltr'>minem</span> <span class='ocrx_word' id='word_1_15' title='bbox 251 1135 350 1184; x_wconf 84' lang='lat' dir='ltr'>frugi</span> <span class='ocrx_word' id='word_1_16' title='bbox 373 1148 457 1171; x_wconf 90' lang='lat' dir='ltr'>esse</span> <span class='ocrx_word' id='word_1_17' title='bbox 479 1134 624 1180; x_wconf 87' lang='lat' dir='ltr'>volunt,</span> <span class='ocrx_word' id='word_1_18' title='bbox 645 1134 727 1171; x_wconf 86' lang='lat' dir='ltr'>aliis</span> <span class='ocrx_word' id='word_1_19' title='bbox 756 1134 866 1171; x_wconf 90' lang='lat' dir='ltr'>etiam</span> <span class='ocrx_word' id='word_1_20' title='bbox 890 1133 1072 1170; x_wconf 79' lang='lat' dir='ltr'>facundia</span> <span class='ocrx_word' id='word_1_21' title='bbox 1100 1141 1280 1183; x_wconf 85' lang='lat' dir='ltr'>praestare</span> <span class='ocrx_word' id='word_1_22' title='bbox 1303 1141 1524 1172; x_wconf 82' lang='lat' dir='ltr'>autumant:</span> 
     </span>
     <span class='ocr_line' id='line_1_6' title="bbox 82 1194 1529 1243; baseline 0.001 -13"><span class='ocrx_word' id='word_1_23' title='bbox 82 1201 232 1231; x_wconf 81' lang='lat' dir='ltr'>tanturn</span> <span class='ocrx_word' id='word_1_24' title='bbox 261 1201 386 1231; x_wconf 87' lang='lat' dir='ltr'>autem</span> <span class='ocrx_word' id='word_1_25' title='bbox 417 1195 539 1238; x_wconf 89' lang='lat' dir='ltr'>abest,</span> <span class='ocrx_word' id='word_1_26' title='bbox 569 1201 611 1230; x_wconf 90' lang='lat' dir='ltr'>ut</span> <span class='ocrx_word' id='word_1_27' title='bbox 638 1194 686 1230; x_wconf 89' lang='lat' dir='ltr'>de</span> <span class='ocrx_word' id='word_1_28' title='bbox 715 1195 829 1231; x_wconf 86' lang='lat' dir='ltr'>rebus</span> <span class='ocrx_word' id='word_1_29' title='bbox 858 1194 906 1230; x_wconf 89' lang='lat' dir='ltr'>ad</span> <span class='ocrx_word' id='word_1_30' title='bbox 935 1206 994 1230; x_wconf 91' lang='lat' dir='ltr'>me</span> <span class='ocrx_word' id='word_1_31' title='bbox 1020 1194 1070 1230; x_wconf 87' lang='lat' dir='ltr'>nil</span> <span class='ocrx_word' id='word_1_32' title='bbox 1095 1194 1370 1243; x_wconf 88' lang='lat' dir='ltr'>pertinentibus</span> <span class='ocrx_word' id='word_1_33' title='bbox 1397 1202 1529 1231; x_wconf 88' lang='lat' dir='ltr'>ornate</span> 
     </span>
     <span class='ocr_line' id='line_1_7' title="bbox 81 1253 1528 1303; baseline 0 -13"><span class='ocrx_word' id='word_1_34' title='bbox 81 1254 404 1303; x_wconf 80' lang='lat' dir='ltr'>probabiliterque</span> <span class='ocrx_word' id='word_1_35' title='bbox 431 1254 547 1289; x_wconf 86' lang='lat' dir='ltr'>verba</span> <span class='ocrx_word' id='word_1_36' title='bbox 578 1254 702 1290; x_wconf 84' lang='lat' dir='ltr'>facere</span> <span class='ocrx_word' id='word_1_37' title='bbox 736 1253 866 1297; x_wconf 85' lang='lat' dir='ltr'>sciam,</span> <span class='ocrx_word' id='word_1_38' title='bbox 889 1260 931 1289; x_wconf 88' lang='lat' dir='ltr'>ut</span> <span class='ocrx_word' id='word_1_39' title='bbox 957 1253 1084 1302; x_wconf 87' lang='lat' dir='ltr'>potius</span> <span class='ocrx_word' id='word_1_40' title='bbox 1113 1265 1257 1298; x_wconf 90' lang='lat' dir='ltr'>verear,</span> <span class='ocrx_word' id='word_1_41' title='bbox 1287 1266 1332 1289; x_wconf 90' lang='lat' dir='ltr'>ne</span> <span class='ocrx_word' id='word_1_42' title='bbox 1362 1254 1453 1302; x_wconf 87' lang='lat' dir='ltr'>ipsis</span> <span class='ocrx_word' id='word_1_43' title='bbox 1481 1254 1528 1290; x_wconf 88' lang='lat' dir='ltr'>de</span> 
     </span>
     <span class='ocr_line' id='line_1_8' title="bbox 82 1313 1528 1363; baseline 0.001 -13"><span class='ocrx_word' id='word_1_44' title='bbox 82 1315 194 1350; x_wconf 90' lang='lat' dir='ltr'>rebus</span> <span class='ocrx_word' id='word_1_45' title='bbox 215 1314 264 1350; x_wconf 91' lang='lat' dir='ltr'>ad</span> <span class='ocrx_word' id='word_1_46' title='bbox 285 1327 345 1350; x_wconf 89' lang='lat' dir='ltr'>me</span> <span class='ocrx_word' id='word_1_47' title='bbox 363 1315 414 1350; x_wconf 83' lang='lat' dir='ltr'>ita</span> <span class='ocrx_word' id='word_1_48' title='bbox 435 1314 711 1363; x_wconf 86' lang='lat' dir='ltr'>pertinentibus</span> <span class='ocrx_word' id='word_1_49' title='bbox 730 1322 772 1350; x_wconf 84' lang='lat' dir='ltr'>ut</span> <span class='ocrx_word' id='word_1_50' title='bbox 791 1313 917 1350; x_wconf 86' lang='lat' dir='ltr'>facere</span> <span class='ocrx_word' id='word_1_51' title='bbox 938 1326 1123 1363; x_wconf 81' lang='lat' dir='ltr'>nequeam</span> <span class='ocrx_word' id='word_1_52' title='bbox 1140 1314 1342 1363; x_wconf 88' lang='lat' dir='ltr'>quominus</span> <span class='ocrx_word' id='word_1_53' title='bbox 1363 1314 1528 1352; x_wconf 89' lang='lat' dir='ltr'>dicendo</span> 
     </span>
    </p>
   </div>
   <div class='ocr_carea' id='block_1_5' title="bbox 27 1374 1526 1425">
    <p class='ocr_par' dir='ltr' id='par_1_5' title="bbox 27 1374 1526 1425">
     <span class='ocr_line' id='line_1_9' title="bbox 27 1374 1526 1425; baseline 0 -13"><span class='ocrx_word' id='word_1_54' title='bbox 27 1409 31 1412; x_wconf 20' lang='grc' dir='ltr'><strong><em>Δ</em></strong></span> <span class='ocrx_word' id='word_1_55' title='bbox 84 1387 148 1412; x_wconf 87' lang='lat' dir='ltr'>eas</span> <span class='ocrx_word' id='word_1_56' title='bbox 169 1375 324 1425; x_wconf 88' lang='lat' dir='ltr'>agitem,</span> <span class='ocrx_word' id='word_1_57' title='bbox 344 1387 393 1411; x_wconf 87' lang='lat' dir='ltr'>ne</span> <span class='ocrx_word' id='word_1_58' title='bbox 413 1387 457 1411; x_wconf 86' lang='lat' dir='ltr'>ea</span> <span class='ocrx_word' id='word_1_59' title='bbox 476 1374 628 1423; x_wconf 89' lang='lat' dir='ltr'>quidem</span> <span class='ocrx_word' id='word_1_60' title='bbox 649 1387 735 1424; x_wconf 84' lang='lat' dir='ltr'>quae</span> <span class='ocrx_word' id='word_1_61' title='bbox 755 1387 774 1411; x_wconf 91' lang='lat' dir='ltr'>e</span> <span class='ocrx_word' id='word_1_62' title='bbox 796 1387 835 1410; x_wconf 90' lang='lat' dir='ltr'>re</span> <span class='ocrx_word' id='word_1_63' title='bbox 851 1374 926 1411; x_wconf 88' lang='lat' dir='ltr'>sint</span> <span class='ocrx_word' id='word_1_64' title='bbox 943 1374 1136 1424; x_wconf 89' lang='lat' dir='ltr'>disputare</span> <span class='ocrx_word' id='word_1_65' title='bbox 1153 1374 1314 1415; x_wconf 77' lang='lat' dir='ltr'>valeam,</span> <span class='ocrx_word' id='word_1_66' title='bbox 1373 1375 1526 1412; x_wconf 84' lang='lat' dir='ltr'>Interim</span> 
     </span>
    </p>
   </div>
   <div class='ocr_carea' id='block_1_6' title="bbox 82 1434 1528 2140">
    <p class='ocr_par' dir='ltr' id='par_1_6' title="bbox 82 1434 1528 1727">
     <span class='ocr_line' id='line_1_10' title="bbox 83 1434 1528 1484; baseline 0.001 -13"><span class='ocrx_word' id='word_1_67' title='bbox 83 1442 225 1478; x_wconf 79' lang='lat' dir='ltr'>tamen,</span> <span class='ocrx_word' id='word_1_68' title='bbox 241 1435 304 1471; x_wconf 86' lang='lat' dir='ltr'>ubi</span> <span class='ocrx_word' id='word_1_69' title='bbox 319 1434 446 1471; x_wconf 86' lang='lat' dir='ltr'>omnia</span> <span class='ocrx_word' id='word_1_70' title='bbox 459 1434 566 1470; x_wconf 89' lang='lat' dir='ltr'>vobis</span> <span class='ocrx_word' id='word_1_71' title='bbox 585 1434 681 1470; x_wconf 85' lang='lat' dir='ltr'>inter</span> <span class='ocrx_word' id='word_1_72' title='bbox 697 1447 832 1483; x_wconf 86' lang='lat' dir='ltr'>meque</span> <span class='ocrx_word' id='word_1_73' title='bbox 848 1435 1062 1483; x_wconf 89' lang='lat' dir='ltr'>liberosque</span> <span class='ocrx_word' id='word_1_74' title='bbox 1078 1434 1257 1471; x_wconf 86' lang='lat' dir='ltr'>Eratonis</span> <span class='ocrx_word' id='word_1_75' title='bbox 1273 1442 1383 1484; x_wconf 83' lang='lat' dir='ltr'>gesta</span> <span class='ocrx_word' id='word_1_76' title='bbox 1398 1436 1528 1472; x_wconf 86' lang='lat' dir='ltr'>ordine</span> 
     </span>
     <span class='ocr_line' id='line_1_11' title="bbox 83 1495 1528 1546; baseline 0.001 -13"><span class='ocrx_word' id='word_1_77' title='bbox 83 1509 307 1546; x_wconf 84' lang='lat' dir='ltr'>exposuero,</span> <span class='ocrx_word' id='word_1_78' title='bbox 328 1508 439 1546; x_wconf 87' lang='lat' dir='ltr'>spero</span> <span class='ocrx_word' id='word_1_79' title='bbox 459 1508 518 1532; x_wconf 90' lang='lat' dir='ltr'>me</span> <span class='ocrx_word' id='word_1_80' title='bbox 539 1495 613 1532; x_wconf 88' lang='lat' dir='ltr'>hoc</span> <span class='ocrx_word' id='word_1_81' title='bbox 642 1502 952 1540; x_wconf 87' lang='lat' dir='ltr'>consecuturum,</span> <span class='ocrx_word' id='word_1_82' title='bbox 973 1502 1015 1531; x_wconf 92' lang='lat' dir='ltr'>ut</span> <span class='ocrx_word' id='word_1_83' title='bbox 1034 1495 1103 1544; x_wconf 90' lang='lat' dir='ltr'>ipsi</span> <span class='ocrx_word' id='word_1_84' title='bbox 1123 1508 1189 1544; x_wconf 89' lang='lat' dir='ltr'>per</span> <span class='ocrx_word' id='word_1_85' title='bbox 1208 1507 1275 1532; x_wconf 88' lang='lat' dir='ltr'>vos</span> <span class='ocrx_word' id='word_1_86' title='bbox 1293 1495 1404 1532; x_wconf 85' lang='lat' dir='ltr'>facile</span> <span class='ocrx_word' id='word_1_87' title='bbox 1424 1496 1528 1534; x_wconf 87' lang='lat' dir='ltr'>inve-</span> 
     </span>
     <span class='ocr_line' id='line_1_12' title="bbox 82 1555 1527 1606; baseline 0 -12"><span class='ocrx_word' id='word_1_88' title='bbox 82 1557 195 1594; x_wconf 88' lang='lat' dir='ltr'>niatis</span> <span class='ocrx_word' id='word_1_89' title='bbox 214 1570 299 1606; x_wconf 87' lang='lat' dir='ltr'>quae</span> <span class='ocrx_word' id='word_1_90' title='bbox 317 1556 561 1594; x_wconf 87' lang='lat' dir='ltr'>decernenda</span> <span class='ocrx_word' id='word_1_91' title='bbox 580 1557 686 1593; x_wconf 90' lang='lat' dir='ltr'>vobis</span> <span class='ocrx_word' id='word_1_92' title='bbox 715 1556 788 1592; x_wconf 89' lang='lat' dir='ltr'>sint</span> <span class='ocrx_word' id='word_1_93' title='bbox 818 1557 892 1593; x_wconf 88' lang='lat' dir='ltr'>hac</span> <span class='ocrx_word' id='word_1_94' title='bbox 919 1556 956 1592; x_wconf 89' lang='lat' dir='ltr'>in</span> <span class='ocrx_word' id='word_1_95' title='bbox 987 1555 1210 1606; x_wconf 73' lang='grc' dir='ltr'>διαδικασίᾳ,</span> <span class='ocrx_word' id='word_1_96' title='bbox 1232 1569 1298 1593; x_wconf 89' lang='lat' dir='ltr'>seu</span> <span class='ocrx_word' id='word_1_97' title='bbox 1318 1558 1469 1594; x_wconf 90' lang='lat' dir='ltr'>actione</span> <span class='ocrx_word' id='word_1_98' title='bbox 1489 1558 1527 1594; x_wconf 92' lang='lat' dir='ltr'>in</span> 
     </span>
     <span class='ocr_line' id='line_1_13' title="bbox 83 1615 1527 1667; baseline 0 -13"><span class='ocrx_word' id='word_1_99' title='bbox 83 1618 230 1662; x_wconf 88' lang='lat' dir='ltr'>fiscum,</span> <span class='ocrx_word' id='word_1_100' title='bbox 241 1631 320 1666; x_wconf 87' lang='lat' dir='ltr'>qua</span> <span class='ocrx_word' id='word_1_101' title='bbox 334 1624 479 1667; x_wconf 84' lang='lat' dir='ltr'>partem</span> <span class='ocrx_word' id='word_1_102' title='bbox 495 1617 680 1653; x_wconf 86' lang='lat' dir='ltr'>bonorum</span> <span class='ocrx_word' id='word_1_103' title='bbox 699 1615 875 1652; x_wconf 85' lang='lat' dir='ltr'>Eratonis</span> <span class='ocrx_word' id='word_1_104' title='bbox 891 1615 1173 1666; x_wconf 87' lang='lat' dir='ltr'>publicatorum</span> <span class='ocrx_word' id='word_1_105' title='bbox 1188 1615 1278 1652; x_wconf 87' lang='lat' dir='ltr'>mihi</span> <span class='ocrx_word' id='word_1_106' title='bbox 1294 1617 1527 1655; x_wconf 87' lang='lat' dir='ltr'>vindicatum</span> 
     </span>
     <span class='ocr_line' id='line_1_14' title="bbox 83 1675 840 1727; baseline -0.004 -12"><span class='ocrx_word' id='word_1_107' title='bbox 83 1691 142 1716; x_wconf 90' lang='lat' dir='ltr'>eo.</span> <span class='ocrx_word' id='word_1_108' title='bbox 199 1678 371 1727; x_wconf 87' lang='lat' dir='ltr'>Accipite</span> <span class='ocrx_word' id='word_1_109' title='bbox 391 1689 483 1726; x_wconf 84' lang='lat' dir='ltr'>ergo</span> <span class='ocrx_word' id='word_1_110' title='bbox 503 1689 581 1713; x_wconf 88' lang='lat' dir='ltr'>rem</span> <span class='ocrx_word' id='word_1_111' title='bbox 603 1689 625 1713; x_wconf 90' lang='lat' dir='ltr'>a</span> <span class='ocrx_word' id='word_1_112' title='bbox 643 1675 840 1725; x_wconf 88' lang='lat' dir='ltr'>principio.</span> 
     </span>
    </p>

    <p class='ocr_par' dir='ltr' id='par_1_7' title="bbox 82 1737 1528 2140">
     <span class='ocr_line' id='line_1_15' title="bbox 136 1737 1526 1786; baseline 0.001 -11"><span class='ocrx_word' id='word_1_113' title='bbox 136 1741 175 1775; x_wconf 79' lang='lat'>2.</span> <span class='ocrx_word' id='word_1_114' title='bbox 213 1739 354 1775; x_wconf 87' lang='lat' dir='ltr'>Eraton</span> <span class='ocrx_word' id='word_1_115' title='bbox 386 1737 647 1786; x_wconf 88' lang='lat' dir='ltr'>Erasiphontis</span> <span class='ocrx_word' id='word_1_116' title='bbox 679 1744 787 1786; x_wconf 88' lang='lat' dir='ltr'>pater</span> <span class='ocrx_word' id='word_1_117' title='bbox 817 1738 864 1773; x_wconf 89' lang='lat' dir='ltr'>ab</span> <span class='ocrx_word' id='word_1_118' title='bbox 899 1750 969 1774; x_wconf 86' lang='lat' dir='ltr'>avo</span> <span class='ocrx_word' id='word_1_119' title='bbox 1000 1750 1086 1774; x_wconf 87' lang='lat' dir='ltr'>meo</span> <span class='ocrx_word' id='word_1_120' title='bbox 1117 1737 1195 1774; x_wconf 92' lang='lat' dir='ltr'>duo</span> <span class='ocrx_word' id='word_1_121' title='bbox 1221 1737 1364 1774; x_wconf 88' lang='lat' dir='ltr'>talenta</span> <span class='ocrx_word' id='word_1_122' title='bbox 1394 1745 1526 1776; x_wconf 89' lang='lat' dir='ltr'>mutuo</span> 
     </span>
     <span class='ocr_line' id='line_1_16' title="bbox 84 1797 1528 1849; baseline 0 -13"><span class='ocrx_word' id='word_1_123' title='bbox 84 1805 311 1849; x_wconf 85' lang='lat' dir='ltr'>sumpserat.</span> <span class='ocrx_word' id='word_1_124' title='bbox 355 1798 560 1834; x_wconf 83' lang='lat' dir='ltr'>Eratonern</span> <span class='ocrx_word' id='word_1_125' title='bbox 576 1797 648 1834; x_wconf 92' lang='lat' dir='ltr'>hoc</span> <span class='ocrx_word' id='word_1_126' title='bbox 665 1804 864 1845; x_wconf 84' lang='lat' dir='ltr'>argentum</span> <span class='ocrx_word' id='word_1_127' title='bbox 885 1805 1126 1833; x_wconf 86' lang='lat' dir='ltr'>numeratum</span> <span class='ocrx_word' id='word_1_128' title='bbox 1145 1798 1293 1842; x_wconf 87' lang='lat' dir='ltr'>tulisse,</span> <span class='ocrx_word' id='word_1_129' title='bbox 1313 1805 1351 1835; x_wconf 88' lang='lat' dir='ltr'>et</span> <span class='ocrx_word' id='word_1_130' title='bbox 1371 1806 1528 1836; x_wconf 87' lang='lat' dir='ltr'>tantun-</span> 
     </span>
     <span class='ocr_line' id='line_1_17' title="bbox 83 1857 1526 1907; baseline -0.001 -9"><span class='ocrx_word' id='word_1_131' title='bbox 83 1861 170 1898; x_wconf 86' lang='lat' dir='ltr'>dem</span> <span class='ocrx_word' id='word_1_132' title='bbox 189 1859 261 1896; x_wconf 89' lang='lat' dir='ltr'>sibi</span> <span class='ocrx_word' id='word_1_133' title='bbox 278 1858 382 1895; x_wconf 90' lang='lat' dir='ltr'>credi</span> <span class='ocrx_word' id='word_1_134' title='bbox 400 1870 570 1907; x_wconf 83' lang='lat' dir='ltr'>rogasse,</span> <span class='ocrx_word' id='word_1_135' title='bbox 588 1858 832 1894; x_wconf 84' lang='lat' dir='ltr'>testabuntur</span> <span class='ocrx_word' id='word_1_136' title='bbox 850 1857 957 1894; x_wconf 89' lang='lat' dir='ltr'>vobis</span> <span class='ocrx_word' id='word_1_137' title='bbox 977 1857 1027 1901; x_wconf 90' lang='lat' dir='ltr'>hi,</span> <span class='ocrx_word' id='word_1_138' title='bbox 1044 1870 1172 1894; x_wconf 83' lang='lat' dir='ltr'>coram</span> <span class='ocrx_word' id='word_1_139' title='bbox 1190 1858 1328 1906; x_wconf 88' lang='lat' dir='ltr'>quibus</span> <span class='ocrx_word' id='word_1_140' title='bbox 1353 1858 1445 1896; x_wconf 78' lang='lat' dir='ltr'>illud</span> <span class='ocrx_word' id='word_1_141' title='bbox 1472 1873 1526 1896; x_wconf 87' lang='lat' dir='ltr'>aes</span> 
     </span>
     <span class='ocr_line' id='line_1_18' title="bbox 84 1918 1526 1968; baseline -0.001 -9"><span class='ocrx_word' id='word_1_142' title='bbox 84 1927 322 1959; x_wconf 84' lang='lat' dir='ltr'>contractum</span> <span class='ocrx_word' id='word_1_143' title='bbox 341 1918 433 1956; x_wconf 85' lang='lat' dir='ltr'>fuit:</span> <span class='ocrx_word' id='word_1_144' title='bbox 460 1931 575 1968; x_wconf 88' lang='lat' dir='ltr'>quam</span> <span class='ocrx_word' id='word_1_145' title='bbox 589 1930 677 1954; x_wconf 92' lang='lat' dir='ltr'>vero</span> <span class='ocrx_word' id='word_1_146' title='bbox 697 1918 734 1954; x_wconf 89' lang='lat' dir='ltr'>in</span> <span class='ocrx_word' id='word_1_147' title='bbox 756 1931 834 1955; x_wconf 91' lang='lat' dir='ltr'>rem</span> <span class='ocrx_word' id='word_1_148' title='bbox 850 1918 994 1955; x_wconf 85' lang='lat' dir='ltr'>Eraton</span> <span class='ocrx_word' id='word_1_149' title='bbox 1013 1918 1051 1954; x_wconf 88' lang='lat' dir='ltr'>id</span> <span class='ocrx_word' id='word_1_150' title='bbox 1072 1918 1298 1968; x_wconf 89' lang='lat' dir='ltr'>impenderit</span> <span class='ocrx_word' id='word_1_151' title='bbox 1313 1925 1351 1955; x_wconf 89' lang='lat' dir='ltr'>et</span> <span class='ocrx_word' id='word_1_152' title='bbox 1365 1927 1526 1967; x_wconf 86' lang='lat' dir='ltr'>quantos</span> 
     </span>
     <span class='ocr_line' id='line_1_19' title="bbox 83 1977 1525 2029; baseline -0.003 -11"><span class='ocrx_word' id='word_1_153' title='bbox 83 1982 173 2018; x_wconf 87' lang='lat' dir='ltr'>inde</span> <span class='ocrx_word' id='word_1_154' title='bbox 193 1981 339 2017; x_wconf 89' lang='lat' dir='ltr'>fructus</span> <span class='ocrx_word' id='word_1_155' title='bbox 360 1978 583 2028; x_wconf 85' lang='lat' dir='ltr'>perceperit,</span> <span class='ocrx_word' id='word_1_156' title='bbox 604 1978 652 2014; x_wconf 89' lang='lat' dir='ltr'>de</span> <span class='ocrx_word' id='word_1_157' title='bbox 678 1990 723 2015; x_wconf 90' lang='lat' dir='ltr'>eo</span> <span class='ocrx_word' id='word_1_158' title='bbox 742 1991 810 2015; x_wconf 91' lang='lat' dir='ltr'>vos</span> <span class='ocrx_word' id='word_1_159' title='bbox 838 1978 898 2014; x_wconf 89' lang='lat' dir='ltr'>isti</span> <span class='ocrx_word' id='word_1_160' title='bbox 925 1977 1056 2015; x_wconf 88' lang='lat' dir='ltr'>melius</span> <span class='ocrx_word' id='word_1_161' title='bbox 1083 1985 1197 2027; x_wconf 87' lang='lat' dir='ltr'>atque</span> <span class='ocrx_word' id='word_1_162' title='bbox 1221 1992 1292 2029; x_wconf 81' lang='lat' dir='ltr'>ego</span> <span class='ocrx_word' id='word_1_163' title='bbox 1319 1980 1525 2025; x_wconf 80' lang='lat' dir='ltr'>docebunt,</span> 
     </span>
     <span class='ocr_line' id='line_1_20' title="bbox 82 2038 1527 2092; baseline -0.001 -14"><span class='ocrx_word' id='word_1_164' title='bbox 82 2042 148 2092; x_wconf 91' lang='lat' dir='ltr'>qui</span> <span class='ocrx_word' id='word_1_165' title='bbox 181 2039 320 2078; x_wconf 89' lang='lat' dir='ltr'>certius</span> <span class='ocrx_word' id='word_1_166' title='bbox 351 2045 502 2084; x_wconf 89' lang='lat' dir='ltr'>norunt,</span> <span class='ocrx_word' id='word_1_167' title='bbox 531 2039 569 2075; x_wconf 89' lang='lat' dir='ltr'>in</span> <span class='ocrx_word' id='word_1_168' title='bbox 600 2051 639 2075; x_wconf 89' lang='lat' dir='ltr'>re</span> <span class='ocrx_word' id='word_1_169' title='bbox 672 2039 753 2088; x_wconf 86' lang='lat' dir='ltr'>ejus</span> <span class='ocrx_word' id='word_1_170' title='bbox 787 2038 961 2076; x_wconf 87' lang='lat' dir='ltr'>familiari</span> <span class='ocrx_word' id='word_1_171' title='bbox 995 2039 1196 2076; x_wconf 78' lang='lat' dir='ltr'>tractanda</span> <span class='ocrx_word' id='word_1_172' title='bbox 1222 2039 1371 2076; x_wconf 86' lang='lat' dir='ltr'>versati.</span> <span class='ocrx_word' id='word_1_173' title='bbox 1441 2038 1527 2076; x_wconf 86' lang='lat' dir='ltr'>Cita</span> 
     </span>
     <span class='ocr_line' id='line_1_21' title="bbox 82 2102 322 2140; baseline -0.013 0"><span class='ocrx_word' id='word_1_174' title='bbox 82 2102 174 2140; x_wconf 89' lang='lat' dir='ltr'>mihi</span> <span class='ocrx_word' id='word_1_175' title='bbox 193 2107 322 2138; x_wconf 86' lang='lat' dir='ltr'>testes.</span> 
     </span>
    </p>
   </div>
   <div class='ocr_carea' id='block_1_7' title="bbox 698 2203 909 2240">
    <p class='ocr_par' dir='ltr' id='par_1_8' title="bbox 698 2203 909 2240">
     <span class='ocr_line' id='line_1_22' title="bbox 698 2203 909 2240; baseline 0.005 -1"><span class='ocrx_word' id='word_1_176' title='bbox 698 2203 909 2240; x_wconf 84' lang='lat' dir='ltr'>TESTES.</span> 
     </span>
    </p>
   </div>
   <div class='ocr_carea' id='block_1_8' title="bbox 80 2286 1525 2871">
    <p class='ocr_par' dir='ltr' id='par_1_9' title="bbox 80 2286 1525 2871">
     <span class='ocr_line' id='line_1_23' title="bbox 83 2286 1524 2337; baseline 0.001 -13"><span class='ocrx_word' id='word_1_177' title='bbox 83 2288 220 2325; x_wconf 86' lang='lat' dir='ltr'>Donec</span> <span class='ocrx_word' id='word_1_178' title='bbox 248 2286 362 2335; x_wconf 89' lang='lat' dir='ltr'>igitur</span> <span class='ocrx_word' id='word_1_179' title='bbox 396 2286 539 2323; x_wconf 90' lang='lat' dir='ltr'>Eraton</span> <span class='ocrx_word' id='word_1_180' title='bbox 566 2286 720 2334; x_wconf 87' lang='lat' dir='ltr'>quidem</span> <span class='ocrx_word' id='word_1_181' title='bbox 748 2287 784 2323; x_wconf 91' lang='lat' dir='ltr'>in</span> <span class='ocrx_word' id='word_1_182' title='bbox 815 2286 906 2323; x_wconf 90' lang='lat' dir='ltr'>vivis</span> <span class='ocrx_word' id='word_1_183' title='bbox 935 2293 1145 2337; x_wconf 88' lang='lat' dir='ltr'>supererat,</span> <span class='ocrx_word' id='word_1_184' title='bbox 1178 2294 1216 2324; x_wconf 86' lang='lat' dir='ltr'>et</span> <span class='ocrx_word' id='word_1_185' title='bbox 1239 2300 1372 2325; x_wconf 87' lang='lat' dir='ltr'>usuras</span> <span class='ocrx_word' id='word_1_186' title='bbox 1402 2289 1449 2325; x_wconf 76' lang='lat' dir='ltr'>ab</span> <span class='ocrx_word' id='word_1_187' title='bbox 1480 2301 1524 2325; x_wconf 88' lang='lat' dir='ltr'>eo</span> 
     </span>
     <span class='ocr_line' id='line_1_24' title="bbox 82 2347 1525 2397; baseline -0.001 -11"><span class='ocrx_word' id='word_1_188' title='bbox 82 2348 311 2386; x_wconf 86' lang='lat' dir='ltr'>aufferebam</span> <span class='ocrx_word' id='word_1_189' title='bbox 332 2353 371 2383; x_wconf 87' lang='lat' dir='ltr'>et</span> <span class='ocrx_word' id='word_1_190' title='bbox 389 2347 535 2395; x_wconf 83' lang='lat' dir='ltr'>reliqua</span> <span class='ocrx_word' id='word_1_191' title='bbox 553 2347 680 2383; x_wconf 80' lang='lat' dir='ltr'>omnia</span> <span class='ocrx_word' id='word_1_192' title='bbox 700 2360 785 2395; x_wconf 82' lang='lat' dir='ltr'>quae</span> <span class='ocrx_word' id='word_1_193' title='bbox 801 2360 849 2383; x_wconf 87' lang='lat' dir='ltr'>ex</span> <span class='ocrx_word' id='word_1_194' title='bbox 867 2354 978 2397; x_wconf 89' lang='lat' dir='ltr'>pacto</span> <span class='ocrx_word' id='word_1_195' title='bbox 994 2347 1207 2384; x_wconf 88' lang='lat' dir='ltr'>tabularum</span> <span class='ocrx_word' id='word_1_196' title='bbox 1224 2347 1287 2384; x_wconf 92' lang='lat' dir='ltr'>ille</span> <span class='ocrx_word' id='word_1_197' title='bbox 1307 2347 1395 2384; x_wconf 86' lang='lat' dir='ltr'>mihi</span> <span class='ocrx_word' id='word_1_198' title='bbox 1409 2348 1525 2385; x_wconf 83' lang='lat' dir='ltr'>debe-</span> 
     </span>
     <span class='ocr_line' id='line_1_25' title="bbox 80 2407 1522 2459; baseline -0.002 -13"><span class='ocrx_word' id='word_1_199' title='bbox 80 2410 147 2446; x_wconf 85' lang='lat' dir='ltr'>bat</span> <span class='ocrx_word' id='word_1_200' title='bbox 160 2408 401 2459; x_wconf 81' lang='lat' dir='ltr'>praestanda:</span> <span class='ocrx_word' id='word_1_201' title='bbox 432 2420 479 2443; x_wconf 85' lang='lat' dir='ltr'>ex</span> <span class='ocrx_word' id='word_1_202' title='bbox 498 2420 574 2456; x_wconf 90' lang='lat' dir='ltr'>quo</span> <span class='ocrx_word' id='word_1_203' title='bbox 594 2414 719 2443; x_wconf 87' lang='lat' dir='ltr'>autem</span> <span class='ocrx_word' id='word_1_204' title='bbox 739 2407 831 2443; x_wconf 88' lang='lat' dir='ltr'>vivis</span> <span class='ocrx_word' id='word_1_205' title='bbox 853 2407 1031 2450; x_wconf 83' lang='lat' dir='ltr'>excessit,</span> <span class='ocrx_word' id='word_1_206' title='bbox 1048 2407 1155 2443; x_wconf 89' lang='lat' dir='ltr'>liberi</span> <span class='ocrx_word' id='word_1_207' title='bbox 1183 2408 1266 2456; x_wconf 84' lang='lat' dir='ltr'>ejus</span> <span class='ocrx_word' id='word_1_208' title='bbox 1285 2407 1418 2452; x_wconf 87' lang='lat' dir='ltr'>relicti,</span> <span class='ocrx_word' id='word_1_209' title='bbox 1433 2408 1522 2443; x_wconf 83' lang='lat' dir='ltr'>Era-</span> 
     </span>
     <span class='ocr_line' id='line_1_26' title="bbox 81 2467 1522 2519; baseline -0.003 -13"><span class='ocrx_word' id='word_1_210' title='bbox 81 2469 229 2519; x_wconf 90' lang='lat' dir='ltr'>siphon,</span> <span class='ocrx_word' id='word_1_211' title='bbox 250 2469 389 2505; x_wconf 88' lang='lat' dir='ltr'>Eraton</span> <span class='ocrx_word' id='word_1_212' title='bbox 405 2467 545 2516; x_wconf 88' lang='lat' dir='ltr'>junior,</span> <span class='ocrx_word' id='word_1_213' title='bbox 567 2474 605 2503; x_wconf 85' lang='lat' dir='ltr'>et</span> <span class='ocrx_word' id='word_1_214' title='bbox 633 2467 900 2511; x_wconf 85' lang='lat' dir='ltr'>Erasistratus,</span> <span class='ocrx_word' id='word_1_215' title='bbox 922 2468 1016 2515; x_wconf 83' lang='lat' dir='ltr'>parti</span> <span class='ocrx_word' id='word_1_216' title='bbox 1042 2467 1134 2503; x_wconf 86' lang='lat' dir='ltr'>nulli</span> <span class='ocrx_word' id='word_1_217' title='bbox 1160 2467 1256 2516; x_wconf 89' lang='lat' dir='ltr'>juris</span> <span class='ocrx_word' id='word_1_218' title='bbox 1283 2467 1354 2503; x_wconf 89' lang='lat' dir='ltr'>mei</span> <span class='ocrx_word' id='word_1_219' title='bbox 1375 2467 1522 2503; x_wconf 86' lang='lat' dir='ltr'>satisfe-</span> 
     </span>
     <span class='ocr_line' id='line_1_27' title="bbox 82 2527 1521 2576; baseline -0.004 -8"><span class='ocrx_word' id='word_1_220' title='bbox 82 2538 228 2568; x_wconf 89' lang='lat' dir='ltr'>cerunt.</span> <span class='ocrx_word' id='word_1_221' title='bbox 242 2530 342 2567; x_wconf 34' lang='lat' dir='ltr'>,Jam</span> <span class='ocrx_word' id='word_1_222' title='bbox 357 2529 452 2565; x_wconf 90' lang='lat' dir='ltr'>inter</span> <span class='ocrx_word' id='word_1_223' title='bbox 466 2528 557 2564; x_wconf 83' lang='lat' dir='ltr'>belli</span> <span class='ocrx_word' id='word_1_224' title='bbox 572 2528 743 2565; x_wconf 80' lang='lat' dir='ltr'>fremitus</span> <span class='ocrx_word' id='word_1_225' title='bbox 762 2527 1079 2576; x_wconf 87' lang='lat' dir='ltr'>interquiescente</span> <span class='ocrx_word' id='word_1_226' title='bbox 1094 2528 1214 2565; x_wconf 87' lang='lat' dir='ltr'>litium</span> <span class='ocrx_word' id='word_1_227' title='bbox 1231 2527 1521 2576; x_wconf 87' lang='lat' dir='ltr'>disceptatione,</span> 
     </span>
     <span class='ocr_line' id='line_1_28' title="bbox 82 2587 1523 2640; baseline -0.005 -12"><span class='ocrx_word' id='word_1_228' title='bbox 82 2600 265 2640; x_wconf 84' lang='lat' dir='ltr'>negatum</span> <span class='ocrx_word' id='word_1_229' title='bbox 284 2589 375 2625; x_wconf 86' lang='lat' dir='ltr'>mihi</span> <span class='ocrx_word' id='word_1_230' title='bbox 394 2588 465 2624; x_wconf 89' lang='lat' dir='ltr'>fuit</span> <span class='ocrx_word' id='word_1_231' title='bbox 484 2587 612 2625; x_wconf 87' lang='lat' dir='ltr'>debita</span> <span class='ocrx_word' id='word_1_232' title='bbox 632 2589 678 2625; x_wconf 89' lang='lat' dir='ltr'>ab</span> <span class='ocrx_word' id='word_1_233' title='bbox 694 2587 738 2623; x_wconf 89' lang='lat' dir='ltr'>iis</span> <span class='ocrx_word' id='word_1_234' title='bbox 760 2587 953 2636; x_wconf 75' lang='lat' dir='ltr'>redigere:</span> <span class='ocrx_word' id='word_1_235' title='bbox 982 2601 1096 2637; x_wconf 87' lang='lat' dir='ltr'>quam</span> <span class='ocrx_word' id='word_1_236' title='bbox 1118 2588 1278 2637; x_wconf 84' lang='lat' dir='ltr'>primum</span> <span class='ocrx_word' id='word_1_237' title='bbox 1306 2593 1444 2629; x_wconf 81' lang='lat' dir='ltr'>autem,</span> <span class='ocrx_word' id='word_1_238' title='bbox 1465 2598 1523 2621; x_wconf 89' lang='lat' dir='ltr'>re-</span> 
     </span>
     <span class='ocr_line' id='line_1_29' title="bbox 85 2645 1522 2699; baseline -0.003 -12"><span class='ocrx_word' id='word_1_239' title='bbox 85 2651 218 2688; x_wconf 86' lang='lat' dir='ltr'>stituta</span> <span class='ocrx_word' id='word_1_240' title='bbox 236 2662 342 2699; x_wconf 86' lang='lat' dir='ltr'>pace,</span> <span class='ocrx_word' id='word_1_241' title='bbox 361 2662 489 2686; x_wconf 84' lang='lat' dir='ltr'>causae</span> <span class='ocrx_word' id='word_1_242' title='bbox 518 2649 672 2697; x_wconf 83' lang='lat' dir='ltr'>privatae</span> <span class='ocrx_word' id='word_1_243' title='bbox 698 2660 825 2684; x_wconf 87' lang='lat' dir='ltr'>rursus</span> <span class='ocrx_word' id='word_1_244' title='bbox 849 2647 886 2684; x_wconf 90' lang='lat' dir='ltr'>in</span> <span class='ocrx_word' id='word_1_245' title='bbox 916 2648 998 2685; x_wconf 88' lang='lat' dir='ltr'>foro</span> <span class='ocrx_word' id='word_1_246' title='bbox 1028 2654 1225 2697; x_wconf 84' lang='lat' dir='ltr'>coeperunt</span> <span class='ocrx_word' id='word_1_247' title='bbox 1253 2645 1398 2694; x_wconf 81' lang='lat' dir='ltr'>agitari,</span> <span class='ocrx_word' id='word_1_248' title='bbox 1420 2645 1522 2682; x_wconf 87' lang='lat' dir='ltr'>litem</span> 
     </span>
     <span class='ocr_line' id='line_1_30' title="bbox 84 2706 1525 2759; baseline -0.005 -10"><span class='ocrx_word' id='word_1_249' title='bbox 84 2711 308 2750; x_wconf 86' lang='lat' dir='ltr'>instituebat</span> <span class='ocrx_word' id='word_1_250' title='bbox 332 2716 437 2758; x_wconf 85' lang='lat' dir='ltr'>pater</span> <span class='ocrx_word' id='word_1_251' title='bbox 467 2722 579 2759; x_wconf 88' lang='lat' dir='ltr'>super</span> <span class='ocrx_word' id='word_1_252' title='bbox 603 2708 781 2745; x_wconf 88' lang='lat' dir='ltr'>universo</span> <span class='ocrx_word' id='word_1_253' title='bbox 810 2707 937 2745; x_wconf 90' lang='lat' dir='ltr'>debito</span> <span class='ocrx_word' id='word_1_254' title='bbox 957 2709 1138 2746; x_wconf 85' lang='lat' dir='ltr'>adversus</span> <span class='ocrx_word' id='word_1_255' title='bbox 1160 2706 1442 2751; x_wconf 87' lang='lat' dir='ltr'>Erasistratum,</span> <span class='ocrx_word' id='word_1_256' title='bbox 1461 2706 1525 2756; x_wconf 88' lang='lat' dir='ltr'>qui</span> 
     </span>
     <span class='ocr_line' id='line_1_31' title="bbox 85 2766 1522 2818; baseline -0.006 -6"><span class='ocrx_word' id='word_1_257' title='bbox 85 2776 244 2812; x_wconf 86' lang='lat' dir='ltr'>fratrum</span> <span class='ocrx_word' id='word_1_258' title='bbox 273 2770 377 2807; x_wconf 88' lang='lat' dir='ltr'>solus</span> <span class='ocrx_word' id='word_1_259' title='bbox 407 2770 444 2806; x_wconf 87' lang='lat' dir='ltr'>in</span> <span class='ocrx_word' id='word_1_260' title='bbox 474 2771 568 2807; x_wconf 85' lang='lat' dir='ltr'>urbe</span> <span class='ocrx_word' id='word_1_261' title='bbox 594 2776 676 2806; x_wconf 89' lang='lat' dir='ltr'>tum</span> <span class='ocrx_word' id='word_1_262' title='bbox 703 2770 851 2811; x_wconf 82' lang='lat' dir='ltr'>aderat3</span> <span class='ocrx_word' id='word_1_263' title='bbox 883 2782 998 2818; x_wconf 89' lang='lat' dir='ltr'>quem</span> <span class='ocrx_word' id='word_1_264' title='bbox 1019 2768 1089 2805; x_wconf 87' lang='lat' dir='ltr'>sub</span> <span class='ocrx_word' id='word_1_265' title='bbox 1110 2766 1292 2803; x_wconf 84' lang='lat' dir='ltr'>archonte</span> <span class='ocrx_word' id='word_1_266' title='bbox 1312 2767 1522 2808; x_wconf 88' lang='lat' dir='ltr'>Xenaeneto</span> 
     </span>
     <span class='ocr_line' id='line_1_32' title="bbox 86 2828 1257 2871; baseline -0.006 0"><span class='ocrx_word' id='word_1_267' title='bbox 86 2830 367 2871; x_wconf 80' lang='lat' dir='ltr'>condemnavit.</span> <span class='ocrx_word' id='word_1_268' title='bbox 424 2830 546 2868; x_wconf 86' lang='lat' dir='ltr'>Etiam</span> <span class='ocrx_word' id='word_1_269' title='bbox 567 2830 700 2867; x_wconf 86' lang='lat' dir='ltr'>horum</span> <span class='ocrx_word' id='word_1_270' title='bbox 717 2830 818 2868; x_wconf 91' lang='lat' dir='ltr'>dabo</span> <span class='ocrx_word' id='word_1_271' title='bbox 834 2836 963 2870; x_wconf 85' lang='lat' dir='ltr'>testeS.</span> <span class='ocrx_word' id='word_1_272' title='bbox 1023 2828 1108 2864; x_wconf 89' lang='lat' dir='ltr'>Cita</span> <span class='ocrx_word' id='word_1_273' title='bbox 1126 2833 1257 2868; x_wconf 78' lang='lat' dir='ltr'>testes.</span> 
     </span>
    </p>
   </div>
  </div>
 </body>
</html>
