1822 3219
689 121 763 158 DE
795 119 1099 157 MYSTERIIS.
1547 119 1618 154 105

171 218 428 267 spectabatur,
445 219 681 270 protulistis:
711 233 866 271 aequum
885 220 986 258 enirn
1005 220 1191 269 vobisque
1221 218 1381 269 dignum
1401 219 1621 265 censuistis,

169 291 238 317 vos
258 280 456 318 exsulibus
480 282 518 318 in
535 282 695 332 patriam
724 281 911 319 redeundi
927 281 1074 319 veniam
1096 281 1187 318 dare
1219 285 1441 329 statumque
1467 279 1616 317 civilem

166 340 293 390 capite
332 341 487 380 minutis
523 343 696 380 reddere.
769 344 959 385 Quaenam
993 342 1109 392 igitur
1145 340 1274 378 adhue
1317 349 1494 390 superest
1530 352 1620 390 pars

166 401 317 441 virtutis
339 405 488 443 illorum
508 406 615 443 vobis
634 405 683 443 ad
702 405 930 443 imitandum
952 404 1129 456 reliqua?
1187 404 1289 441 Haec
1308 415 1461 453 nempe,
1480 410 1523 440 ut
1541 403 1618 453 pri-

168 464 268 503 stina
291 466 357 504 illa
376 479 619 516 quaecunque
648 473 738 504 sunt
763 467 943 504 oblivioni
973 466 1178 510 mandetis,
1200 466 1297 502 bene
1319 464 1441 514 gnari,
1466 463 1621 501 tametsi

167 535 297 564 semen
317 527 424 576 quasi
443 527 720 576 prosperitatis,
739 527 841 565 unde
855 541 955 578 resp.
975 527 1135 565 vetustis
1150 526 1223 563 illis
1239 525 1475 575 temporibus
1490 536 1620 561 rursus

165 587 478 636 progerminaret,
507 586 630 624 multo
650 594 730 625 tum
757 588 909 632 fuisset,
934 601 1049 638 quam
1076 587 1324 638 postmodum
1353 586 1440 631 fuit,
1469 585 1620 629 exilius,

164 658 283 696 remp.
303 652 431 685 tamen
451 647 686 684 fortunatam
705 655 822 697 atque
842 648 982 686 claram
999 648 1116 685 fuisse
1136 661 1144 684 ε
1167 647 1235 684 sed
1251 647 1324 684 erit
1342 659 1448 684 nune
1463 658 1619 696 quoque

164 719 241 744 non
271 706 398 745 minus
417 707 521 745 clara
549 720 674 758 neque
694 709 821 745 minus
843 708 1051 753 fortunata,
1073 708 1103 745 si
1123 696 1298 746 volemus
1317 719 1401 753 nos,
1430 708 1532 752 cives
1553 706 1619 756 qui

163 766 295 813 simus,
330 767 383 805 ita
413 775 458 806 ut
489 768 592 806 cives
620 769 748 814 decet,
788 768 981 820 sapienter
1012 781 1126 820 agere
1156 780 1375 820 pacemque
1411 768 1510 806 inter
1548 780 1620 804 nos

161 832 278 876 atque
305 829 553 867 concordiam
572 829 712 867 colere.

218 889 279 925 19.
310 888 455 927 Verum
475 890 523 927 de
542 902 647 927 ramo
667 903 822 940 quoque
841 904 902 929 me
923 897 1156 929 accusarunt
1184 890 1471 941 supplicatorio,
1505 890 1618 939 quasi

161 959 236 998 ego
269 962 358 987 eum
397 950 434 987 in
477 950 673 989 Eleusinio
713 950 1007 1002 deposuissem:
1054 953 1148 989 ritus
1191 964 1332 1002 nempe
1379 951 1503 989 avitus
1543 958 1616 995 est,

160 1010 385 1061 quicunque
415 1025 484 1063 per
516 1012 598 1050 dies
633 1013 754 1051 festos
795 1015 913 1051 sacris
953 1014 1158 1052 Eleusiniis
1189 1022 1436 1052 consecratos
1465 1026 1613 1052 ramum

159 1071 478 1122 supplicatorium
506 1073 543 1111 in
564 1086 630 1111 ara
649 1073 807 1112 dearum
827 1082 959 1125 ponat,
989 1081 1032 1112 ut
1057 1075 1090 1112 is
1110 1074 1221 1112 morti
1252 1075 1376 1112 detur.
1434 1076 1490 1111 At
1517 1073 1617 1111 enim

159 1146 248 1171 vero
277 1141 355 1172 tam
375 1142 467 1173 sunt
495 1135 534 1172 hi
562 1136 745 1181 audaces,
779 1144 835 1181 ut,
865 1150 953 1186 quae
987 1136 1056 1187 ipsi
1087 1136 1234 1174 callidis
1268 1135 1614 1173 machinationibus

159 1206 285 1232 meam
314 1195 352 1231 in
380 1196 557 1234 fraudem
577 1204 864 1247 compararunt,
893 1210 1027 1235 eorum
1056 1210 1117 1235 me
1144 1197 1381 1241 insimulent,
1411 1196 1616 1246 quasi-ego

159 1267 207 1292 ea
227 1255 419 1302 fecissem,
437 1269 562 1307 neque
583 1258 676 1294 satis
697 1257 855 1303 habent,
871 1258 1027 1308 impune
1044 1257 1116 1295 sibi
1135 1257 1254 1296 fuisse
1274 1257 1425 1295 facinus
1444 1257 1617 1306 impium,

159 1317 291 1355 mortis
316 1331 429 1368 poena
449 1319 652 1364 sancitum,
673 1319 745 1357 nisi
761 1319 875 1357 etiam
897 1320 1052 1371 culpam
1072 1322 1157 1370 ejus
1176 1320 1214 1357 in
1235 1328 1350 1371 caput
1369 1332 1512 1365 meum,
1532 1326 1616 1356 tan-

156 1390 274 1427 quam
297 1379 479 1425 auctoris,
512 1379 746 1418 intorserint.
804 1380 906 1418 Nam
927 1387 969 1418 ut
988 1381 1037 1419 ab
1058 1380 1240 1418 Eleusine
1262 1381 1370 1431 [post
1388 1386 1544 1431 peracta
1563 1379 1614 1417 ibi

157 1451 268 1477 sacra
301 1439 512 1489 Eleusinia]
536 1440 612 1478 huc
640 1441 677 1478 in
703 1441 835 1478 urbem
865 1441 1116 1488 redieramus,
1148 1448 1188 1479 et
1207 1449 1342 1479 contra
1362 1453 1422 1479 me
1446 1440 1617 1478 exhibita

157 1500 258 1550 [regi
290 1513 484 1538 sacrorum
517 1515 539 1539 a
573 1501 769 1552 Cephisio]
797 1501 924 1540 fuerat
951 1502 1147 1548 indicatio,
1179 1503 1309 1541 adibat
1333 1515 1399 1540 rex
1419 1514 1615 1540 sacrorum

156 1561 205 1599 ad
219 1569 407 1612 prytanas
427 1562 476 1601 de
495 1563 710 1601 commissis
731 1576 798 1614 per
816 1577 1009 1601 sacrorum
1034 1563 1319 1602 Eleusiniorum
1352 1563 1612 1601 celebritatem

154 1623 359 1670 relaturus,
388 1624 712 1674 quemadmodum
745 1638 829 1664 mos
863 1632 942 1663 est:
972 1631 1156 1677 prytanes
1183 1625 1427 1675 spondebant
1459 1636 1614 1674 operam

156 1696 196 1721 se
216 1684 388 1731 daturos,
407 1691 452 1722 ut
468 1686 550 1736 ipse
571 1685 622 1723 ad
641 1692 817 1724 senatum
847 1685 1167 1732 introduceretur,
1192 1685 1241 1723 ad
1274 1698 1362 1723 eum
1387 1685 1445 1722 his
1475 1685 1612 1722 iisdem

157 1745 205 1782 de
227 1746 341 1783 rebus
361 1759 428 1796 per
449 1760 490 1783 se
510 1746 699 1784 relaturus
715 1763 725 1791 ;
743 1747 894 1784 interim
909 1747 1147 1784 mandabant
1167 1746 1215 1790 ei,
1238 1755 1280 1783 ut
1300 1758 1370 1783 suo
1389 1747 1613 1797 [prytanum

156 1806 265 1856 puta]
298 1807 452 1844 nomine
482 1819 620 1856 meque
655 1820 861 1856 meumque
893 1814 1157 1844 accusatorem
1189 1806 1411 1858 Cephisium
1439 1807 1475 1844 in
1509 1807 1612 1844 diem

153 1868 360 1906 crastinum
389 1868 525 1906 adesse
541 1868 696 1917 juberet
715 1868 754 1905 in
777 1867 978 1905 Eleusinio
995 1867 1022 1916 ;}
1040 1867 1090 1905 ibi
1117 1868 1218 1906 enirn
1237 1881 1510 1906 consessurum
1530 1882 1615 1907 esse

154 1935 331 1967 senatum
351 1941 400 1966 ex
427 1929 513 1978 lege
544 1928 698 1966 Solonis
719 1928 797 1974 illa,
829 1941 917 1978 quae
949 1928 1101 1966 senatui
1132 1928 1310 1980 injungit,
1336 1936 1380 1967 ut
1409 1929 1612 1980 prostridie

154 1989 421 2040 mysteriorum
451 1989 489 2026 in
522 1989 719 2027 Eleusinio
752 1990 964 2027 consideat.
1023 1989 1261 2040 Aderamus,
1281 1998 1395 2041 prout
1425 1992 1613 2029 indictum

155 2051 265 2089 nobis
292 2051 438 2093 fuerat;
469 2064 706 2101 numeroque
739 2057 962 2089 senatorum
995 2051 1202 2102 completo,
1237 2052 1383 2090 Callias
1405 2052 1615 2104 Hipponici

152 2111 268 2157 filius,
299 2124 386 2149 cum
414 2111 463 2148 ad
493 2111 701 2149 dicendum
731 2112 1001 2150 assurrexisset
1024 2111 1063 2149 in
1082 2111 1216 2150 habitu
1229 2112 1442 2164 ⁷Cerycnm,
1463 2113 1615 2150 nuntiat

151 2186 300 2211 ramum
321 2172 639 2224 supplicatorium
656 2185 772 2224 super
791 2186 856 2211 ara
867 2173 1013 2224 jacere,
1031 2174 1347 2225 monstrabatque
1366 2174 1612 2212 senatoribus

152 2233 204 2271 ibi
217 2233 424 2284 jacentem.
483 2234 531 2271 Et
558 2242 640 2272 tum
664 2247 793 2286 praeco
820 2234 1071 2285 praedicabat,
1099 2234 1290 2278 QuiSnam
1310 2249 1397 2274 eum
1416 2236 1467 2275 ibi
1488 2237 1611 2287 depo-

153 2295 318 2333 suisset:
348 2308 477 2332 verum
507 2308 621 2334 nemo
640 2295 911 2347 respondebat.
965 2295 1233 2335 Adstabamus
1263 2310 1345 2343 nos,
1375 2304 1413 2335 et
1439 2297 1500 2336 hic
1534 2299 1609 2336 Ce-

154 2355 303 2407 phisius
324 2368 395 2393 nos
415 2355 583 2395 videbat.
639 2357 782 2396 Abibat
802 2358 931 2408 itaque
964 2357 1109 2396 Callias
1138 2365 1175 2396 et
1205 2359 1305 2397 intro
1342 2360 1390 2397 ad
1411 2366 1610 2398 senatores

153 2415 328 2453 redibat:
360 2415 575 2453 secundum
610 2430 696 2454 eum
728 2417 793 2455 hie
831 2417 974 2455 Eucles
1014 2417 1082 2468 [ad
1119 2432 1189 2457 nos
1223 2432 1243 2457 e
1273 2420 1396 2469 curia]
1429 2433 1609 2471 egressus

156 2475 219 2527 [id
238 2476 338 2514 idem
361 2489 430 2514 nos
451 2476 711 2527 interrogabat
725 2491 870 2524 rursus,
886 2477 993 2528 quod
1008 2479 1153 2517 Callias
1167 2479 1283 2518 modo
1296 2481 1616 2531 interrogaverat,'

152 2549 283 2575 verum
303 2544 343 2575 et
364 2537 446 2589 ipse
478 2551 634 2588 quoque
658 2538 740 2589 pari
766 2539 916 2578 silentio
937 2547 1068 2578 nostro
1088 2541 1274 2579 refutatus
1295 2541 1505 2589 abibat]——
1521 2542 1611 2580 Cita

154 2603 195 2632 tu
216 2598 304 2635 mihi
327 2598 500 2637 Euclem.
558 2600 659 2638 Ante
679 2599 807 2638 omnia
825 2600 924 2647 edic,
943 2600 1076 2647 Euele‚
1097 2608 1213 2651 atque
1234 2608 1389 2648 testare,
1410 2615 1501 2639 num
1519 2615 1608 2640 vera

153 2656 238 2696 haec
256 2659 392 2698 dicam.

650 2724 1052 2764 TESTIMONIUM.

154 2785 256 2823 Vera
287 2799 374 2826 esse
401 2802 487 2838 quae
508 2789 598 2837 dixi,
627 2792 700 2830 hoc
734 2795 853 2840 vobis,
886 2796 966 2841 viri,
999 2796 1216 2833 testimonio
1236 2796 1501 2833 confirmatum
1523 2805 1606 2835 est:

153 2847 256 2886 fraus
285 2848 459 2887 nimirum
490 2850 574 2890 haec
602 2861 696 2900 erat,
731 2856 778 2893 ab
807 2855 967 2894 inimicis
991 2857 1028 2892 in
1057 2862 1174 2906 caput
1200 2868 1327 2893 meum
1349 2863 1508 2903 structa,
1538 2860 1605 2897 sed

872 2930 893 2953 p
