1822 3219
252 136 300 173 ‘28
788 137 1152 175 ANTIPHONTIS

250 246 287 276 et
303 237 442 274 bardus
459 249 575 282 eram,
591 237 810 276 existimans
827 252 912 276 eum
928 239 976 275 nil
990 251 1071 276 esse
1084 238 1369 281 oblocuturum;
1390 238 1428 276 id
1441 238 1536 277 enim
1552 239 1584 277 si
1597 251 1691 292 prae·

250 300 424 337 vidissem
440 300 623 343 futurum,
642 299 745 350 quod
767 302 903 344 evenit,
925 308 966 338 ut
985 300 1046 338 ille
1067 300 1298 338 accusationi
1317 312 1412 337 meae
1428 300 1687 340 defensionem

249 366 471 412 opponeret,
490 373 564 398 non
594 361 684 398 satis
705 361 917 398 habuissem
939 361 1081 398 crimen
1099 361 1181 411 ejus
1201 360 1381 404 indicare,
1402 373 1523 411 neque
1552 362 1690 400 defun-

249 430 334 460 ctus
349 422 428 460 sola
443 422 561 460 altera
582 430 687 473 parte
703 423 897 466 orationis,
915 422 1033 460 altera
1051 429 1190 460 memet
1210 423 1288 473 ipse
1309 422 1620 462 defraudassem:
1650 430 1690 461 et

249 497 378 522 rursus
397 484 471 530 hic,
485 485 514 522 si
535 484 664 523 debita
685 498 775 522 usus
791 485 979 522 modestia
994 484 1286 522 contrahiscere
1307 495 1424 521 ausus
1446 496 1520 520 non
1539 483 1689 528 fuisset,

250 558 326 582 non
347 546 466 583 altero
488 552 592 583 tanto
611 546 700 584 mihi
726 552 937 596 praestaret,
959 557 1034 595 quo
1061 557 1162 581 nunc
1182 551 1355 593 praestat,
1377 555 1494 581 ausus
1514 543 1690 594 obloqui;

249 619 325 644 non
336 607 434 644 enirn
446 607 684 645 solummodo
697 620 818 645 meam
833 608 1114 644 accusationem
1128 617 1197 642 sua
1210 605 1432 643 defensione
1446 605 1690 656 excepit,sed

248 667 358 704 etiam
376 674 558 718 praeterea
580 681 639 706 me
661 669 878 705 criminibus
898 667 996 705 ultro
1018 666 1231 717 ingerendis
1252 666 1428 704 obrutum
1448 666 1688 717 ivit,quibus‚

247 736 379 779 utpote
409 742 483 766 non
513 730 695 780 praevisis,
717 731 754 768 in
778 730 1020 767 accusatione
1047 741 1119 779 ego
1145 741 1343 766 occurrere
1369 741 1445 766 non
1475 736 1689 779 potueram.

248 789 596 835 Verumenimvero,
614 804 844 842 quamquam
867 796 975 828 tanta
993 797 1099 841 parte
1121 803 1189 827 nos
1209 789 1366 827 actionis
1389 796 1555 841 superat,
1574 791 1689 828 rebus

246 851 338 901 ipsis
359 859 482 889 tamen
504 852 631 890 adhuc
650 853 770 890 multo
794 853 962 904 pluribus
983 865 1042 889 me
1062 852 1238 902 passibus
1258 851 1391 897 anteit,
1410 851 1516 889 vobis
1535 864 1691 903 persua-

247 913 337 950 dere
356 913 547 958 laboram,
568 927 608 952 se
628 914 741 965 culpa
760 927 909 958 vacare,
930 926 1053 963 eoque
1073 913 1249 963 precibus
1270 926 1291 950 a
1311 913 1418 950 vobis
1438 912 1689 958 contendens,

246 980 302 1018 ut,
324 974 530 1011 clementer
555 983 668 1026 atque
699 975 880 1012 benevole
913 974 1043 1011 audita
1069 974 1302 1019 defensione,
1324 987 1365 1012 se
1391 973 1612 1019 absolvatis,
1631 986 1691 1012 me

246 1034 446 1078 damnetis,
467 1036 530 1084 qui
557 1035 660 1072 nulla
686 1035 787 1072 mala
814 1035 947 1072 fraude
967 1035 1184 1080 commissa,
1204 1042 1342 1086 praeter
1361 1035 1424 1074 illa
1444 1035 1571 1086 priora
1589 1035 1691 1073 mala.

245 1094 383 1132 misera
411 1103 525 1145 atque
552 1095 720 1140 infanda,
742 1094 867 1132 adbuc
898 1096 1017 1132 multo
1046 1096 1157 1132 etiam
1187 1095 1404 1145 indigniora
1426 1097 1538 1134 rebus
1557 1102 1596 1134 et
1613 1109 1690 1134 non

245 1155 368 1193 verbis
394 1156 532 1206 probra
563 1164 676 1206 atque
706 1155 846 1194 damna
866 1156 1070 1206 accipiam:
1103 1169 1218 1206 quare
1237 1156 1284 1194 ad
1305 1162 1455 1206 portum
1475 1156 1689 1195 clementiae

246 1222 358 1266 atque
379 1216 645 1254 misericordiae
666 1224 814 1260 vestrae,
829 1217 995 1267 judices,
1016 1217 1258 1266 confugiens,
1279 1217 1417 1266 quibus
1436 1217 1509 1256 hoc
1529 1224 1587 1256 est
1605 1231 1689 1256 mu-

247 1277 346 1315 neris
375 1278 520 1320 datum,
542 1285 585 1315 nt
610 1278 724 1328 impia
751 1278 921 1315 facinora
950 1278 1261 1315 animadvertatis
1288 1278 1335 1315 ab
1367 1278 1488 1328 iisque
1519 1286 1622 1316 recte
1651 1286 1690 1317 et

244 1339 428 1388 praeclare
450 1339 550 1377 facta
566 1339 817 1389 dignoscatis,
831 1351 896 1376 vos
916 1351 1009 1389 rogo
1029 1345 1083 1383 ut,
1106 1338 1207 1376 facta
1225 1351 1354 1377 coram
1373 1339 1493 1377 oculis
1512 1340 1687 1378 videntes

244 1407 348 1437 certa
373 1407 411 1437 et
441 1400 533 1437 nulli
565 1400 831 1438 controversiae
859 1401 1038 1444 obnoxia,
1060 1400 1207 1437 fallacis
1227 1406 1266 1437 et
1293 1400 1475 1451 captiosae
1494 1400 1687 1440 facundiae

244 1462 445 1512 praestigiis
467 1475 512 1499 ne
531 1476 598 1500 vos
619 1463 717 1500 detis
745 1462 948 1508 ludendos,
969 1476 1064 1500 neve
1094 1463 1258 1500 credatis
1278 1463 1310 1500 ei
1331 1463 1560 1513 persuadere
1581 1464 1687 1502 vobis

244 1524 505 1569 contendenti,
525 1524 622 1562 falsa
651 1537 735 1561 esse
766 1531 877 1575 atque
907 1525 1088 1562 ementita
1117 1538 1161 1562 ea
1190 1537 1275 1574 quae
1295 1538 1381 1563 vere
1401 1526 1570 1564 evenisse
1592 1526 1689 1565 inter

243 1597 376 1623 omnes
397 1593 571 1624 constat:
602 1599 687 1624 narn
710 1586 739 1623 si
759 1586 887 1624 fucata
908 1586 971 1623 illa
990 1586 1207 1637 eloquentia
1227 1586 1312 1637 plus
1330 1586 1433 1624 valet
1452 1595 1598 1625 mentes
1618 1588 1686 1625 im-

244 1647 408 1697 posturis
437 1647 661 1698 illaqueatas
691 1648 739 1685 ad
770 1660 965 1685 assensum
985 1647 1215 1698 pertrahere,
1237 1647 1393 1686 veritate
1414 1655 1539 1686 tamen
1559 1656 1687 1688 caret:

242 1709 383 1746 veritas
413 1715 552 1753 autem,
573 1709 723 1747 tametsi
756 1709 880 1747 minus
912 1709 1054 1746 diserta
1084 1716 1143 1747 est
1171 1717 1209 1746 et
1242 1722 1264 1746 a
1292 1722 1432 1760 pompa
1460 1710 1688 1760 eloquentiae.

243 1782 352 1807 vanae
370 1769 576 1813 denudata,
599 1770 840 1821 simplicitate
868 1783 937 1808 sua
956 1779 1080 1808 tamen
1107 1778 1143 1807 et
1169 1770 1384 1821 integritate
1405 1772 1598 1821 potentior
1616 1779 1687 1810 est.

243 1831 374 1872 Quare
391 1844 543 1882 possem
565 1831 716 1882 quidem
737 1831 939 1876 hactenus,
954 1832 1105 1882 justitia
1124 1844 1251 1869 causae
1270 1844 1366 1869 meae
1385 1832 1518 1876 fretus,
1535 1840 1690 1871 conten-

241 1890 384 1928 tionem
404 1903 553 1929 omnem
572 1892 784 1929 defensoris
800 1905 957 1930 securus
973 1892 1116 1929 ridere:
1147 1899 1404 1930 verumtamen
1420 1892 1558 1931 duritia
1573 1900 1686 1944 atque

242 1953 408 1991 saevities
429 1953 539 1991 sortis
561 1966 667 1998 meae,
681 1967 702 1991 a
716 1966 791 2004 qua
812 1954 901 1991 nihil
921 1967 995 1991 non
1016 1955 1194 1991 infestum
1210 1960 1377 1991 metuere
1393 1953 1528 1999 debeo,
1543 1962 1686 1992 metum

241 2013 330 2050 mihi
345 2014 488 2065 injecit,
504 2026 563 2058 ne,
580 2022 828 2065 praeterquam
842 2015 944 2065 quod
962 2015 1168 2052 commodis
1189 2015 1396 2052 carendum
1417 2015 1508 2052 mihi
1523 2015 1584 2061 sit,
1599 2029 1686 2067 quae

239 2081 410 2124 poteram
437 2088 459 2113 a
487 2074 563 2113 filio
583 2075 790 2126 percipere,
812 2089 914 2113 nunc
944 2088 965 2113 a
994 2076 1073 2113 fato
1102 2076 1183 2127 ejus
1213 2082 1440 2125 praematuro
1458 2076 1683 2126 intercepta,

241 2135 394 2187 insuper
408 2137 522 2174 etiarn
542 2137 614 2174 hoc
635 2138 793 2175 obrutus
815 2138 1004 2175 dedecore
1020 2138 1166 2182 abeam,
1184 2145 1226 2173 ut
1240 2136 1388 2172 videam
1405 2135 1524 2173 filiurn
1539 2148 1562 2173 a
1574 2137 1682 2174 vobis

239 2195 433 2234 homicidii
459 2197 732 2241 insimulatum,
754 2198 854 2234 ultro
880 2198 927 2234 ab
954 2198 1114 2247 ipsomet
1142 2197 1178 2233 in
1206 2209 1246 2233 se
1273 2194 1444 2233 admissi.
1500 2196 1556 2234 Eo
1581 2197 1682 2235 enim

238 2257 426 2307 processit
444 2257 624 2294 defensor
644 2257 815 2294 audaciae
835 2265 947 2307 atque
969 2257 1227 2308 impudentiae,
1245 2263 1285 2293 ut
1300 2255 1415 2293 filium
1432 2270 1556 2303 suum,
1572 2272 1594 2296 a
1607 2272 1684 2310 quo

238 2317 333 2355 illud
357 2318 526 2369 jaculum
558 2319 738 2355 intortum
771 2318 854 2363 suit,
875 2319 983 2369 cujus
1004 2319 1159 2356 vulnere
1185 2332 1290 2357 meus
1319 2319 1417 2357 filius
1445 2320 1682 2359 exanimatus

240 2385 313 2423 est,
334 2385 448 2429 neget
467 2378 604 2416 vulnus
625 2379 863 2429 imposuisse,
883 2387 999 2429 neget
1026 2380 1232 2422 occidisse;
1268 2387 1476 2430 contraque
1496 2394 1597 2426 eum,
1618 2382 1683 2432 qui

233 2441 406 2493 jaculum
427 2454 475 2479 ne
496 2441 670 2478 manibus
692 2440 845 2490 quidem
875 2440 1047 2491 contigit,
1067 2446 1105 2478 et
1124 2454 1171 2478 ne
1192 2441 1227 2477 in
1249 2448 1412 2479 mentem
1433 2441 1585 2491 quidem
1611 2442 1682 2479 sibi

237 2503 363 2540 venire
378 2515 514 2553 passus
529 2501 598 2538 fuit
610 2508 650 2538 ut
662 2501 836 2551 jaculum
854 2500 1097 2552 intorqueret,
1112 2502 1215 2551 quod
1228 2502 1402 2552 jaculum
1417 2514 1539 2551 neque
1555 2501 1680 2540 solum

239 2577 364 2615 neque
394 2563 513 2600 ullum
545 2562 649 2600 aliud
677 2574 814 2612 corpus
844 2561 956 2605 feriit,
985 2570 1110 2599 tamen
1139 2563 1213 2599 aiat
1242 2564 1364 2612 ipsum
1399 2563 1476 2599 suis
1504 2563 1680 2600 manibus

239 2625 333 2662 illud
347 2624 518 2676 jaculum
538 2636 605 2674 per
632 2623 729 2660 latus
757 2635 866 2659 suurn
895 2622 1191 2673 transadegisse.
1249 2623 1367 2673 Cujus
1397 2623 1680 2674 praedicationis

237 2691 315 2722 tam
334 2685 491 2722 evidens
511 2691 550 2721 et
568 2691 642 2721 tam
663 2683 860 2733 palpabilis
876 2690 935 2720 est
956 2684 1220 2733 repugnantia,
1238 2691 1280 2720 ut
1300 2684 1461 2721 audeam
1478 2684 1678 2729 affirmare,

239 2746 356 2782 videri
384 2746 472 2783 mihi
501 2744 623 2782 minus
652 2743 902 2781 laborandum
923 2743 1000 2781 fore
1021 2744 1057 2780 in
1078 2757 1237 2782 assensu
1264 2743 1514 2795 impetrando,
1536 2746 1564 2782 si
1585 2758 1678 2783 con-

239 2806 407 2851 tendam,
427 2806 542 2842 filium
565 2818 689 2843 meum
719 2806 766 2842 ab
793 2805 866 2842 hoc
898 2804 1154 2850 adolescente,
1173 2805 1371 2842 voluntate
1392 2805 1509 2855 ipsius
1530 2812 1570 2844 et
1587 2805 1678 2844 data

239 2880 353 2919 opera
373 2880 457 2905 esse
477 2875 729 2919 peremptum,
749 2879 862 2918 quam
881 2866 968 2905 huic
987 2867 1057 2905 erit
1073 2867 1335 2911 laborandum,
1358 2867 1499 2906 volenti
1518 2881 1676 2920 persua-
