1822 3219
276 182 353 217 270
659 182 828 220 LYSIJE
861 183 967 220 PRO
999 182 1345 220 MANTITHEO.

273 278 580 330 depoposcerim.
637 280 681 320 Id
700 282 803 332 quod
825 295 870 319 eo
891 294 967 319 non
994 282 1080 326 feci,
1108 294 1185 331 quo
1206 294 1284 318 rem
1310 281 1432 318 levem
1454 286 1568 330 atque
1594 286 1724 318 conte·

271 340 478 378 mnendam
506 341 683 380 ducerem
714 355 802 380 cum
824 342 1125 380 Lacedaemoniis
1154 341 1351 386 dimicare,
1377 341 1446 378 sed
1466 353 1557 390 qu0‚
1575 340 1606 377 si
1626 341 1723 378 forte

271 399 478 450 aliquando
503 401 725 452 iniquiorem
761 402 928 452 aliquam
961 403 998 439 in
1026 415 1183 439 causam
1217 401 1252 438 in
1284 402 1365 438 foro
1403 400 1622 450 agitandam
1657 413 1725 450 per

271 461 378 508 nefas
403 463 625 513 conjiceret,
642 464 708 513 jus
733 475 805 512 ego
829 475 955 500 meum
984 462 1058 500 hoc
1085 462 1236 499 facilius
1262 462 1514 512 impetrarem,
1533 460 1637 510 quod
1657 473 1724 498 vos

271 534 404 560 omnes
425 524 483 561 his
504 537 599 562 meae
613 524 761 560 virtutis
783 523 968 573 exemplis
989 524 1080 560 moti
1100 523 1234 560 fortem
1256 535 1316 559 me
1335 520 1724 572 strenuumquejudi-

271 584 424 622 caretis.
481 585 715 623 Adscendite
737 598 802 623 vos
822 584 912 622 mihi
931 585 1067 621 horum
1087 584 1206 621 futuri
1227 592 1361 622 testes.

891 712 1100 749 TESTES.

325 799 363 833 5.
394 797 646 845 Quaecunque
674 796 922 846 postmodum
951 802 1142 846 susceptae
1163 802 1253 832 sunt
1271 794 1534 845 expeditiones
1560 793 1724 840 bellicae,

271 858 320 894 ab
339 869 466 894 earum
487 856 593 893 nulla
611 856 741 895 abfui:
769 857 888 905 copiae
909 857 939 893 si
958 870 1044 905 quae
1067 869 1230 906 usquam
1259 856 1432 893 locorum
1462 856 1726 894 emitterentur

272 918 322 955 ad
347 916 628 967 praesidendum
652 917 690 953 in
717 917 879 954 castello
903 917 1096 967 quopiam,
1116 916 1229 953 etiam
1258 916 1330 953 illis
1360 916 1536 959 interfui;
1569 928 1724 966 quoquo

272 978 445 1022 exiretis,
464 977 562 1014 inter
580 978 722 1027 primos
742 977 779 1014 in
803 978 900 1014 viam
920 989 979 1014 me
1000 976 1102 1022 dedi,
1123 984 1161 1013 et
1185 977 1223 1013 in
1253 976 1491 1014 redeuntium
1522 976 1726 1026 postremis

270 1037 337 1074 fui.
396 1037 518 1086 Atqui
551 1037 682 1086 gloriae
712 1036 873 1087 cupidos
902 1044 941 1074 et
967 1036 1229 1086 temperantiae
1259 1036 1410 1073 deditos
1436 1049 1483 1073 ex
1507 1035 1726 1086 hujusmodi

271 1097 510 1134 documentis
532 1098 679 1134 virtutis
701 1102 875 1148 spectare
896 1103 1060 1147 oportet,
1076 1109 1153 1133 non
1174 1095 1260 1134 ideo
1281 1097 1425 1142 odisse,
1439 1096 1468 1133 si
1488 1096 1573 1146 quis
1592 1096 1728 1146 lingua

271 1157 321 1194 sit
345 1157 461 1208 paulo
484 1158 694 1208 promptior
719 1165 758 1195 et
787 1157 1072 1195 subferoculus:
1103 1170 1226 1194 mores
1247 1157 1346 1194 enim
1367 1156 1584 1208 hujusmodi
1610 1157 1725 1193 suba-

271 1224 432 1267 grestes,
447 1231 608 1269 quorum
628 1219 761 1256 laboro
781 1218 923 1255 invidia
943 1218 1033 1255 mihi
1053 1219 1259 1263 concitata,
1274 1218 1416 1255 nemini
1433 1231 1558 1268 neque
1572 1217 1724 1268 publice

270 1291 392 1328 neque
413 1279 586 1329 privatim
609 1286 773 1322 nocent:
805 1286 941 1316 contra
964 1292 1033 1329 pro
1059 1279 1183 1329 patria
1212 1279 1391 1316 dimicare
1417 1278 1592 1329 prompti,
1611 1291 1725 1329 quam

269 1338 469 1387 plurimum
492 1340 599 1376 vobis
629 1340 803 1376 omuibus
837 1348 1013 1390 prosunt.
1072 1340 1196 1376 Decet
1227 1352 1332 1387 ergo,
1364 1347 1579 1385 senatores,
1605 1353 1679 1377 non
1705 1352 1725 1377 e

267 1398 392 1436 forma
407 1412 597 1449 quemque
612 1399 822 1449 habituque
839 1401 1009 1450 corporis
1027 1400 1062 1436 in
1081 1401 1211 1437 oculos
1227 1400 1444 1437 incurrente
1461 1413 1583 1449 neque
1600 1413 1726 1437 amare

269 1472 392 1509 neque
408 1458 550 1503 odisse,
566 1459 633 1496 sed
649 1472 669 1495 e
685 1459 916 1496 facinoribus
933 1460 1098 1497 animum
1116 1467 1312 1510 spectare:
1337 1459 1444 1497 multi
1460 1461 1573 1506 enim,
1586 1461 1726 1510 quibus

268 1532 343 1556 vox
372 1526 431 1556 est
460 1519 665 1565 submissa,
686 1521 805 1556 oratio
825 1520 1041 1558 verecunda
1061 1527 1099 1557 et
1117 1521 1287 1564 concisa,
1306 1521 1479 1558 incessus
1510 1521 1664 1558 sedatus
1687 1528 1727 1558 et

269 1580 318 1618 ad
342 1580 528 1631 pudorem
552 1580 802 1630 compositus,
827 1593 970 1630 magna
991 1580 1096 1617 vobis
1121 1593 1224 1630 saepe
1248 1593 1406 1617 numero
1433 1580 1533 1617 mala
1557 1581 1727 1618 concita-

271 1649 380 1685 runt;
419 1642 495 1687 alii,
524 1649 809 1692 contemptores
844 1641 1031 1691 ejusmodi
1065 1641 1306 1691 ineptiarum,
1338 1642 1466 1678 multis
1500 1641 1726 1692 magnisque

270 1716 338 1740 vos
359 1702 592 1740 ornamentis
615 1702 872 1740 cumularunt.

325 1764 361 1799 6.
391 1763 654 1799 Animadverti
681 1775 852 1813 quoque,
874 1762 1080 1800 nonnullos
1109 1763 1185 1800 hoc
1211 1763 1367 1800 moleste
1394 1763 1505 1809 ferre,
1525 1763 1627 1814 quod
1649 1777 1723 1814 ego

271 1823 396 1861 adhuc
423 1823 737 1861 adolescentulus
765 1837 851 1861 cum
878 1824 1022 1874 populo
1043 1831 1169 1861 tamen
1191 1837 1303 1873 agere
1330 1824 1589 1862 sustinuerim.
1646 1824 1724 1862 Sed

271 1885 430 1934 accipite
464 1897 569 1921 meas
601 1884 881 1921 excusationes.
939 1884 1105 1920 Primum
1136 1897 1205 1934 pro
1236 1884 1397 1925 fortunis
1428 1885 1521 1922 meis
1549 1885 1724 1923 omnibus

270 1957 423 1981 causam
451 1943 489 1980 in
515 1944 698 1980 concione
730 1943 858 1980 dicere
890 1951 1048 1980 coactus
1078 1957 1186 1980 sum:
1217 1943 1370 1988 deinde,
1392 1958 1610 1995 quanquam
1641 1945 1724 1996 ipse

270 2012 412 2042 memet
444 2005 567 2041 sentio
587 2005 635 2041 ad
655 2004 838 2041 orationis
867 2003 1032 2054 aliquam
1061 2004 1297 2041 insolentiam
1319 2018 1339 2041 a
1361 2005 1494 2054 gloriae
1514 2005 1723 2055 cupiditate

270 2066 371 2104 ultra
389 2079 500 2116 quam
521 2079 590 2117 par
611 2073 712 2103 esset
726 2072 911 2110 evectum,
931 2066 964 2102 in
984 2066 1069 2102 loco
1086 2073 1162 2103 tam
1179 2065 1326 2102 lubrico
1343 2079 1402 2102 me
1419 2066 1494 2103 labi
1510 2065 1723 2103 mirandum

270 2140 347 2165 non
369 2134 465 2171 erat,
486 2127 564 2177 qui,
584 2139 669 2164 cum
693 2126 878 2176 majorum
900 2139 1071 2163 meorum
1093 2139 1184 2176 erga
1202 2139 1324 2176 remp.
1340 2126 1575 2163 voluntatem
1597 2139 1725 2164 recor-

271 2190 394 2235 darer,
414 2189 542 2226 nullos
563 2201 638 2226 non
659 2189 822 2225 honores
843 2187 1085 2238 adeptorum,
1106 2187 1220 2224 nullis
1238 2200 1311 2224 non
1333 2188 1469 2224 muniis
1489 2188 1722 2233 functorum,

269 2257 350 2287 tum
369 2263 438 2287 vos
458 2249 630 2287 arbitrari
651 2248 815 2285 viderem
838 2271 886 2276 -—
908 2255 1058 2298 oportet
1077 2249 1176 2285 enim
1198 2248 1236 2284 id
1256 2241 1380 2292 fateri,
1396 2247 1500 2298 quod
1520 2260 1578 2284 res
1598 2255 1723 2285 est—

271 2310 373 2347 solos
394 2310 467 2346 mei
486 2310 625 2346 similes
653 2309 779 2358 aliquo
800 2309 835 2345 in
857 2308 942 2345 loco
962 2315 1074 2358 atque
1096 2321 1212 2345 censu
1235 2320 1318 2344 esse
1339 2308 1561 2345 habendos:
1590 2309 1723 2346 videns

269 2370 398 2420 itaque
420 2382 487 2406 vos
507 2382 551 2406 ea
571 2376 697 2405 mente
718 2368 912 2418 praedit0s‚
932 2369 1044 2416 ecqui
1064 2382 1139 2405 non
1163 2367 1314 2405 efferret
1338 2381 1405 2418 pro
1425 2381 1505 2419 rep.
1527 2376 1565 2406 et
1583 2369 1723 2419 agendi

270 2437 310 2467 et
326 2429 510 2479 loquendi
537 2428 704 2466 fiducia?
747 2428 898 2478 Ecquid
920 2429 1075 2465 tandem
1103 2442 1257 2479 quoque.
1277 2441 1344 2465 vos
1365 2429 1581 2479 hujusmodi
1603 2429 1724 2466 homi-

272 2503 376 2534 num,
391 2489 604 2539 cujusmodi
625 2501 697 2539 ego
718 2489 823 2526 vobis
845 2489 976 2526 videor
995 2502 1094 2534 esse,
1114 2488 1324 2540 poeniteat‘?
1368 2489 1630 2538 Acquiescens
1649 2489 1721 2526 ita-

272 2565 346 2602 que
373 2559 498 2588 vestro
525 2550 571 2587 de
599 2563 659 2586 me
682 2550 841 2600 judicio,
861 2550 1090 2600 reliquorum
1121 2550 1298 2587 fremitus
1328 2549 1424 2586 tanti
1454 2561 1529 2586 non
1561 2548 1722 2593 saciam3

272 2613 337 2663 qui
371 2612 505 2659 ecquid
532 2610 687 2647 tandem
719 2610 809 2646 mihi
844 2611 1064 2648 nocebunt?
1111 2611 1198 2648 Non
1229 2610 1301 2660 ipsi
1334 2616 1423 2646 sunt
1453 2609 1565 2660 hujus
1595 2621 1721 2647 causae

271 2673 502 2724 cognitores,
522 2671 591 2710 sed
612 2683 677 2709 vos
697 2670 803 2708 estis.
