1822 3219
237 194 310 229 152
874 191 1042 228 LYSIAE

227 306 340 342 :equa
369 300 407 331 et
435 299 571 331 sancta
600 305 700 337 esse,
721 299 777 338 ut,
797 294 969 343 quamvis
1000 292 1155 343 pellices
1181 291 1253 329 illis
1282 292 1401 330 multo
1430 294 1505 331 siut
1534 294 1620 333 loco
1648 301 1687 332 et

227 355 415 404 dignitate
434 355 645 403 inferiores,
666 362 793 392 tamen
816 354 887 390 illis
907 353 999 404 ipsis
1019 365 1173 403 quoque
1186 352 1284 402 juris
1304 352 1468 390 eandem
1486 355 1685 405 -arrogarit

226 415 535 465 praerogativam.
594 415 762 451 Tametsi
796 420 919 464 paret,
954 412 1226 462 legislatorem,
1257 412 1288 449 si
1321 412 1503 463 majorem
1533 426 1684 464 poenam

224 487 342 526 super
360 476 508 513 violatis
538 473 888 512 matribusfamilias
905 473 1053 510 sancire
1081 472 1421 523 potuisset,.quam
1443 486 1559 523 super·
1577 473 1687 523 pelli-

225 535 346 580 cibus,
363 536 554 573 facturum
576 534 719 571 fuisse:
743 534 826 584 jam
848 545 935 571 vero
959 539 1140 583 negatam
1168 533 1238 570 sibi
1260 532 1394 570 videns
1416 534 1564 583 copiam
1586 533 1685 572 alius

224 609 360 646 poenae,
377 610 463 646 quae
480 608 592 646 poena
607 595 738 632 mortis
755 601 859 632 esset
874 594 1050 638 atrocior,
1062 606 1139 643 qua
1153 605 1266 643 poena
1280 592 1423 630 crimen
1437 593 1475 630 in
1493 606 1610 632 uxore
1631 594 1687 631 le-

223 657 352 705 gitime
374 657 568 706 desponsa
587 656 822 706 domumque
843 655 961 692 ducta
978 655 1224 692 commissum
1247 653 1297 690 lui
1314 653 1442 698 vellet,
1464 655 1686 693 necessario

223 718 356 755 statuit
377 718 537 755 eandem
559 729 710 767 poenam
730 717 862 754 harum
878 715 1072 754 violationi
1096 722 1210 765 atque
1232 715 1426 765 pellicum.
1484 715 1623 754 Recita
1641 723 1683 754 tu

223 777 314 816 mihi
335 778 434 816 hanc
454 790 608 827 quoque
630 777 765 826 legem.

895 884 1010 921 LEX.

224 961 394 1007 Auditis,
416 962 495 1006 viri,
514 961 637 1011 legem
658 961 714 998 sic
741 960 915 998 edicere:
945 959 1138 998 hominem
1164 959 1326 998 liberum
1347 972 1554 1011 puerumve
1574 959 1682 1010 inge-

222 1035 338 1059 nuum
357 1023 386 1059 si
404 1022 488 1072 quis
503 1035 569 1071 per
584 1021 658 1058 vim
681 1027 842 1071 stupret‚
858 1020 1017 1071 duplum
1033 1021 1190 1058 mulctae
1209 1020 1311 1058 illius
1328 1020 1554 1070 dependito,
1566 1032 1681 1071 quam

222 1083 337 1119 debet
356 1083 386 1119 is
407 1083 472 1131 qui
501 1094 654 1118 servum
686 1093 826 1131 corpus
846 1081 1007 1118 vitiarit:
1039 1081 1098 1118 sin
1119 1086 1245 1118 autem
1268 1079 1596 1123 matremfamilias
1616 1093 1685 1130 per

220 1142 295 1179 vim
323 1141 518 1191 stuprarit,
538 1154 654 1190 super
680 1141 821 1191 quibus
846 1140 1128 1191 deprehensum
1158 1141 1349 1178 moechum
1377 1140 1554 1178 occidere
1577 1140 1683 1186 licet,

219 1203 355 1240 iisdem
377 1202 437 1240 ille
458 1202 580 1252 poenis
602 1208 765 1239 tenetor.
825 1201 965 1238 Minori
990 1215 1082 1251 ergo
1108 1214 1222 1252 poena
1242 1201 1396 1251 dignos,
1418 1213 1440 1238 o
1460 1201 1540 1243 viri,
1562 1200 1682 1250 legis-

218 1263 317 1300 lator
346 1262 542 1300 statuebat
566 1269 800 1311 stupratores
819 1261 1002 1299 violentia
1026 1275 1132 1307 usos,
1152 1274 1266 1312 quam
1287 1262 1317 1299 si
1336 1262 1401 1311 qui
1428 1260 1623 1299 blanditiis
1643 1266 1683 1298 et

221 1323 425 1361 lenociniis
439 1323 639 1360 verborum
654 1321 877 1372 pudicitiam
891 1322 1129 1372 quorundam
1146 1330 1447 1372 expugnassent.
1496 1322 1567 1359 His
1580 1321 1681 1359 enim

218 1385 357 1423 callide
377 1391 416 1422 et
435 1384 575 1422 blande
595 1383 892 1432 subrepentibus
913 1391 1123 1421 extremum
1146 1384 1326 1433 irrogavit
1343 1383 1588 1433 supplicium,
1603 1382 1678 1420 illis

219 1453 346 1483 antem
369 1445 598 1496 importunis
619 1444 901 1494 grassatoribus
921 1444 1083 1494 duplum
1105 1443 1348 1481 solummodo
1364 1443 1532 1488 mulctae,
1548 1443 1679 1480 existi-

218 1520 342 1551 mans,
364 1506 567 1543 violatores
588 1505 623 1542 vi
642 1517 735 1541 usos
755 1517 778 1540 a
796 1504 947 1541 violatis
978 1504 1184 1549 abhorreri,
1207 1503 1523 1554 persuasionibus
1550 1510 1678 1541 autem

218 1568 248 1604 si
268 1568 333 1617 qui
353 1580 433 1604 rem
461 1565 731 1610 confecissent,
748 1577 814 1602 eos
839 1564 1048 1603 alienarum
1081 1577 1242 1602 uxorum
1267 1570 1417 1602 mentes
1438 1564 1492 1601 ita
1510 1577 1678 1602 corrum-

216 1641 307 1678 pere
328 1635 443 1677 atque
464 1627 669 1671 fascinare,
689 1633 732 1663 ut
750 1633 992 1675 corruptores
1015 1626 1084 1663 sibi
1105 1626 1272 1663 cariores
1292 1625 1492 1676 magisque
1515 1624 1679 1662 familia-

216 1701 276 1726 res
293 1688 463 1725 habeant
482 1699 596 1736 quam
617 1686 722 1737 ipsos
743 1686 921 1728 maritos;
952 1681 1129 1735 quo'fiat,
1149 1692 1192 1722 ut
1211 1685 1388 1723 universa
1406 1698 1464 1722 res
1484 1685 1679 1723 fam-iliaris

216 1749 251 1785 in
266 1755 498 1798 potestatem
515 1747 787 1796 arbitriumque
803 1746 1037 1783 moechorum
1054 1746 1248 1791 deveniat,
1265 1746 1314 1783 de
1330 1746 1535 1795 liberisque
1551 1745 1677 1783 minus

215 1815 370 1846 constet
396 1815 566 1845 utrorum
594 1809 680 1852 sint,
711 1807 982 1845 maritorumne
1012 1821 1060 1845 an
1091 1807 1353 1845 moechorum:
1381 1807 1518 1844 horum
1546 1807 1677 1858 itaque

217 1870 403 1908 malorum
432 1881 538 1919 ergo,
558 1881 644 1918 quae
671 1869 810 1906 moechi
838 1875 982 1913 creant,
1012 1880 1163 1919 poenam
1190 1868 1265 1905 illis
1292 1867 1488 1918 legislator
1515 1875 1677 1906 mortem

216 1931 356 1968 sanxit.

270 1994 306 2029 8.
337 1992 458 2042 Leges
483 1992 609 2042 igitur,
641 2005 663 2029 0
698 1993 780 2038 viri,
816 2007 892 2032 non
919 1993 1044 2030 solum
1076 2005 1135 2030 me
1168 1992 1390 2038 absolvunt,
1411 1991 1480 2029 sed
1512 1992 1674 2042 impera-

215 2054 309 2091 bant
345 2052 443 2090 adeo
480 2065 635 2103 quoque
675 2053 764 2090 mihi
805 2061 847 2092 ut
882 2053 982 2090 hanc
1021 2065 1178 2103 poenam
1214 2058 1450 2102 repeterem:
1494 2051 1531 2089 in
1564 2052 1674 2089 vobis

215 2121 341 2151 autem
363 2114 478 2150 situm
502 2119 574 2158 est,
594 2120 723 2150 utrum
747 2114 852 2165 leges
875 2121 1052 2165 oporteat
1074 2112 1219 2150 validas
1240 2119 1281 2150 et
1305 2113 1484 2150 efficaces
1504 2125 1606 2159 esse,
1625 2125 1674 2151 an

215 2179 356 2215 inertes
383 2184 423 2214 et
451 2176 558 2213 nihili
584 2177 798 2215 faciendas.
858 2177 946 2228 Ego
982 2176 1083 2214 enim
1116 2175 1204 2213 ideo
1232 2174 1406 2213 civitates
1435 2187 1570 2213 omnes
1595 2174 1672 2212 exi·

215 2241 328 2277 stimo
349 2241 439 2278 dare
460 2252 615 2290 operam
636 2246 680 2276 ut
700 2241 852 2290 scriptae
871 2239 942 2277 sibi
962 2239 1038 2276 sint
1057 2239 1177 2288 leges,
1202 2250 1294 2288 quo,
1319 2238 1350 2275 si
1379 2237 1473 2287 quid
1499 2243 1676 2275 occurrat

214 2301 251 2337 in
272 2313 349 2350 quo
365 2300 560 2337 dubitetur
579 2300 672 2349 quid
698 2300 938 2350 sequendum
968 2299 1080 2336 nobis
1107 2299 1169 2344 sit,
1189 2299 1259 2336 has
1283 2297 1331 2336 ad
1355 2298 1477 2349 legeS,
1497 2298 1606 2336 velut
1623 2297 1674 2336 ad

212 2361 423 2406 oraculum,
441 2360 686 2406 accedamus,
707 2362 755 2398 ab
781 2361 905 2411 iisque
933 2361 1038 2398 docti
1060 2360 1152 2411 quid
1177 2360 1370 2411 agendum
1392 2360 1503 2398 nobis
1525 2361 1574 2398 sit
1594 2366 1674 2398 sta-

213 2432 380 2460 tuamus.
451 2422 574 2472 Leges
606 2423 724 2472 igitur
755 2423 975 2473 hujusmodi
1006 2423 1043 2459 in
1077 2422 1205 2460 causis
1234 2423 1464 2473 praecipiunt
1496 2423 1672 2473 injuriam

212 2483 352 2534 passis,
372 2490 417 2520 ut
444 2483 666 2533 hujusmodi
693 2496 846 2534 poenam
866 2497 889 2521 a
908 2484 982 2520 reis
1009 2490 1209 2533 repetant;
1240 2484 1379 2534 quibus
1399 2496 1485 2521 cum
1506 2483 1671 2533 legibus,

214 2558 288 2596 ego
307 2557 376 2596 pro
389 2545 475 2594 jure
495 2557 580 2581 meo
601 2545 753 2594 postulo
775 2545 1009 2595 dignumque
1030 2557 1183 2590 censeo,
1204 2551 1247 2582 ut
1263 2550 1392 2582 vestra
1412 2556 1566 2593 quoque
1585 2556 1671 2580 sen-

215 2606 335 2643 tentia
361 2604 602 2642 consentiat:
633 2604 737 2654 quod
764 2605 793 2641 si
822 2617 936 2642 secus
965 2604 1127 2650 eveniet,
1147 2611 1294 2642 tantam
1313 2617 1381 2641 vos
1406 2602 1670 2652 impunitatem

214 2666 353 2704 dabitis
371 2664 545 2710 moechis,
565 2672 607 2701 ut
632 2665 781 2702 furibus
810 2665 901 2715 ipsis
930 2665 1106 2713 injecturi
1132 2665 1212 2702 sitis
1239 2665 1491 2715 cupiditatem
1512 2663 1670 2701 audaci-

213 2739 363 2777 amque,
388 2727 491 2763 furta
518 2725 695 2763 adulterii
723 2732 911 2776 praetextu
940 2726 1164 2771 excusandi,
1191 2725 1285 2764 certi
1313 2725 1344 2762 si
1369 2725 1458 2769 sint,
1477 2725 1668 2762 neminem

213 2791 306 2833 fore,
325 2788 390 2837 qui
416 2800 553 2825 manus
582 2787 651 2826 sibi
673 2787 860 2824 violentas
893 2786 1044 2833 inferat,
1066 2788 1268 2832 aientibus,
1288 2787 1432 2825 alienas
1464 2787 1504 2824 in
1531 2786 1668 2824 domos

214 2849 434 2887 moechandi
461 2861 579 2887 causa
602 2862 643 2887 se
665 2848 875 2899 irrepsisse.
934 2847 1065 2885 Scient
1091 2848 1192 2885 enim
1215 2855 1298 2886 tum
1326 2861 1473 2894 omnes,
1493 2847 1599 2897 leges
1619 2847 1668 2885 de

213 2909 437 2959 corruptelis
459 2917 716 2949 matronarum
736 2910 835 2949 latas
855 2909 967 2947 flocci
994 2922 1069 2947 non
1099 2910 1308 2957 faciendas,
1330 2911 1397 2949 sed
1419 2917 1583 2949 vestram
1605 2921 1666 2947 so-
