1822 3219
539 142 761 180 CONTRA
791 139 1141 178 ALClBlADEM.
1487 136 1553 174 141

126 251 266 292 tentos,
299 258 377 284 rem
406 246 527 297 ipsam
558 247 713 298 insuper
738 245 890 284 habere.
958 241 1237 282 Lacedaemonii
1269 241 1420 292 quidem
1447 254 1558 292 aequo

127 308 254 346 serunt
272 308 397 346 animo
413 321 435 345 a
452 308 621 347 sociis‘se
636 308 746 353 vinci,
762 308 793 345 si
808 306 893 357 quis
908 306 1042 343 horum
1055 305 1094 342 in
1106 310 1300 341 certamen
1313 315 1444 339 secum
1458 303 1559 340 coire

128 369 335 408 sustineat:
366 369 584 407 Alcibiades
616 376 741 407 autem
774 366 1072 406 Lacedaemoniis
1101 373 1179 402 tam
1208 370 1264 401 est
1293 363 1496 408 dissimilis,
1516 369 1560 400 ut

127 430 206 480 pati
227 430 321 468 nolit
342 443 381 468 se
411 430 472 467 vel
501 442 523 467 a
542 430 624 467 cive
643 429 755 474 vinci,
778 429 844 466 sed
866 428 992 478 palam
1017 426 1259 464 audientibus
1279 423 1563 474 quamplurimis

128 491 328 541 negaritse
339 491 513 540 cuiquam
530 503 817 534 concessurum,
834 489 1064 540 quemjuvet
1076 500 1206 525 secum
1224 486 1262 522 in
1277 484 1560 522 contentionem

133 551 244 590 ullius
263 553 521 602 cujuscunque
547 551 599 588 rei
619 551 865 588 descendere.
923 550 1024 593 Quid
1044 548 1150 587 tum?
1179 561 1256 585 non
1283 560 1329 585 ex
1347 546 1563 597 hujusmodi

130 613 265 650 civium
285 619 493 650 vestrorum
521 613 688 650 moribus
720 625 875 650 necesse
908 618 966 649 est
990 611 1065 648 hoc
1093 609 1290 660 consequi,
1317 616 1360 647 ut
1391 608 1564 646 civitates

133 673 277 711 Graecae
306 673 451 711 animos
472 686 494 711 a
524 674 692 724 partibus
711 675 845 711 vestris
869 672 918 711 ad
944 679 1070 722 partes
1097 671 1334 709 inimicorum
1354 677 1564 708 vestrorum

131 735 335 773 transferre
361 749 383 773 a
401 735 581 786 vobisque
601 735 831 779 desciscere,
852 742 890 772 et
904 735 1031 772 odium
1054 733 1169 771 vestri
1188 732 1368 770 imbibere
1387 729 1565 769 discant?

130 795 272 833 Verum
285 796 494 834 Alcibiadis
510 796 711 834 insolentia
724 796 761 833 in
775 796 962 833 Diomede
976 793 1226 846 deprimendo
1242 793 1345 830 haud
1359 792 1567 843 acquievit:

130 855 254 906 ipsum
281 857 420 895 suimet
439 858 627 908 poenituit,
647 858 718 896 nisi
739 859 949 895 universam
971 857 1067 894 adeo
1085 856 1274 893 civitatem
1292 862 1454 892 vestram
1475 867 1568 892 con-

131 917 286 955 tumelia
300 927 549 969 respergeret,
570 933 689 970 eaque
704 919 857 970 publico
873 919 911 956 in
927 918 1026 965 loco,
1039 931 1115 969 quo
1131 930 1171 955 se
1185 930 1272 955 cum
1285 915 1487 954 insolentia
1500 928 1568 953 sua

132 978 181 1016 ad
200 992 333 1017 omnes
350 980 527 1030 jactaret.
584 980 829 1031 Legationem
857 981 1005 1018 mittere
1028 979 1169 1023 soletis,
1190 979 1227 1016 id
1249 977 1351 1029 quod
1376 977 1565 1015 neminem

131 1039 243 1091 sugit,
263 1054 349 1091 quae
369 1042 521 1079 nomine
541 1050 678 1080 vestrae
693 1042 785 1093 reip.
801 1042 902 1079 ludis
927 1040 1141 1092 Olympicis
1161 1039 1331 1077 intersit:
1363 1039 1410 1076 ab
1428 1038 1567 1076 hacle-

133 1103 297 1152 gatione‚
315 1103 434 1154 pridie
454 1104 528 1141 diei
547 1104 732 1148 sacrificii,
752 1104 913 1153 rogabat
931 1115 976 1139 ea
993 1115 1086 1139 vasa
1105 1113 1220 1139 aurea
1239 1107 1352 1150 atque
1373 1106 1568 1150 argentea,

134 1177 220 1214 quae
238 1164 297 1202 die
317 1165 400 1215 ipso
429 1165 599 1203 sacrificii
618 1164 827 1215 spectaculi
852 1177 942 1214 ergo
963 1163 1000 1200 in
1026 1176 1166 1215 pompa
1188 1161 1336 1199 traduci
1365 1161 1499 1206 solent,
1520 1160 1568 1198 ad

132 1224 245 1262 unius
264 1225 337 1263 diei
355 1227 506 1263 brevem
536 1239 686 1263 usuram
709 1225 883 1270 concedi,
902 1238 978 1275 quo
997 1237 1042 1262 ea
1066 1224 1104 1261 in
1125 1225 1246 1261 abaco
1271 1229 1484 1273 spectatum
1506 1234 1570 1260 ex-

134 1293 315 1336 poneret;
346 1299 471 1323 verum
499 1287 713 1337 decipiebat
738 1286 900 1337 legatos,
922 1299 943 1322 a
965 1287 1101 1336 quibus
1126 1285 1192 1322 illa
1211 1297 1314 1328 vasa,
1336 1290 1468 1333 rogatu
1487 1296 1570 1329 suo,

135 1346 292 1391 utenda,
320 1347 391 1384 sub
421 1347 624 1397 sponsione
656 1355 814 1384 maturae
847 1347 1086 1391 redditionis,
1113 1353 1334 1397 acceperat;
1375 1345 1435 1383 die
1469 1346 1568 1382 enim

136 1415 293 1458 postero,
318 1408 498 1446 malluvia
525 1415 637 1458 atque
665 1408 855 1445 thuribula
874 1415 1001 1445 vestra
1020 1408 1157 1458 legatis
1183 1408 1341 1445 reddere
1362 1408 1573 1451 recusabat,

136 1481 212 1519 quo
242 1468 321 1519 ipse
350 1468 422 1506 illis
455 1469 556 1520 prior
580 1476 760 1513 uteretur,
782 1482 894 1519 quam
921 1469 1037 1519 legati
1068 1468 1219 1507 nomine
1252 1469 1411 1519 locoque
1437 1474 1571 1505 vestrae

135 1529 228 1581 reip.
244 1530 287 1568 iis
308 1530 362 1568 uti
394 1537 564 1581 possent.
631 1532 717 1573 Quo
744 1530 888 1568 sactum
919 1539 990 1575 est,
1011 1538 1053 1568 ut
1078 1530 1360 1581 peregrinorum
1389 1529 1419 1567 si
1438 1529 1502 1580 qui
1520 1529 1573 1567 rei

135 1591 330 1630 veritatem
355 1592 586 1643 ignorarent,
616 1592 790 1630 videntes
818 1605 996 1643 pompam
1026 1592 1116 1642 reip.
1131 1591 1400 1629 succedentem
1422 1602 1572 1641 pompae

136 1653 184 1691 ab
207 1653 403 1692 Alcibiade
423 1654 634 1704 productae,
654 1654 898 1704 opinarentur
923 1653 1072 1704 legatos
1094 1654 1193 1691 vasis
1220 1653 1274 1690 uti
1297 1653 1344 1690 ab
1370 1652 1573 1690 Alcibiade

136 1720 268 1751 mutuo
288 1715 455 1765 acceptis
472 1728 481 1758 ;
513 1722 578 1752 aut
591 1715 621 1752 si
637 1715 701 1765 qui
720 1722 846 1752 tamen
866 1727 996 1752 eorum
1013 1714 1090 1751 sive
1111 1714 1163 1751 rei
1176 1714 1371 1752 veritatem
1393 1727 1414 1751 a
1429 1713 1573 1751 civibus

137 1775 272 1812 vestris
300 1776 552 1826 accepissent,
581 1777 656 1814 sive
681 1776 753 1827 ipsi
778 1789 844 1827 per
868 1789 909 1813 se
922 1776 1002 1827 jam
1029 1783 1187 1813 nossent
1212 1789 1335 1813 mores
1365 1775 1573 1814 Alcibiadis

137 1836 599 1887 vanitatisjactantiaeque
618 1837 747 1888 plenos
774 1845 812 1875 et
829 1838 1015 1883 scurriles,
1036 1838 1164 1888 reique
1189 1851 1275 1889 quae
1295 1837 1346 1874 illi
1364 1837 1575 1876 domestica

139 1904 199 1935 est
223 1897 385 1936 rationes
406 1905 590 1944 tenerent,
609 1898 646 1936 hi
667 1912 734 1937 vos
750 1898 930 1944 riderent,
951 1898 1013 1949 qui
1039 1911 1156 1936 unum
1177 1899 1297 1936 virum
1325 1898 1411 1950 plus
1437 1905 1575 1936 cuncta

139 1959 292 1997 civitate
307 1973 419 2010 posse
439 1960 626 1999 sineretis.
1192 2003 1198 2008 ⁴

195 2023 255 2058 ll.
285 2022 426 2060 Verum
447 2035 565 2059 unum
585 2023 824 2061 solummodo
845 2036 893 2060 ex
914 2036 972 2060 me
994 2022 1190 2060 audivistis
1216 2021 1429 2059 insolentiae
1456 2033 1575 2071 genus

139 2083 186 2121 ab
205 2083 404 2121 Alcibiade
430 2090 510 2121 tum
538 2084 824 2128 demonstratae,
851 2097 966 2135 quum
991 2097 1060 2134 per
1084 2083 1261 2120 ludorum
1292 2083 1577 2134 Olympicorum

140 2144 382 2181 occasionem
403 2143 517 2181 domo
539 2145 681 2187 abfuit;
711 2146 816 2195 atqui
844 2144 998 2196 dignum
1029 2153 1089 2182 est
1114 2144 1307 2182 hominem
1336 2144 1443 2183 vobis
1472 2157 1494 2182 a
1519 2158 1578 2182 me

140 2206 298 2255 proponi
315 2206 744 2256 spectandum,qualem
766 2214 845 2244 toto
865 2206 965 2244 illius
986 2206 1169 2244 absentiae
1190 2213 1358 2256 tempore
1378 2219 1418 2243 se
1438 2205 1577 2256 gessit:

141 2280 269 2317 regem
296 2280 349 2312 se,
372 2281 447 2305 non
478 2269 665 2318 privatum
686 2269 816 2319 gessit,
839 2269 900 2319 qui
921 2267 958 2305 id
977 2275 1120 2319 ageret,
1140 2274 1180 2305 ut
1198 2267 1392 2318 patientiae
1422 2273 1579 2305 vestrae-

140 2341 213 2379 que
234 2336 272 2366 et
299 2328 486 2366 sociorum
507 2329 683 2367 illuderet
701 2330 947 2380 omniumque
973 2329 1183 2368 cervicibus
1209 2328 1420 2366 insultaret.
1478 2328 1579 2366 Socii

139 2402 293 2440 quoque
313 2390 426 2427 vestri
445 2398 524 2427 tum
546 2397 728 2428 testatum
743 2391 929 2434 fecerunt,
944 2404 1028 2427 eum
1047 2403 1068 2427 a
1084 2404 1122 2428 se
1137 2390 1254 2441 pluris
1272 2403 1385 2441 quam
1398 2403 1465 2434 yos
1481 2389 1578 2427 fieri:

142 2451 296 2502 Ephesii
309 2451 408 2488 enim
425 2450 458 2488 ei
474 2451 676 2488 tentorium
693 2459 961 2489 exstruxerunt
979 2451 1098 2502 duplo
1115 2452 1235 2503 majus
1251 2464 1363 2501 quam
1380 2458 1459 2489 erat
1474 2450 1579 2487 vobis

141 2521 399 2558 exstructum3
427 2527 559 2552 carnes
580 2513 628 2551 ad
650 2514 836 2552 sacrificia
856 2523 971 2565 atque
991 2514 1122 2565 epulas
1144 2521 1181 2552 et
1203 2514 1344 2565 pabula
1367 2513 1473 2563 equis
1495 2511 1580 2549 Chii

142 2577 401 2625 praebuet-unu
423 2575 773 2626 vinipraebitionem
783 2584 1082 2627 caeterorumque
1091 2584 1310 2627 sumptuum
1328 2574 1582 2612 attribuebant

143 2635 334 2685 [Asiatici]
348 2636 512 2674 Lesbiis.
552 2637 677 2686 Atque
697 2644 772 2674 tam
794 2651 972 2688 prospere
991 2638 1062 2688 ipsi
1081 2650 1139 2674 res
1154 2636 1379 2678 succedunt,
1392 2642 1445 2679 ut,
1460 2633 1580 2685 quaii-

143 2708 258 2745 quam
279 2704 437 2734 cunctos
457 2697 574 2735 habet
593 2698 750 2735 Graecos
770 2699 983 2736 insolentiae
1003 2712 1082 2736 suae
1100 2704 1376 2746 testes‚poenas
1390 2703 1515 2733 tamen
1529 2695 1579 2733 ad

143 2756 216 2794 hoc
232 2756 305 2794 diei
325 2758 448 2796 nullas
467 2759 635 2797 dederit:
665 2759 797 2810 reliqui
818 2760 972 2811 quidem
992 2760 1236 2810 magistratus
1257 2764 1444 2808 quotquot
1462 2758 1521 2795 vel
1540 2758 1579 2795 in

144 2831 220 2855 una
245 2818 326 2855 sola
351 2818 500 2857 civitate
528 2821 630 2859 socia
657 2821 818 2859 honores
851 2835 1015 2872 gessere,
1036 2829 1225 2865 tenentur,
1246 2820 1289 2857 iis
1317 2820 1501 2867 defuncti,
1521 2834 1580 2858 ra-

145 2880 284 2918 tionem
305 2880 640 2922 administrationis
655 2897 734 2922 suae
748 2885 856 2923 vobis
873 2885 1052 2927 reddere;
1073 2883 1134 2921 hic
1153 2890 1277 2921 autem
1295 2895 1393 2922 unus
1408 2884 1474 2929 vir,
1490 2891 1583 2922 tam-
