1822 3219
275 146 348 182 194
921 144 1088 182 LYSIAE

268 246 394 291 minis,
413 245 708 296 quibuscunque
738 244 894 283 tandem
914 247 1024 284 malis
1052 246 1212 291 artibus,
1232 252 1382 283 tanturn
1411 259 1471 285 me
1490 248 1669 296 valuisse,
1688 255 1732 288 ut

268 320 336 345 eos
356 307 394 344 in
415 306 649 358 scelerisque
665 307 739 344 mei
752 306 1058 357 discriminisque
1072 306 1299 345 societatem
1312 307 1564 357 pertraherem
1580 324 1590 353 ς
1620 310 1734 361 ecqui

267 376 398 407 tamen
417 368 575 409 tandem
594 368 656 406 via
673 368 829 420 publiea
847 375 1124 419 praetereuntes
1144 368 1372 419 vicinosque
1386 382 1520 407 omnes
1535 370 1626 408 mihi
1638 384 1732 410 cou-

267 431 398 470 ciliare
418 432 646 483 silentioque
675 431 869 469 devincire
888 438 1077 482 poteram,
1102 431 1167 482 qui
1196 431 1309 469 vicini
1339 445 1417 469 non
1438 445 1570 470 eorum
1590 431 1734 470 solum-

266 493 383 532 modo
403 507 491 545 quae
511 494 638 545 palam
660 494 755 530 fiunt
773 492 907 531 vicinis
928 499 1019 530 sunt
1039 493 1198 539 conscii,
1217 493 1285 531 sed
1306 492 1549 532 clandestina
1577 505 1733 544 quoque

268 563 402 594 nostra
428 563 573 606 coepta‚
593 568 682 605 quae
710 553 848 592 sedulo
875 567 1055 592 cavemus
1076 562 1118 592 ut
1145 555 1287 593 nemini
1315 556 1576 601 innotescant,
1595 554 1734 593 curiosi

268 617 454 655 rimantur
474 624 513 655 et
533 615 748 667 indagant?
805 615 954 654 Horum
977 628 1069 667 ergo
1089 615 1314 661 vicinorum,
1336 623 1379 654 ut
1397 617 1459 654 alii
1476 616 1549 654 mei
1570 614 1735 654 studiosi

267 686 392 725 erant,
409 679 462 716 ita
480 691 612 716 rursus
634 678 699 715 alii
722 676 937 716 simultates
965 690 1113 716 mecum
1135 679 1323 728 gerebant
1342 684 1381 715 et
1411 677 1624 729 superjure
1643 690 1735 729 pos-

268 741 483 778 sessionum
505 752 679 777 mearum
697 752 849 778 mecum
871 739 1172 777 contendebant.
1231 740 1314 777 Hos
1335 741 1465 791 itaque
1485 740 1655 777 debebat
1669 751 1735 777 ac-

267 809 423 839 cusator
441 814 570 840 earum
593 801 900 839 criminationum
920 801 1060 852 quibus
1081 815 1141 839 me
1160 802 1258 853 petit
1279 809 1397 841 testes
1419 802 1642 854 producere,
1656 814 1735 840 non

268 870 397 902 autem
419 871 497 902 tam
518 870 652 914 aperta
676 863 882 902 mendacia
910 870 988 901 tam
1009 864 1251 915 impudenter
1278 870 1394 915 atque
1424 870 1599 914 proterve
1620 863 1736 914 proji-

267 937 368 970 cere,
396 925 614 976 cujusmodi
642 924 727 963 haec
751 931 861 963 sunt:
893 925 1087 963 adstitisse
1114 938 1252 976 nempe
1277 938 1337 963 me
1364 925 1480 963 servis
1507 925 1560 963 ait
1587 926 1736 976 stipites

268 987 628 1031 contruncantibus,
651 987 848 1037 actorique
874 988 992 1025 bourn
1011 987 1120 1038 tigna
1147 987 1319 1038 plaustro
1339 987 1517 1038 imposita
1543 986 1735 1025 avehenti.

269 1050 388 1100 Atqui
419 1057 511 1093 tum,
532 1050 784 1096 Nicomache‚
810 1056 891 1087 tum
916 1049 1122 1095 debueras,
1141 1056 1421 1101 praetereuntes
1453 1050 1650 1094 antestari,
1679 1050 1735 1087 fa-

268 1119 453 1162 ctumque
468 1111 666 1162 divulgare
683 1124 692 1149 z
714 1110 769 1150 sic
783 1111 936 1163 agendo
957 1119 997 1149 et
1017 1111 1283 1150 defensionem
1305 1111 1397 1149 mihi
1411 1110 1557 1149 nullam
1577 1111 1736 1149 fecisses

268 1173 470 1224 reliquam,
491 1181 530 1212 et
549 1174 632 1225 ipse
649 1181 744 1220 tute,
764 1173 842 1211 sive
858 1174 1030 1225 privatus
1052 1187 1201 1211 mecum
1222 1173 1488 1224 exsequereris
1502 1172 1734 1218 simultates,

267 1236 373 1274 ultus
393 1250 454 1274 me
474 1249 605 1280 esses3
637 1237 716 1274 sive
738 1249 855 1287 remp.
877 1236 1083 1286 promereri
1110 1236 1301 1282 studeres,
1320 1237 1374 1274 ita
1392 1249 1453 1273 me
1473 1248 1580 1273 reum
1604 1234 1736 1272 convi-

267 1305 374 1336 ctum
391 1298 582 1342 dedisses,
604 1306 646 1335 ut
668 1298 874 1336 calumniae
890 1298 1084 1335 infamiam
1102 1298 1328 1348 effugisses3
1359 1305 1426 1335 aut
1446 1298 1476 1335 si
1494 1311 1552 1335 me
1571 1296 1736 1335 nummis

269 1372 481 1411 emungere
515 1360 647 1406 velles,
682 1359 901 1398 mercedem
931 1360 1070 1397 silentii
1099 1360 1252 1398 tulisses
1285 1359 1403 1409 longe
1435 1358 1735 1409 amplissimam:

270 1435 362 1460 nam
382 1424 414 1460 si
442 1435 501 1460 res
521 1422 721 1460 denudata
745 1421 883 1459 fuisset
904 1429 1022 1471 atque
1048 1422 1086 1458 in
1108 1434 1176 1459 ora
1202 1421 1402 1459 hominum
1433 1419 1569 1464 didita,
1589 1418 1736 1457 nullam

269 1483 364 1520 mihi
384 1483 580 1520 duxissem
609 1482 722 1519 aliam
752 1494 952 1530 superesse
974 1482 1110 1520 salutis
1135 1483 1236 1519 viam
1264 1489 1406 1532 praeter
1431 1480 1549 1525 hanc,
1573 1486 1618 1518 ut
1642 1491 1737 1517 auro

271 1551 308 1582 te
328 1544 520 1595 placarem
542 1551 658 1594 atque
677 1555 720 1580 os
741 1542 809 1579 tibi
830 1543 1065 1579 obturarem.
1121 1544 1272 1581 Horum
1289 1542 1457 1580 omnium
1477 1554 1566 1579 cum
1588 1549 1630 1579 tu
1643 1541 1738 1579 nihil

268 1605 477 1657 quicquam
497 1605 649 1650 feceris,
671 1603 846 1656 postulas
867 1609 1011 1648 tamen,
1032 1604 1239 1651 utJudices
1258 1603 1416 1640 vanitati
1437 1610 1590 1641 tuarum
1609 1603 1737 1641 crimi-

271 1668 473 1705 nationum
498 1672 650 1704 tantum
678 1665 855 1703 deferant
874 1671 917 1702 ut
949 1677 1010 1702 me
1030 1664 1291 1702 condemnent
1316 1664 1462 1714 tibique
1486 1665 1644 1702 tradant
1663 1665 1739 1703 dis-

272 1729 536 1781 cerpendum:
566 1728 752 1779 quereris,
773 1727 808 1764 in
839 1739 919 1778 rep.
949 1733 1100 1765 tanturn
1129 1739 1188 1764 me
1215 1726 1401 1777 potentia,
1435 1726 1589 1773 divitiis,
1620 1727 1736 1778 largi-

271 1790 442 1828 tionibus
471 1790 712 1842 praepollere,
731 1796 773 1827 ut
804 1801 916 1827 nemo
937 1788 1004 1825 tibi
1033 1801 1159 1838 neque
1179 1787 1270 1825 velit
1298 1801 1425 1838 neque
1455 1787 1598 1825 audeat
1626 1788 1736 1826 testi-

272 1853 390 1891 monii
409 1865 564 1904 operam
584 1865 738 1890 navare.
794 1851 925 1902 Atqui,
946 1850 976 1887 si
998 1863 1057 1887 me
1078 1850 1328 1900 conspicatus
1357 1862 1506 1887 sacram
1525 1849 1649 1887 oleam
1668 1863 1738 1888 ex-

272 1914 513 1966 stirpantem,
533 1921 600 1952 aut
618 1914 722 1964 ipsos
738 1926 878 1951 novem
897 1912 1104 1950 archontas
1123 1919 1189 1949 aut
1204 1911 1298 1949 alios
1316 1923 1569 1961 quoscunque
1586 1911 1738 1949 senatui

271 1977 547 2028 Areopagitico
585 1977 800 2027 adscriptos
830 1975 870 2012 in
907 1987 986 2013 rem
1023 1982 1256 2025 praesentem
1294 1974 1488 2020 duxisses,
1519 1973 1635 2012 nullis
1668 1975 1735 2013 tibi

272 2038 436 2076 testibus
456 2038 540 2076 aliis
566 2052 664 2090 opus
684 2038 849 2076 fuisset:
881 2036 938 2075 sie
960 2036 1061 2074 enim
1089 2036 1139 2080 hi,
1161 2043 1196 2073 te
1215 2048 1305 2074 vera
1331 2035 1449 2086 loqui,
1470 2035 1539 2073 tibi
1572 2036 1738 2076 fuissent

272 2100 433 2147 conscii,
454 2101 520 2151 qui
534 2101 606 2151 ipsi
621 2112 779 2138 causam
801 2098 1044 2147 dijudicaturi
1063 2105 1207 2136 essent.
1239 2097 1456 2136 Miserrimo
1476 2098 1609 2148 utique
1623 2106 1737 2148 atque

272 2162 512 2212 iniquissimo
532 2176 618 2201 sum
637 2163 723 2200 loco
743 2162 953 2200 conclusus
969 2175 978 2200 ε
1009 2168 1128 2199 testes
1147 2159 1301 2211 quidem
1322 2160 1353 2197 si
1372 2166 1586 2210 praestaret,
1605 2167 1736 2209 postu-

272 2223 371 2261 laret
384 2237 523 2275 nempe
538 2224 654 2262 fidem
669 2223 742 2261 illis
758 2223 910 2267 haberi;
941 2235 1046 2260 nunc
1063 2228 1191 2259 autem
1213 2221 1287 2258 hoc
1300 2221 1426 2270 ipsum
1447 2219 1545 2257 adeo
1566 2232 1736 2271 quoque,

273 2289 378 2339 quod
400 2288 565 2326 testibus
591 2291 712 2331 caret,
742 2285 943 2323 oontendit
967 2286 1106 2322 obesse
1134 2282 1224 2321 mihi
1249 2282 1403 2321 debere.
1460 2282 1505 2319 Id
1531 2282 1638 2332 quod
1662 2295 1737 2334 ego

273 2351 454 2399 equidem
472 2348 579 2387 haud
606 2347 734 2386 miror.
791 2347 923 2384 Artem
956 2346 1056 2384 enim
1085 2346 1150 2396 qui
1175 2344 1322 2396 jugiter
1350 2344 1499 2382 factitat
1529 2344 1735 2382 calumnia-

272 2412 423 2457 toriam,
443 2411 473 2448 is
500 2422 698 2459 nunquam
730 2409 778 2446 ab
812 2407 999 2456 ejusmodi
1029 2407 1186 2457 quidem
1218 2406 1525 2444 cavillationibus
1559 2405 1736 2444 desertus

273 2473 360 2518 erit,
382 2471 531 2510 etiamsi
552 2470 601 2508 sit
622 2483 644 2507 a
662 2470 825 2507 testibus
843 2482 852 2507 ε
883 2482 957 2520 ego
976 2481 1066 2506 vero
1084 2481 1152 2506 vos
1171 2467 1217 2505 ab
1234 2467 1307 2505 isto
1323 2480 1475 2517 aequum
1497 2479 1637 2505 censeo
1658 2466 1737 2504 dis-

275 2536 431 2574 sentire.
489 2533 622 2579 Nostis
644 2533 759 2578 enim,
781 2531 923 2569 multas
943 2544 1030 2569 esse
1056 2530 1240 2580 oleasque
1262 2537 1300 2567 et
1324 2531 1504 2567 tabernas
1526 2527 1604 2577 [vel
1624 2528 1735 2566 ustri-

274 2598 363 2647 nas]
384 2598 471 2635 oleo
496 2594 750 2645 excoquendo
776 2600 1033 2644 comparatas,
1060 2592 1098 2629 in
1126 2592 1282 2643 reliquis
1313 2590 1459 2641 quaein
1492 2589 1613 2628 Pedio
1645 2589 1737 2628 mihi

275 2667 368 2699 sunt
385 2659 511 2697 villis:
542 2669 639 2708 quas
670 2656 775 2694 oleas
805 2656 1049 2693 intervertere
1072 2662 1111 2692 et
1136 2654 1349 2704 exstirpare
1378 2658 1416 2689 et
1445 2651 1572 2689 solum
1604 2664 1737 2690 earum

276 2729 401 2760 aratro
431 2721 623 2770 frangere,
642 2719 672 2756 si
697 2717 878 2768 juvisset,
899 2716 973 2754 hoc
1002 2715 1172 2753 licuisset
1203 2714 1386 2757 securius,
1419 2726 1496 2763 quo
1517 2712 1555 2750 id
1588 2712 1736 2751 factum

274 2789 426 2834 poterat
451 2783 489 2819 in
517 2782 593 2819 ista
619 2780 789 2818 olearum
819 2777 1064 2815 multitudine
1095 2776 1245 2814 facilius
1277 2775 1473 2812 occultari.
1531 2774 1619 2825 Ego
1648 2787 1737 2812 vero

277 2844 374 2882 tanti
394 2843 479 2881 illas
499 2842 613 2888 facio,
635 2841 769 2892 quanti
788 2839 972 2889 reliquam
994 2850 1116 2879 meam
1139 2835 1409 2881 substantiam,
1427 2834 1667 2879 existimans,
1687 2834 1736 2872 de

278 2906 465 2944 ambabus
496 2905 552 2955 [h.
575 2917 608 2942 e.
631 2910 671 2942 et
697 2902 769 2940 iliis
799 2902 848 2940 de
876 2900 972 2938 villis
1000 2906 1114 2950 atque
1138 2898 1302 2945 olivetis,
1335 2910 1423 2948 quae
1453 2896 1544 2935 mihi
1576 2903 1667 2935 sunt
1695 2896 1733 2933 in
