1822 3219
537 115 759 154 CONTRA
787 113 1115 153 EVANDRUM.
1474 111 1546 149 327

105 225 151 252 ea
178 220 392 264 patrantem
420 228 508 265 quae
540 216 603 254 alii
632 216 704 254 hac
733 216 771 253 in
802 216 896 253 urbe
929 215 1113 260 audeant,
1147 213 1215 251 sed
1242 226 1368 252 rerum
1391 222 1550 251 suarum

107 280 295 325 satagere.
354 276 441 326 Ego
468 289 557 314 vero
583 276 695 314 facile
725 276 830 313 factu
863 275 1024 314 arbitror
1054 287 1152 319 esse,
1182 281 1223 311 ut
1251 274 1301 312 ad
1327 273 1549 322 hujusmodi

104 335 364 373 cavillationes
397 342 634 374 occurratur:
671 336 718 373 de
745 336 965 373 muneribus
997 334 1156 385 quidem
1188 334 1242 371 sic
1273 334 1404 380 ferme,
1429 334 1550 371 multo

105 394 223 432 fuisse
243 395 377 440 satius,
407 395 438 432 si
467 401 574 445 pater
599 395 679 445 ejus
706 408 903 432 munerum
924 407 1080 445 prorsus
1100 394 1192 431 nihil
1217 393 1415 439 edidisset,
1434 406 1552 443 quam

103 462 147 493 ut
164 455 295 493 ederet
314 462 389 493 tam
411 456 633 506 magnifice3
663 456 788 493 fraudi
809 455 908 493 enim
928 456 1001 493 fuit
1025 454 1244 506 reipublicae
1268 453 1334 491 illa
1357 453 1437 503 ejus
1461 467 1550 504 pro-

104 514 190 551 fusa
214 514 434 561 liberalitas,
464 528 542 565 qua
568 528 657 553 cum
683 515 821 553 illectae
849 515 951 566 plebi
979 515 1222 565 imposuisset
1248 520 1364 565 atque
1393 525 1549 563 persua-

106 574 219 612 sisset
235 582 280 612 ut
297 575 385 613 fidei
403 589 483 613 suae
505 589 546 613 se
564 576 829 620 committeret,
852 577 996 613 abusus
1018 581 1077 613 est
1095 575 1159 612 illa
1176 575 1252 612 fide
1271 579 1379 624 pater
1397 573 1479 623 ejus
1499 574 1549 612 ad

46 686 49 689 Ι
105 635 340 685 eripiendam
366 636 469 686 plebi
497 636 730 679 libertatem;
771 648 847 685 quo
878 635 1022 672 factum
1053 641 1126 680 est,
1154 640 1197 672 ut
1224 634 1299 672 hoc
1322 633 1403 684 ejus
1431 645 1550 670 unum

106 694 230 732 scelus
262 696 312 733 ad
344 697 609 746 sempiternam
639 695 860 733 memoriam
892 695 1014 733 multo
1044 695 1093 732 sit
1124 694 1294 732 futurum
1326 693 1549 739 durabilius,

105 768 221 805 quam
248 756 406 793 donaria
433 757 560 794 omnia
592 756 638 793 ab
670 768 791 806 eoque
821 762 860 793 et
890 768 913 793 a
941 755 1150 805 majoribus
1178 761 1294 805 atque
1322 754 1552 792 necessariis

103 816 185 866 ejus
207 816 403 854 dedicata:
434 817 483 854 ad
503 816 622 868 ipsius
640 824 768 854 autem
790 815 956 854 Evandri
982 816 1168 867 pudorem
1194 821 1308 865 atque
1327 814 1556 853 modestiam

105 877 209 927 quod
235 877 382 924 attinet,
410 878 465 915 sic
495 878 611 915 ferme
638 890 835 916 occurrere
863 876 1014 928 possitis
1044 889 1128 914 eam
1150 875 1326 926 jactanti,
1353 887 1429 912 non
1449 888 1552 913 nunc

105 939 225 988 quaeri
257 939 407 989 frugine
439 939 486 976 sit
519 946 635 989 atque
665 945 896 989 temperans,
927 937 966 974 in
999 936 1072 974 hac
1104 936 1302 974 severitate
1332 935 1552 986 reipublicae

104 999 253 1050 legibus
283 1000 478 1038 servientis
506 1000 746 1038 insolentiam
765 998 1117 1049 compescentibus;
1149 996 1217 1035 sed
1238 995 1352 1041 istud,
1374 1009 1455 1042 cur,
1474 1009 1551 1047 quo

106 1067 276 1112 tempore
295 1062 446 1107 licebat,
465 1068 590 1099 utram
610 1061 742 1099 mallet
761 1060 847 1097 vitae
868 1066 1011 1097 sectam
1033 1059 1157 1109 sequi,
1176 1058 1293 1096 vitam
1312 1057 1555 1096 licentiosam

105 1128 143 1159 et
162 1122 310 1172 legibus
330 1128 605 1173 repugnantem
631 1123 670 1159 in
696 1121 782 1158 luce
805 1120 1025 1171 reipublicae
1054 1132 1166 1170 agere
1193 1118 1380 1156 maluerit.
1437 1118 1552 1166 Nam,

105 1183 209 1233 quod
230 1196 333 1220 nunc
352 1195 392 1220 se
412 1182 592 1229 continet,
620 1182 657 1220 id
678 1194 752 1219 non
772 1181 841 1232 ipsi
862 1180 1034 1225 debetur,
1065 1180 1135 1217 sed
1162 1180 1220 1216 his
1248 1179 1313 1229 qui
1335 1192 1422 1217 eum
1442 1191 1553 1216 exor-

105 1243 226 1281 bitare
251 1256 327 1281 non
348 1245 496 1288 sinunt3
528 1250 608 1280 tum
629 1250 755 1280 autem
775 1254 861 1291 quae
882 1241 1071 1279 commisit
1094 1239 1252 1290 flagitia,
1276 1252 1321 1276 ea
1338 1239 1409 1289 ipsi
1427 1239 1550 1289 impu-

106 1304 225 1342 tanda
244 1310 332 1342 sunt
356 1304 478 1353 iisque
502 1304 568 1353 qui
595 1315 747 1353 aequum
774 1302 987 1340 censebant
1011 1301 1046 1337 ei
1075 1313 1098 1338 a
1123 1313 1164 1337 se
1190 1299 1397 1337 conniveri.
1455 1299 1552 1337 Haec

105 1377 174 1403 vos
194 1364 411 1402 meminisse
431 1370 547 1414 atque
566 1363 776 1413 recogitare
793 1367 955 1412 oportet,
975 1373 1077 1403 cum,
1098 1360 1201 1397 illam
1217 1372 1325 1397 suam
1345 1359 1552 1410 majorum-

107 1438 183 1476 que
210 1425 533 1475 magnificentiam
555 1425 726 1474 jactans,
743 1428 831 1473 post
855 1421 919 1459 illa
939 1433 1008 1458 sua
1028 1420 1233 1468 dedecora,
1254 1425 1382 1457 tamen
1402 1419 1439 1455 in
1460 1431 1549 1456 cen-

108 1499 197 1524 sura
217 1499 364 1524 morum
386 1499 408 1523 a
427 1486 532 1523 vobis
551 1483 704 1536 probari
731 1482 952 1534 postulabit,
979 1495 1028 1519 ne
1055 1480 1153 1519 tardi
1178 1486 1291 1530 atque
1311 1479 1499 1518 vecordes
1517 1479 1552 1518 ei

108 1546 324 1584 videamini.

161 1609 197 1645 3.
227 1607 294 1644 Sin
313 1613 439 1644 autem
465 1605 514 1643 ad
542 1606 642 1643 hanc
670 1605 853 1642 latebram
876 1603 1051 1642 Evander
1079 1615 1166 1641 cum
1195 1601 1390 1639 advocatis
1415 1601 1553 1639 confu-

107 1668 216 1719 gerit,
235 1668 416 1718 temporis
437 1667 630 1717 angustias
651 1678 726 1702 non
753 1666 876 1702 sinere
904 1677 1033 1715 regem
1061 1675 1254 1701 sacrorum
1279 1661 1396 1699 alium
1415 1662 1571 1714 sortiri,

108 1730 177 1767 sed
197 1742 356 1767 necesse
375 1741 462 1766 esse
490 1741 530 1765 se
559 1728 590 1765 si
618 1726 921 1777 repudiaveritis‚
952 1738 1061 1764 sacra
1087 1725 1211 1776 patria
1230 1723 1371 1762 infecta
1388 1736 1554 1771 manere,

108 1789 358 1827 recordamini
374 1796 525 1839 tempus
545 1786 750 1826 sortitionis
770 1787 850 1837 jam
871 1786 1016 1823 dudum
1036 1784 1266 1835 praeterisse.
1324 1783 1429 1820 Anni
1450 1784 1552 1821 enim

107 1850 235 1901 hujus,
254 1863 366 1901 quem
387 1850 512 1887 adhuc
538 1848 702 1897 agimus,
729 1847 782 1883 nil
810 1852 984 1896 superest
1010 1853 1148 1896 praeter
1170 1844 1326 1881 unicum
1345 1843 1552 1881 crastinum

108 1910 223 1957 diem,
242 1924 318 1961 quo
343 1923 452 1948 sacra
470 1909 557 1947 Jovi
591 1908 781 1945 Servatori
809 1907 888 1944 fieri
908 1907 1070 1944 debent:
1100 1905 1233 1956 nequit
1253 1917 1344 1954 ergo
1372 1903 1409 1941 in
1436 1904 1553 1941 tantis

107 1978 321 2022 temporum
348 1970 537 2020 angustiis
561 1969 750 2020 judicium
779 1967 865 2017 cogi
896 1966 1079 2005 sortiendi
1109 1966 1205 2016 regis
1233 1977 1428 2003 sacrorum
1446 1977 1551 2015 ergo.

111 2032 208 2075 Quae
232 2039 273 2069 ut
291 2033 344 2070 ita
363 2031 559 2069 evenirent
578 2030 609 2068 si
631 2029 812 2067 Evander
831 2029 895 2065 hic
915 2027 1122 2065 calliditate
1144 2034 1257 2076 atque
1284 2026 1450 2075 nequitia
1468 2039 1556 2076 per-

108 2093 209 2139 fecit,
228 2092 319 2142 quid
337 2092 567 2142 exspectatis
588 2104 674 2128 eum
695 2090 759 2127 ubi
784 2090 965 2139 probatus
996 2088 1111 2125 fuerit
1131 2100 1327 2131 ausurum,
1349 2087 1412 2137 qui
1432 2087 1552 2137 magi-

107 2159 268 2191 stratum
288 2165 374 2190 mox
394 2152 589 2189 functione
608 2151 857 2188 decessurum
886 2148 1115 2199 permoverit
1144 2148 1193 2186 ad
1211 2148 1360 2185 facinus
1380 2148 1553 2185 commit-

109 2214 266 2252 tendum
298 2227 319 2250 a
348 2213 498 2263 legibus
527 2219 603 2250 tam
630 2209 859 2249 abhorrens?
901 2209 1019 2247 Illene
1049 2209 1156 2246 vobis
1187 2221 1312 2259 pauca
1335 2206 1555 2257 hujusmodi

110 2275 259 2311 videtur
278 2275 547 2311 commissurus
575 2280 656 2310 toto
683 2272 748 2309 illo
774 2283 872 2308 anno
893 2282 970 2320 quo
991 2269 1206 2307 sacerdotio
1231 2269 1427 2318 fungetur,
1455 2268 1485 2304 si
1505 2268 1555 2305 ad

110 2336 148 2372 id
169 2333 414 2372 admittatur?
456 2333 544 2370 mihi
564 2333 739 2383 profecto
760 2344 835 2369 non
857 2331 1020 2367 videtur.
1076 2329 1218 2366 Verum
1239 2341 1314 2365 non
1335 2327 1409 2365 hoc
1430 2327 1554 2365 solum

109 2395 216 2433 vobis
242 2402 301 2432 est
329 2393 597 2444 spectandum,
624 2393 692 2430 sed
718 2391 821 2429 istud
841 2403 1008 2441 quoque,
1033 2397 1159 2427 utrum
1181 2394 1318 2426 vestrae
1346 2400 1436 2437 erga
1460 2388 1555 2425 deos

109 2456 239 2507 pietati
270 2456 319 2492 sit
348 2453 653 2499 convenientius,
680 2466 749 2490 vos
775 2453 909 2502 jubere
939 2451 1040 2489 idem
1071 2450 1184 2488 etiam
1212 2462 1316 2486 nunc
1344 2448 1422 2485 fieri
1451 2447 1554 2497 quod

111 2516 366 2566 superioribus
389 2516 469 2566 jam
500 2514 736 2563 temporibus
764 2512 867 2549 haud
895 2511 1013 2549 semel
1043 2524 1115 2548 usu
1141 2510 1258 2553 venit,
1283 2515 1327 2545 ut
1351 2507 1553 2557 superioris

112 2577 200 2614 anni
221 2588 287 2613 rex
307 2587 500 2613 sacrorum
517 2587 604 2611 cum
625 2573 783 2623 collegis
804 2585 913 2609 sacra
928 2573 1081 2615 faceret,
1103 2571 1186 2608 loco
1208 2570 1288 2619 ejus
1306 2568 1368 2617 qui
1385 2568 1554 2605 facturus

112 2642 213 2675 esset
245 2647 346 2672 anno
377 2634 549 2685 proximo
581 2626 682 2684 post,
722 2633 752 2670 si
791 2633 862 2669 rite
893 2631 1029 2669 fuisset
1060 2635 1324 2678 nuncupatus;
1369 2639 1417 2664 an
1449 2626 1554 2666 hunc

113 2698 252 2739 facere,
271 2694 331 2731 cui
352 2707 398 2731 ne
418 2707 532 2744 puras
551 2693 703 2744 quidem
724 2705 858 2730 manus
879 2705 961 2729 esse
978 2691 1041 2741 qui
1064 2682 1202 2727 norunt
1221 2688 1280 2725 his
1299 2688 1427 2724 testati
1447 2695 1555 2734 sunt;

113 2764 151 2793 et
170 2767 260 2791 num
284 2753 533 2804 jurejurando
558 2753 774 2804 receperitis
795 2766 861 2790 vos
890 2752 1054 2801 aliquem
1079 2749 1181 2786 haud
1207 2749 1407 2798 probatum
1429 2760 1554 2785 sacer—

112 2817 217 2854 dotio
246 2826 328 2851 esse
357 2813 591 2859 admoturos,
623 2827 670 2852 an
695 2814 727 2850 ei
758 2825 937 2852 coronam
968 2810 1160 2848 delaturos
1185 2821 1299 2865 quem
1329 2807 1365 2845 in
1393 2820 1553 2847 censura
