1822 3219
276 180 351 215 268
913 180 1080 218 LYSIAE

279 292 338 316 me
354 280 553 331 perspicuo
574 287 687 332 atque
702 282 903 320 manifesto
921 280 1143 332 percellere.
1200 279 1408 317 Adscende
1428 285 1467 317 tu
1489 280 1592 326 mibi,
1610 286 1726 330 atque

279 346 433 378 testare.

799 431 1205 470 TESTIMONIUM.

330 519 367 555 3.
398 518 458 556 De
479 518 550 555 hac
570 517 725 567 quidem
746 518 874 568 itaque
895 518 1146 563 incusatione,
1168 523 1379 560 senatores,
1401 529 1477 554 non
1504 517 1616 555 video
1635 517 1726 567 quid

275 579 437 616 attineat
467 592 526 616 me
548 578 711 628 amplius
740 579 856 616 verba
874 578 1020 616 facere:
1053 579 1121 616 sed
1149 586 1326 628 superest
1351 577 1479 616 adhuc
1505 578 1608 616 aliud
1634 577 1725 628 quid

271 640 344 677 hac
364 640 534 678 oratione
555 639 645 676 mihi
660 640 877 677 necessario
896 639 1200 689 exsequendum.
1257 639 1353 676 Aliis
1373 640 1408 676 in
1422 639 1549 676 causis
1561 639 1726 683 sufficit,

275 701 516 739 defensorem
547 700 830 738 criminationes
862 700 1098 738 accusatoris
1129 713 1153 738 a
1183 713 1223 737 se
1254 699 1446 750 depulisse
1477 706 1590 749 atque
1623 699 1725 737 refu-

273 767 399 799 tasse:
429 774 557 798 verum
577 761 797 811 hujusmodi
820 761 857 797 in
877 761 1005 798 causis
1026 768 1142 810 atque
1163 760 1246 797 haec
1268 773 1354 797 mea
1373 767 1443 804 est,
1465 760 1529 797 ubi
1550 760 1726 798 nimirum

273 822 457 872 quaeritur
476 822 599 859 sintne
615 821 757 860 homini
774 822 810 858 in
825 822 1016 871 judicium
1039 822 1208 859 adducto
1222 835 1346 859 mores
1366 822 1389 858 ii
1407 823 1456 858 ob
1474 834 1570 872 quos
1584 821 1725 872 dignus

271 884 478 922 honoribus
510 883 714 928 habeatur,
743 883 943 920 reddenda
975 896 1039 920 reo
1071 890 1130 920 est
1164 884 1281 920 totius
1308 884 1355 920 ab
1389 883 1475 933 ipso
1506 890 1604 920 actae
1637 884 1725 921 vitae

271 944 380 982 ratio.
438 944 483 981 Id
503 943 609 993 quod
637 955 710 993 ego
736 955 838 979 nunc
870 943 1042 981 facturus
1070 942 1250 992 majorem
1283 955 1350 980 vos
1372 944 1410 980 in
1435 943 1590 980 modum
1615 956 1724 993 rogo,

273 1011 484 1050 senatores,
504 1011 617 1053 atque
636 1004 818 1048 obtestor,
839 1009 882 1040 ut
901 1003 1003 1053 aequi
1020 1010 1137 1053 atque
1157 1003 1335 1040 benevoli
1353 1016 1413 1040 me
1434 1004 1566 1041 audire
1586 1004 1725 1049 velitis,

272 1065 464 1102 dicturum
497 1077 565 1114 pro
598 1076 659 1101 me
690 1077 806 1113 quam
834 1071 966 1114 potero
993 1063 1241 1102 brevissimis.
1311 1064 1354 1100 In
1382 1064 1622 1102 fortunarum
1651 1065 1726 1103 ista

271 1125 534 1163 mediocritate
555 1137 642 1175 quae
663 1137 685 1162 a
702 1132 808 1175 patre
829 1124 919 1161 mihi
945 1124 1086 1162 relictae
1109 1123 1260 1161 fuerant
1280 1124 1503 1174 (facultates
1520 1119 1633 1162 'enim
1662 1138 1727 1164 no·

269 1193 446 1236 strae-per
467 1185 722 1230 calamitates,
741 1185 835 1223 alias
853 1185 970 1235 patris
991 1185 1173 1235 privata&
1193 1185 1288 1223 alias
1304 1186 1467 1222 civitatis
1487 1198 1725 1233 communes,

269 1246 478 1284 admodum
499 1246 778 1292 conciderant),
804 1246 902 1283 duas
924 1252 1054 1283 tamen
1075 1258 1224 1283 sorores
1250 1246 1409 1291 elocavi,
1430 1246 1722 1285 minisvtricenis

268 1306 307 1344 in
330 1306 459 1344 dotem
481 1307 687 1356 unicuique
707 1306 871 1350 additis3
902 1319 989 1343 cum
1015 1306 1128 1343 fratre
1148 1319 1237 1343 vero
1260 1307 1514 1344 hereditatem
1535 1308 1587 1345 ita
1607 1308 1723 1353 crevi,

269 1372 313 1404 ut
329 1366 411 1416 ipse
428 1367 610 1404 fateretur
626 1380 666 1404 se
685 1373 832 1416 partem
846 1366 1062 1416 patrimonii
1074 1366 1189 1416 longe
1209 1367 1481 1417 amplissimam
1498 1368 1723 1414 abstulisse;

269 1427 433 1476 reliquos
452 1440 542 1477 erga
564 1427 663 1464 cives
690 1434 817 1463 autem
843 1427 897 1463 ita
927 1439 986 1463 me
1004 1426 1106 1476 gessi
1133 1426 1286 1463 facilem
1318 1433 1430 1476 atque
1459 1427 1651 1473 sedatum,
1682 1437 1724 1468 ut

267 1488 376 1525 nulla
396 1488 485 1524 mihi
504 1488 550 1524 lis
572 1499 738 1536 unquam
759 1499 844 1524 cum
865 1499 1058 1536 quoquam
1080 1487 1358 1524 intercesserit.
1415 1487 1478 1524 Sic
1491 1487 1528 1524 in
1545 1488 1721 1538 privatis:

268 1549 306 1585 in
327 1561 405 1598 rep.
427 1555 554 1585 autem
576 1547 840 1598 gravissimum
862 1547 936 1584 hoc
955 1554 1072 1597 atque
1092 1547 1440 1585 luculentissimum
1461 1549 1621 1587 arbitror
1637 1563 1723 1589 esse

268 1622 365 1646 rneae
385 1608 636 1645 continentiae
656 1607 944 1652 documentum,
964 1607 1067 1658 quod
1087 1608 1307 1658 quicunque
1334 1608 1635 1647 adolescentium
1657 1619 1723 1650 aut

267 1669 353 1706 alea
370 1675 437 1706 aut
455 1668 806 1718 compotationibus
833 1674 900 1705 aut
918 1667 1000 1704 aliis
1021 1668 1211 1717 ejusmodi
1237 1668 1376 1705 frivolis
1395 1675 1510 1718 atque
1529 1670 1721 1719 pudendis

267 1729 555 1779 intemperantis
588 1728 753 1765 lasciviae
786 1728 1074 1765 oblectamentis
1104 1729 1223 1766 otium
1253 1729 1442 1773 fallerent,
1475 1729 1544 1767 hos
1575 1743 1723 1779 omnes,

267 1791 457 1840 inquirere
478 1791 509 1827 si
535 1789 676 1835 velitis,
701 1788 973 1840 deprehensuri
1002 1788 1084 1826 sitis
1115 1802 1137 1827 a
1163 1802 1222 1826 me
1244 1789 1379 1827 animis
1400 1789 1650 1837 abalienatos,
1670 1793 1721 1830 si—

267 1851 448 1889 multates
474 1863 623 1888 mecum
649 1862 843 1895 exercere,
878 1849 1194 1900 rumusculosque
1215 1850 1265 1887 de
1286 1863 1344 1887 me
1370 1851 1616 1901 maligniores
1637 1865 1658 1890 a
1678 1866 1721 1892 se

266 1925 333 1962 per
355 1911 599 1949 mendacium
622 1911 808 1948 confictos
828 1910 1088 1948 disseminare.
1148 1911 1298 1954 Quibus
1319 1911 1483 1956 animus,
1503 1912 1540 1949 id
1562 1913 1666 1962 quod
1681 1913 1721 1951 in

266 1973 446 2011 confesso
468 1979 540 2016 est,
574 1985 666 2022 erga
684 1985 744 2009 me
770 1972 820 2009 sit
846 1972 961 2022 longe
990 1971 1086 2008 alius
1116 1972 1280 2018 futurus,
1301 1972 1332 2010 si
1358 1972 1487 2010 studia
1511 1986 1598 2011 cum
1629 1974 1721 2024 ipsis

264 2034 400 2071 eadem
432 2033 591 2071 fuissem
622 2039 805 2070 sectatus.
872 2033 1004 2078 Porro,
1033 2038 1244 2077 senatores,
1278 2045 1392 2070 nemo
1420 2040 1482 2070 est
1510 2046 1612 2072 unus
1638 2047 1720 2072 om-

265 2094 386 2140 nium,
408 2093 472 2144 qui
491 2093 756 2132 demonstrare
776 2093 901 2143 possit
918 2106 978 2131 me
999 2105 1166 2142 unquam
1187 2100 1254 2130 aut
1273 2094 1321 2130 ob
1341 2092 1526 2143 privatam
1553 2094 1718 2145 aliquam

264 2163 414 2206 turpem
435 2167 595 2192 causam
621 2154 659 2191 in
679 2154 744 2204 jus
774 2160 954 2191 vocatum
981 2160 1047 2191 aut
1069 2154 1281 2204 majestatis
1311 2154 1631 2204 perduellionisve
1650 2169 1721 2207 po-

264 2216 451 2254 stulatum
472 2227 593 2265 eoque
614 2214 767 2252 nomine
781 2215 884 2264 apud
903 2215 1148 2264 magistratus
1165 2214 1357 2251 delatum:
1388 2227 1606 2264 quanquam
1622 2216 1719 2254 alios

263 2277 369 2314 haud
391 2289 474 2313 raro
494 2275 633 2312 videtis
653 2274 841 2325 ejusmodi
856 2275 1126 2312 certaminibus
1146 2275 1345 2324 implicari.

316 2339 354 2374 4.
387 2336 431 2373 In
457 2334 766 2384 expeditionibus
795 2334 961 2384 denique
987 2335 1215 2372 militaribus
1242 2343 1281 2372 et
1306 2335 1484 2386 periculis
1507 2348 1574 2386 pro
1599 2338 1722 2387 patria

262 2396 452 2436 obeundis
470 2395 610 2440 videte,
624 2402 833 2440 senatores,
845 2395 1000 2444 qualem
1015 2408 1076 2433 me
1090 2396 1225 2446 patriae
1240 2396 1492 2446 praestiterim.
1550 2395 1720 2434 Primum

262 2457 429 2496 instante
451 2455 517 2492 illa
537 2454 792 2505 expeditione,
812 2467 890 2504 qua
918 2455 1224 2493 succurrendum
1243 2456 1319 2494 cita
1337 2469 1410 2506 ope
1431 2455 1605 2493 Haliarto
1625 2464 1719 2500 erat,

264 2519 299 2556 vi
321 2523 522 2570 pactorum
546 2514 595 2552 de
622 2515 805 2553 societate
832 2515 922 2552 belli
948 2529 1062 2566 quam
1088 2529 1177 2553 cum
1204 2516 1358 2553 Boeotis
1383 2515 1560 2560 inieratis,
1583 2516 1719 2554 videns

264 2592 337 2630 ego
358 2578 529 2628 reliquos
548 2588 681 2613 omnes
707 2583 924 2625 equestrem
954 2577 1124 2615 militiam
1144 2577 1313 2627 pedestri
1334 2576 1592 2626 praeferentes,
1614 2577 1717 2626 quod

264 2640 524 2690 opinarentur,
546 2636 738 2687 equitibus
768 2636 986 2674 necessario
1016 2637 1277 2680 securitatem,
1300 2636 1490 2685 peditibus
1514 2643 1641 2674 autem
1661 2637 1720 2674 di·-

267 2702 431 2739 scrimen
459 2711 545 2736 esse
571 2697 822 2747 propositum,
842 2698 994 2734 tametsi
1015 2697 1054 2733 id
1073 2698 1243 2735 facerent
1264 2709 1340 2733 non
1362 2697 1543 2734 scrutinio
1569 2699 1720 2748 probati

264 2768 400 2800 contra
417 2759 512 2809 legis
532 2758 810 2802 auctoritatem,
831 2756 881 2793 ad
901 2757 1161 2794 Orthobulum
1189 2757 1335 2794 accessi
1365 2757 1547 2807 equestris
1575 2757 1719 2796 militiae

266 2821 509 2870 magistrum,
531 2831 553 2856 a
572 2831 648 2868 quo
679 2818 784 2855 illam
804 2818 843 2854 in
863 2817 1036 2854 militiam
1065 2817 1228 2855 allectus
1256 2817 1416 2861 fueram,
1438 2831 1591 2868 rogans,
1610 2825 1654 2856 ut
1673 2831 1721 2856 ex

266 2884 355 2922 albo
377 2894 530 2919 suorum
555 2879 728 2929 equitum
756 2892 882 2917 meum
909 2891 1048 2916 nomen
1075 2886 1326 2929 expungeret,
1346 2879 1528 2917 dedecori
1553 2879 1640 2917 mihi
1662 2880 1721 2918 fu-
