1822 3219
643 526 1050 585 ,LYSIAE

332 681 699 731 CONTRA
753 679 1371 729 PANCLEONEM

417 819 570 857 HUNC
600 818 717 857 NON
745 817 878 856 ESSE
907 817 1288 855 PLA'I'AEENSEM

723 926 986 969 ORAT10.

190 1126 224 1162 l.
254 1125 431 1171 Mum-A,
459 1125 625 1177 judices.
652 1127 726 1164 hac
757 1127 804 1165 de
823 1140 941 1165 causa
972 1125 1181 1176 disputare,
1203 1138 1327 1175 neque
1354 1125 1433 1163 scio
1453 1138 1575 1175 neque

132 1199 230 1236 opus
254 1200 340 1225 esse
366 1187 549 1225 arbitror:
580 1194 684 1224 recte
703 1194 829 1225 autem
851 1200 872 1224 a
894 1201 953 1224 me
980 1186 1016 1223 in
1043 1186 1146 1223 hunc
1168 1186 1423 1223 Pancleonem
1445 1199 1576 1223 susce-

130 1253 235 1297 ptam
249 1259 333 1285 esse
352 1247 541 1285 actionem
554 1247 628 1285 hoc
648 1260 697 1285 ex
718 1248 843 1291 titulo,
860 1248 962 1297 quod
980 1246 1207 1284 Plataeensis
1228 1259 1301 1283 non
1324 1246 1387 1290 sit,
1402 1259 1516 1296 quem
1536 1258 1577 1283 se

134 1306 218 1352 fert,
236 1305 275 1344 id
295 1319 386 1345 vero
399 1320 502 1345 nunc
519 1307 673 1357 planum
690 1308 796 1345 vobis
817 1307 942 1345 facere
963 1306 1138 1344 studebo.

184 1368 224 1405 2.
253 1366 327 1404 Hie
346 1366 541 1405 Pancleon
566 1367 692 1417 itaque
714 1380 801 1405 cum
822 1368 885 1405 diu
913 1380 973 1404 me
1001 1374 1177 1404 vexasset
1202 1366 1435 1417 injuriasque
1462 1367 1579 1405 dandi

131 1428 246 1465 finem
264 1427 414 1464 nullum
433 1427 588 1472 faceret,
604 1427 748 1465 accessi
775 1427 823 1464 ad
849 1427 1085 1477 ergastulum
1105 1427 1304 1463 fullonium
1326 1426 1363 1462 in
1383 1440 1460 1476 quo
1479 1441 1578 1465 mer-

130 1487 323 1526 cenariam
350 1500 505 1538 operam
533 1489 712 1531 navabat,
733 1488 911 1538 diemque
935 1488 1110 1526 dicebam
1130 1500 1204 1537 qua
1223 1500 1346 1525 essem
1372 1501 1458 1524 eum
1476 1501 1521 1525 eo
1540 1488 1578 1525 in

131 1547 214 1585 foro
232 1546 473 1585 Polemarchi
500 1554 671 1592 acturus,
693 1548 836 1599 jubens
865 1561 910 1586 ea
934 1549 995 1586 die
1016 1548 1153 1586 adesse
1177 1561 1332 1585 causam
1361 1548 1574 1586 dicturum:

130 1608 316 1661 opinabar
327 1608 429 1662 enim
443 1607 666 1659 inquilinum
681 1621 777 1647 esse.
834 1609 1051 1647 Recusante
1064 1616 1191 1646 autem
1206 1608 1272 1646 illo
1284 1615 1400 1659 atque
1414 1617 1578 1659 negante

131 1671 257 1709 forum
275 1669 370 1707 illud
398 1682 483 1707 esse
503 1668 573 1707 sibi
591 1677 831 1720 competens,
849 1670 914 1720 qui
940 1683 1017 1707 non
1037 1669 1241 1720 inquilinus
1261 1668 1329 1706 sed
1355 1667 1578 1706 Plataeensis

132 1736 249 1776 esset,
267 1730 566 1780 interrogabam,
588 1742 757 1779 quonam
788 1743 880 1780 ergo
899 1730 935 1767 in
957 1730 1069 1768 demo
1096 1743 1164 1767 seu
1190 1728 1397 1779 municipio
1420 1729 1577 1767 domici-

133 1791 225 1830 lium
251 1791 410 1830 haberet
437 1799 476 1828 et
494 1790 646 1828 cuinam
667 1797 772 1828 esset
790 1791 903 1828 demo
929 1790 1167 1840 adscriptus:
1194 1790 1292 1827 inter
1310 1789 1392 1827 haec
1419 1790 1578 1834 amicus,

134 1865 183 1890 ex
202 1852 244 1890 iis
270 1864 368 1901 quos
388 1864 537 1889 mecum
558 1863 793 1902 sumpseram
814 1857 857 1888 ut
874 1851 922 1888 de
949 1850 1045 1888 actis
1070 1856 1315 1894 testarentur,
1335 1857 1468 1887 auctor
1488 1850 1579 1887 mihi

135 1912 263 1958 fiebat,
283 1918 327 1949 ut
351 1912 456 1948 illum
482 1924 565 1949 eam
586 1924 737 1961 quoque
757 1910 860 1961 apud
881 1911 1032 1955 tribum,
1052 1911 1151 1947 unde
1173 1923 1215 1947 se
1236 1910 1432 1947 Pancleon
1453 1911 1579 1947 oriun-

135 1972 227 2010 dum
259 1978 361 2009 esset
390 1972 551 2017 laturus,
586 1971 872 2009 denunciarem.
939 1972 1010 2009 Cui
1043 1970 1291 2008 admonitioni
1323 1972 1444 2021 parui.
1507 1971 1580 2010 Illo

135 2034 260 2083 itaque
293 2032 549 2082 respondente
581 2044 621 2068 se
651 2031 823 2069 Decelea
849 2044 935 2069 esse
966 2031 1182 2075 oriundum,
1216 2031 1381 2068 citabam
1411 2045 1497 2068 eum
1531 2032 1580 2069 ad

127 2093 284 2145 judices
301 2092 422 2129 tribus
447 2091 811 2142 Hippothoontidis:
843 2099 931 2142 post
948 2091 998 2129 ad
1025 2091 1249 2129 tonstrinam
1271 2091 1386 2136 ibam,
1415 2091 1477 2128 ubi
1500 2092 1579 2130 De-

133 2153 331 2192 celeenses
360 2152 563 2193 convenire
587 2153 738 2190 solent:
768 2153 817 2191 ibi
846 2152 1082 2196 sciscitabar,
1109 2164 1180 2190 nec
1211 2164 1287 2189 non
1314 2153 1344 2190 si
1369 2165 1464 2202 quos
1492 2153 1581 2191 alibi

138 2213 398 2257 Deceleenses
424 2212 660 2263 indagarem,
682 2226 771 2250 num
802 2220 958 2251 nossent
977 2213 1142 2263 aliquem
1165 2212 1437 2259 Pancleonem,
1454 2215 1518 2264 qui
1540 2228 1580 2252 se

135 2289 157 2314 e
191 2275 397 2325 municipio
428 2275 595 2325 ipsorum
632 2275 833 2313 oriundum
864 2274 991 2313 ferret.
1049 2274 1254 2324 Negabant
1286 2287 1417 2312 omnes
1455 2288 1578 2314 nosse.

139 2337 251 2374 Unde
271 2335 370 2386 coepi
382 2335 521 2373 certior
537 2348 638 2379 esse,
658 2349 734 2374 non
752 2335 1007 2373 Plataeensem
1026 2336 1092 2373 sed
1111 2336 1351 2386 peregrinum
1365 2348 1473 2374 esse:
1503 2349 1585 2386 quo·

135 2409 223 2436 eum
242 2396 462 2439 accederet,
481 2396 586 2446 quod
604 2396 774 2434 audirem
800 2396 849 2433 ab
875 2396 957 2434 aliis
974 2410 1126 2447 quoque
1146 2396 1246 2434 hunc
1265 2397 1457 2435 hominem
1479 2397 1583 2446 apud-

136 2456 430 2496 Polemarchum
457 2456 575 2494 fuisse
605 2456 791 2501 delatum,
817 2456 1042 2507 illarumque
1070 2457 1188 2495 litium
1209 2456 1304 2494 alias
1331 2457 1456 2494 adhuc
1487 2469 1578 2506 pen-

137 2518 241 2563 dere,
260 2517 353 2556 alias
367 2518 451 2568 jam
467 2530 552 2555 esse
574 2517 737 2562 decisas,
758 2517 826 2554 sed
852 2517 904 2555 ita
932 2524 973 2555 ut
999 2531 1074 2556 aere
1101 2517 1309 2555 mulctatus
1329 2516 1486 2559 abisset,
1504 2529 1583 2567 ego

136 2591 290 2629 quoque
319 2578 447 2616 nullus
471 2578 552 2629 jam
581 2577 752 2616 dubitavi
784 2590 921 2616 nomen
952 2578 1034 2629 ejus
1064 2578 1112 2616 ad
1143 2577 1241 2614 idem
1267 2577 1391 2613 forum
1419 2576 1579 2615 deferre.

138 2639 305 2677 Primum
336 2639 464 2689 itaque
491 2645 606 2677 testes
636 2651 711 2689 ego
736 2639 840 2676 vobis
871 2639 1061 2677 exhibebo
1090 2636 1380 2676 Deceleensium
1405 2649 1485 2682 eos,
1516 2639 1583 2688 qui

132 2713 179 2738 se
212 2710 328 2736 nosse
355 2705 545 2749 negarunt
570 2698 827 2738 Pancleonem
851 2699 1117 2749 municipalem
1146 2710 1257 2735 suum
1287 2709 1396 2739 esse3
1427 2698 1580 2744 deinde,

136 2765 326 2810 quotquot
343 2759 381 2796 in
403 2760 496 2797 urbe
519 2761 600 2808 jam
619 2760 761 2797 adsunt
785 2773 833 2797 ex
864 2759 921 2805 iis,
949 2760 1010 2809 qui
1040 2758 1103 2795 lite
1124 2758 1307 2795 adversus
1334 2758 1497 2796 eundem
1522 2759 1578 2796 in-

139 2826 288 2859 structa
305 2819 542 2869 perfecerunt
562 2827 603 2857 ut
621 2820 950 2858 condemnaretur.
1006 2820 1063 2855 Tu
1081 2818 1167 2855 mihi
1188 2830 1321 2868 aquam
1343 2818 1482 2858 inhibe.
