1822 3219
192 187 242 221 94
763 184 1067 223 ANDOCIDIS

193 285 334 332 adhuc,
364 293 406 324 ut
431 285 578 332 videtis,
604 287 732 326 salvus
763 294 881 338 atque
914 286 1138 325 incolumis:
1178 287 1466 325 confirmaverat
1497 299 1633 340 nempe

195 347 421 398 Euphiletus
446 347 657 394 sodalibus,
680 362 738 386 me
764 348 830 386 illo
859 349 905 387 de
928 348 1075 386 Herma
1095 347 1307 386 mutilando
1326 344 1528 399 recepisse.
1585 349 1630 386 In

192 422 269 460 quo
290 409 342 447 illi
362 422 402 447 se
422 409 542 447 falsos
563 410 751 455 videntes,
770 410 944 448 ferebant
961 410 1194 460 gravissime,
1211 409 1268 447 sui
1294 409 1446 447 sceleris
1465 423 1524 448 me
1543 423 1633 448 con-

192 470 311 508 scium
333 483 430 516 esse,
449 471 514 521 qui
528 471 620 508 nihil
637 471 685 508 ad
704 471 736 507 id
757 471 1018 522 peragendum
1038 471 1302 509 contulissem.
1359 469 1489 508 Altero
1506 470 1634 521 itaque

191 532 252 570 die
271 538 359 583 post
379 544 466 570 cum
482 531 530 569 ad
546 545 605 569 me
624 532 892 570 convenissent
915 532 1084 570 Meletus
1105 539 1219 582 atque
1240 531 1478 582 Euphiletus,
1497 531 1570 569 hac
1585 530 1633 569 ad

192 607 250 632 me
277 594 445 631 oratione
470 594 697 631 utebantur:
729 593 878 632 Facta
905 600 1016 631 sunt
1041 593 1242 643 (aiebant),
1270 593 1541 638 Andocide,
1566 600 1632 630 at-

191 669 277 707 que
304 669 325 694 a
353 655 486 694 nobis
515 662 710 706 peracta
733 658 850 707 [quae
873 655 1038 704 nosti].
1095 655 1277 699 Quodsi
1297 668 1409 705 ergo
1439 662 1482 693 te
1505 652 1633 705 quie-

190 725 287 755 tum
315 717 565 755 continere
595 724 737 768 atque
767 725 927 755 tacere
956 717 1180 760 volueris,
1212 716 1411 755 habebis
1441 729 1526 754 nos
1556 715 1633 752 im-

190 785 438 830 posterum
464 791 587 828 quoq
602 791 669 824 ue,
694 785 743 816 ut
761 778 957 829 pridem,
978 778 1154 816 amicos
1181 784 1326 828 atque
1347 777 1635 816 familiares:

190 841 258 878 sin
293 847 449 879 autem
479 854 564 879 nos
592 841 777 892 prodes,
807 840 989 879 inimici
1025 839 1112 878 tibi
1149 840 1323 878 erimus
1358 839 1630 888 saevissimi,

189 903 435 954 multoque
463 903 548 941 tibi
572 912 735 941 nostra
754 902 860 954 plus
882 901 1255 940 incommodabit
1275 909 1416 952 atque
1436 902 1632 942 nocebit

187 965 460 1011 inimicitia,
498 978 634 1016 quam
670 965 870 1003 aliorum
906 964 1000 1002 tibi
1037 963 1254 1015 proderit
1289 963 1516 1009 amicitia,
1550 978 1632 1016 per

187 1026 343 1064 odium
374 1027 525 1065 nostri
550 1027 637 1064 tibi
662 1033 950 1077 comparata.
984 1025 1630 1076 Quibusegohaecrespondebam:

190 1087 439 1139 Euphileturn
458 1087 532 1126 hoc
552 1088 719 1126 facinore
735 1087 922 1138 patrando
937 1086 1036 1124 hanc
1056 1086 1103 1124 de
1119 1099 1158 1124 se
1179 1086 1395 1137 opinionem
1409 1085 1635 1126 animomeo

188 1149 378 1201 injecisse,
394 1157 434 1188 ut
453 1150 640 1201 impurum
662 1156 775 1200 atque
791 1147 1092 1186 consceleratum
1112 1147 1303 1185 hominem
1323 1159 1410 1184 eum
1429 1146 1632 1186 haberem:

190 1218 451 1250 verumtamen
472 1225 548 1249 non
577 1224 700 1249 meam
733 1209 855 1261 magis
888 1209 1174 1254 conscientiam,
1193 1222 1309 1260 quam
1338 1208 1457 1259 ipsius
1478 1208 1634 1248 sceleris

191 1273 440 1318 atrocitatem,
458 1272 551 1323 ipsis
571 1285 654 1310 esse
675 1271 1006 1310 reformidandam.
1053 1271 1149 1308 Haee
1166 1284 1267 1317 vere,
1281 1278 1325 1308 ut
1344 1270 1444 1316 dico,
1457 1270 1513 1308 sic
1532 1270 1637 1310 dicta

190 1341 229 1373 et
247 1341 333 1372 acta
354 1334 469 1372 fuisse
490 1347 567 1384 quo
586 1334 727 1372 certius
747 1339 957 1379 constaret,
979 1345 1128 1370 servum
1149 1332 1197 1370 ad
1214 1339 1401 1370 tormenta
1419 1332 1635 1381 tradebam,

192 1399 257 1450 qui
278 1399 406 1444 sciret,
428 1411 487 1436 me
506 1406 587 1436 tum
613 1398 793 1449 temporis
814 1410 960 1448 aegrum
982 1397 1018 1434 in
1038 1397 1137 1434 lecto
1157 1397 1382 1435 decubuisse
1411 1404 1526 1447 atque
1545 1397 1634 1436 inde

193 1474 270 1499 non
300 1461 529 1504 surrexisse;
560 1460 717 1498 ancillas
744 1473 898 1510 quoque
926 1459 1123 1497 tradebam
1149 1458 1387 1510 prytanibuS‚
1413 1458 1637 1510 inquirenti-

192 1526 278 1569 bus,
293 1523 394 1561 unde
408 1522 498 1561 moti
512 1529 547 1560 et
563 1536 584 1561 a
599 1535 677 1573 quo
693 1521 802 1572 quasi
816 1521 974 1559 exordio
988 1521 1063 1558 orsi
1080 1520 1131 1558 illi
1148 1520 1250 1571 impii
1266 1520 1390 1559 scelus
1403 1527 1635 1571 patrassent.

195 1585 418 1624 Scrutantes
450 1584 579 1635 itaque
610 1597 688 1622 rem
719 1596 805 1621 cum
839 1591 973 1621 senatu
1004 1582 1247 1633 quaesitores,
1280 1595 1367 1620 cum
1402 1582 1634 1634 reperissent

194 1648 321 1686 omnia
338 1647 403 1692 ita,
424 1654 467 1685 ut
496 1647 680 1693 dixeram,
711 1659 751 1684 se
770 1645 912 1683 habere
932 1644 1135 1695 omniaque
1156 1644 1322 1694 undique
1350 1657 1436 1681 cum
1467 1645 1636 1684 oratione

194 1722 279 1747 mea
308 1708 441 1759 pulcre
473 1708 734 1758 concinerent,
764 1706 815 1744 ibi
842 1706 994 1744 demum
1026 1706 1197 1744 citabant
1229 1705 1467 1749 Dioclidem;
1511 1719 1636 1757 neque

193 1770 323 1809 multis
350 1776 432 1808 erat
449 1769 573 1807 verbis
598 1783 710 1820 opus,
741 1768 809 1806 sed
842 1767 968 1806 statim
999 1767 1062 1805 ille
1093 1768 1346 1806 confitebatur
1376 1767 1635 1815 mendacium,

192 1832 470 1884 deprecabatur
497 1831 661 1875 veniam,
687 1832 820 1868 orabat
846 1830 999 1881 spiritus
1025 1829 1316 1874 immunitatem,
1335 1828 1530 1867 indicabat
1557 1842 1638 1877 eos,

194 1894 259 1945 qui
289 1899 464 1931 auctores
495 1892 564 1930 sibi
590 1892 679 1930 facti
699 1891 878 1941 fuissent,
904 1898 946 1929 ut
965 1891 1038 1929 ista
1063 1891 1205 1929 diceret
1230 1904 1316 1941 quae
1342 1891 1431 1928 olim
1453 1891 1637 1932 dixisset:

194 1963 304 1994 erant
322 1961 448 1992 autem
471 1954 509 1992 hi
538 1953 760 1991 Alcibiades
790 1953 1008 2003 Phegusius
1036 1960 1075 1990 et
1102 1952 1303 1990 Amiantus
1326 1952 1524 2003 AEgineta;
1555 1955 1635 2005 qui,

194 2017 324 2056 audito
349 2029 437 2066 quae
471 2015 667 2053 Dioclides
694 2015 741 2052 de
766 2014 858 2065 ipsis
891 2014 1143 2059 enuntiasset,
1172 2022 1276 2051 metu
1303 2015 1430 2052 statim
1457 2014 1642 2066 auffugie-

193 2080 299 2116 bant.
357 2078 434 2116 Vos
465 2084 606 2123 autem,
639 2085 681 2114 ut
709 2076 795 2114 haec
831 2090 851 2114 e
886 2075 1063 2113 Dioclide
1094 2075 1345 2127 acceperatis,
1375 2089 1460 2113 eum
1489 2077 1637 2128 judicio

192 2139 417 2185 tradidistis,
445 2152 466 2176 a
489 2152 566 2189 quo
591 2144 713 2175 morte
741 2137 950 2175 mulctatus
977 2143 1058 2184 est;
1095 2137 1229 2187 reliqui
1259 2143 1387 2174 autem
1407 2136 1536 2182 vincti,
1552 2138 1634 2189 jam

193 2213 413 2252 supremum
433 2198 662 2250 supplicium
689 2199 737 2237 de
765 2212 805 2236 se
832 2198 1059 2236 sumendum
1081 2204 1368 2249 exspectantes,
1390 2205 1544 2248 propter
1563 2211 1636 2245 me,

193 2261 442 2312 compedibus
469 2260 632 2298 exsoluti
656 2267 695 2298 et
713 2260 751 2297 in
779 2260 991 2298 libertatem
1019 2272 1149 2297 rursus
1172 2259 1297 2297 emissi
1319 2267 1432 2297 sunt:
1462 2273 1551 2298 nam
1574 2274 1638 2299 se-

194 2324 363 2363 cundum
391 2335 517 2360 meum
544 2321 726 2365 indicium
755 2321 849 2358 meis
879 2320 1055 2371 cognatis
1084 2320 1235 2359 vincula
1263 2320 1481 2359 detraxistis
1511 2330 1550 2360 et
1575 2335 1640 2361 ex-

191 2386 336 2425 sulibus
362 2383 518 2421 domum
547 2382 733 2420 redeundi
758 2382 906 2419 veniam
927 2381 1085 2419 dedistis
1110 2389 1149 2419 et
1169 2394 1341 2419 reversos
1369 2389 1565 2433 gratanter
1583 2396 1642 2421 re-

192 2446 365 2499 cepistis;
394 2445 555 2496 ipsique,
578 2444 738 2494 sumptis
768 2442 894 2488 armis,
923 2456 946 2481 a
979 2443 1220 2489 stationibus,
1259 2444 1297 2481 in
1325 2444 1462 2494 quibus
1495 2443 1639 2494 quique

192 2515 362 2548 vestrum
391 2520 458 2558 per
486 2506 580 2543 illud
610 2505 871 2543 turbulentum
899 2511 938 2542 et
964 2505 1221 2556 suspiciosum
1245 2505 1465 2556 reipublicae
1486 2512 1636 2556 tempus

192 2570 378 2610 excubias
410 2568 538 2606 adhuc
571 2567 752 2617 egeratis,
784 2566 904 2604 securi
943 2567 1101 2604 domurn
1134 2566 1296 2617 quisque
1330 2579 1439 2603 suam
1472 2574 1637 2604 reverte·

190 2631 344 2678 bamini,
361 2638 402 2668 ut
415 2631 495 2682 jam
515 2629 626 2667 malis
646 2628 775 2665 multis
795 2627 968 2665 defuncti
988 2629 1242 2679 periculisque
1263 2626 1439 2665 exsoluti.
1485 2626 1635 2671 Quibus

192 2693 368 2731 omnibus
398 2692 436 2729 in
466 2691 580 2729 rebus
612 2702 689 2739 qua
716 2701 790 2739 ego
814 2687 969 2737 quidem
1005 2702 1096 2726 usus
1123 2701 1207 2726 sum
1238 2688 1401 2732 fortuna,
1427 2687 1509 2737 ejus
1541 2701 1635 2740 ergo

192 2756 355 2793 fortunae
380 2767 449 2791 vos
475 2750 755 2790 commiseratio
779 2749 853 2786 mei
882 2749 1016 2786 merito
1045 2749 1193 2800 capiat;
1236 2748 1360 2786 exitus
1389 2756 1516 2786 autem
1544 2763 1642 2802 ergo

194 2817 326 2854 merito
348 2815 402 2852 vir
421 2816 584 2866 optimus
611 2820 725 2863 atque
745 2810 1066 2848 fortunatissimus
1085 2812 1239 2856 habear,
1261 2811 1403 2861 quippe
1429 2811 1493 2861 qui
1519 2812 1638 2850 refra-

193 2887 305 2930 gatus
326 2878 527 2928 Euphileto
547 2872 906 2927 sim,jusjurandum
927 2873 964 2910 id
985 2873 1294 2925 offerenti,cujus
1316 2873 1410 2911 fides
1429 2887 1548 2925 penes
1567 2874 1638 2912 ho-

194 2941 312 2978 mines
337 2938 504 2977 omnium
535 2938 690 2976 minima
718 2943 757 2974 et
783 2942 841 2973 est
869 2942 907 2973 et
936 2948 1019 2974 esse
1048 2935 1177 2983 debet,
1197 2936 1306 2985 eique
1336 2937 1473 2987 probra
1498 2937 1636 2986 quibus
