1822 3219
243 172 311 208 132
604 169 909 209 ANDocmls
940 170 1012 207 DE
1041 169 1181 208 PACE
1208 153 1327 208 Ere.

234 271 344 308 nobis
359 276 437 308 tum
455 284 524 309 usu
541 271 742 322 fructuque
755 271 963 310 exercitata
977 278 1078 308 sunt.
1134 269 1194 308 Ad
1212 277 1424 308 extremum
1439 276 1564 308 autem
1578 269 1681 308 bello

233 332 357 378 fracti,
383 345 461 371 una
475 346 562 372 cum
585 333 736 384 reliquis
752 332 861 371 bonis
881 332 996 370 etiam
1015 332 1154 370 moenia
1172 331 1421 383 perdidimus,
1442 331 1681 381 classemque

235 400 403 432 nostram
436 408 505 446 pro
536 395 647 433 arrha
681 395 769 432 fidei
795 402 910 445 atque
941 394 1111 444 obsequii
1145 393 1263 431 nostri
1290 399 1474 444 ceperunt
1499 393 1680 431 Lacedae-

234 458 374 496 monii:
403 465 442 496 et
473 458 637 496 classem
658 457 812 509 quidem
845 456 914 495 sibi
935 469 958 494 a
976 457 1085 495 nobis
1107 456 1286 495 traditam
1307 462 1569 508 susceperunt,
1594 467 1684 493 moe-

232 520 296 559 nia
322 528 448 559 autem
468 534 538 559 nos
559 521 661 571 ipsos
682 519 855 558 manibus
871 520 1011 558 nostris
1026 520 1198 558 demoliri
1214 528 1437 572 coegerunt,
1457 525 1682 565 metuentes,

234 596 284 621 ne
317 584 508 634 geminum
542 583 616 621 hoc
645 582 763 620 veluti
794 582 1023 634 principium
1051 582 1236 621 habentes
1264 596 1332 622 nos
1366 575 1562 634 pristinam
1590 581 1682 632 reip.

235 645 396 696 gloriam
432 652 548 695 atque
583 644 790 695 potentiam
833 644 1134 682 restitueremus.
1192 644 1308 683 Nunc
1341 652 1469 683 autem
1498 643 1536 681 hi
1568 642 1684 680 iidem

237 706 534 751 Lacedaemonii,
562 706 733 744 oratione
765 713 897 744 nostra
926 706 1100 756 permoti,
1134 718 1202 756 per
1233 706 1382 757 legatos
1409 718 1499 743 suos
1530 703 1684 749 adsunt,

235 769 348 821 plena
371 768 456 806 illos
485 768 627 819 agendi
656 775 772 820 atque
802 768 1026 819 paciscendi
1058 775 1252 819 potestate
1282 768 1502 814 instructos,
1532 775 1571 805 et
1596 778 1684 804 cum

235 829 385 868 arrham
415 829 523 867 nobis
544 837 711 867 nostram
733 829 914 874 reddunt,
947 836 1027 866 tum
1051 829 1276 879 permittunt
1295 831 1435 867 moenia
1463 841 1592 867 rursus
1619 828 1686 866 ha-

235 892 326 929 bere
346 891 587 942 classemque
603 904 739 929 novam
760 903 996 942 comparare,
1015 897 1054 928 et
1071 890 1215 929 insulas
1229 891 1326 942 juris
1346 891 1465 929 nostri
1482 903 1578 928 esse.
1637 889 1688 927 Et

237 965 459 1004 quanquam
485 966 587 991 nunc
621 953 803 991 secundae
836 954 999 991 fortunae
1030 953 1256 1004 principium
1286 966 1440 1004 prorsus
1469 953 1570 990 idem
1597 965 1689 989 nan-

238 1015 448 1059 ciscamini‚
481 1015 585 1065 quod
616 1016 706 1053 olim
736 1015 901 1066 majores
930 1015 1046 1053 vestri
1073 1016 1410 1060 nanciscebantur,
1441 1022 1531 1053 sunt
1557 1022 1685 1053 tamen

237 1068 499 1121 nihilominus,
527 1076 592 1127 qui
621 1089 756 1127 pacem
780 1076 898 1121 hanc,
924 1089 1010 1126 quae
1037 1076 1145 1114 vobis
1176 1077 1250 1114 hoc
1279 1076 1506 1128 principium
1533 1076 1687 1122 reddat,

238 1144 382 1190 negent
402 1151 538 1189 pacem
560 1150 642 1175 esse
662 1137 951 1188 appellandam,
974 1146 1118 1187 negent
1136 1150 1204 1188 pro
1222 1150 1319 1189 pace
1345 1150 1429 1175 esse
1455 1137 1687 1175 habendam.

239 1200 454 1239 Procedere
483 1200 553 1237 hos
586 1200 696 1237 velim
727 1199 762 1235 in
797 1200 964 1237 medium
989 1206 1103 1250 atque
1134 1200 1455 1252 docere—quod
1486 1208 1529 1238 ut
1560 1200 1687 1240 facere

237 1261 401 1313 possint,
430 1268 572 1298 nostrae
601 1261 848 1311 providentiae
875 1260 1131 1310 imputabunt,
1161 1263 1225 1311 qui
1252 1263 1422 1300 cavimus
1454 1269 1498 1300 ut
1515 1263 1690 1301 clausula

238 1323 324 1362 haec
344 1323 628 1362 conditionibus
649 1324 754 1374 pacis
775 1323 1062 1374 adjungeretur,
1084 1329 1126 1360 ut
1151 1323 1407 1374 quadraginta
1426 1323 1571 1361 dierum
1601 1337 1688 1376 spa-

239 1388 331 1425 tium
362 1386 623 1437 indulgeretur
651 1384 898 1423 deliberando
931 1398 1045 1435 super
1063 1384 1122 1422 his
1154 1386 1258 1436 pacis
1277 1385 1574 1430 conditionibus,
1601 1398 1687 1436 pro-

237 1448 427 1487 bandaene
466 1461 514 1486 an
551 1446 802 1498 reprobandae
839 1445 1126 1490 videantur—,
1158 1445 1323 1483 docento
1359 1445 1506 1495 itaque,
1540 1446 1570 1482 si
1598 1446 1688 1497 quid

245 1510 283 1548 in
304 1510 380 1548 illis
402 1509 692 1548 conditionibus
712 1508 836 1545 minus
855 1515 961 1545 recte
988 1506 1130 1552 habet;
1152 1506 1244 1544 licet
1262 1506 1365 1544 enim
1385 1507 1424 1544 id
1454 1519 1692 1558 expungere:

241 1579 308 1611 aut
334 1572 365 1609 si
394 1571 481 1623 quis
515 1571 641 1610 adhuc
673 1570 899 1608 addendum
928 1568 1021 1620 quid
1053 1576 1228 1614 censeat,
1262 1569 1370 1607 vobis
1402 1569 1621 1608 volentibus
1651 1577 1690 1608 et

241 1634 454 1687 persuasis,
482 1633 521 1671 id
551 1632 772 1671 adscribito.
829 1631 1082 1680 Quaecunque
1109 1629 1158 1668 ad
1181 1631 1282 1668 hunc
1312 1630 1468 1668 modum
1499 1631 1537 1668 in
1561 1631 1690 1670 literas

242 1696 364 1735 relata
383 1703 422 1734 et
441 1704 526 1733 rata
542 1695 673 1733 habita
700 1695 853 1738 fuerint,
884 1694 927 1731 iis
956 1693 987 1730 si
1010 1692 1182 1738 utemini,
1209 1705 1303 1744 pace
1336 1693 1427 1730 item
1461 1693 1592 1731 licebit
1621 1693 1688 1732 uti.

245 1758 313 1796 Sin
339 1765 467 1796 autem
488 1757 623 1795 horum
644 1757 813 1796 omnium
841 1755 933 1793 nihil
959 1753 1100 1806 placet,
1126 1754 1228 1792 bello
1257 1755 1348 1794 licet
1367 1755 1586 1794 decernere.
1645 1756 1689 1794 In

243 1826 436 1871 potestate
473 1826 598 1857 vestra
630 1819 798 1857 omnium
837 1824 908 1862 est,
947 1824 1075 1854 utrum
1107 1816 1241 1855 horum
1279 1817 1426 1861 voletis,
1465 1818 1504 1855 id
1542 1825 1688 1870 optare.

244 1881 406 1919 Adsunt
424 1882 524 1919 enim
545 1881 675 1932 Argivi
709 1889 824 1931 atque
846 1879 1034 1917 Corinthii
1063 1891 1131 1930 per
1150 1879 1314 1930 legatos,
1347 1879 1412 1930 qui
1435 1879 1575 1918 docere
1596 1894 1690 1919 con-

243 1944 416 1989 tendent,
438 1943 580 1980 bellum
598 1943 678 1994 geri
701 1942 904 1994 expedire;
925 1954 1056 1978 rursus
1085 1941 1362 1979 Lacedaemone
1387 1942 1542 1979 veniunt
1561 1942 1692 1994 legati,

245 2005 294 2044 ad
314 2016 448 2056 pacem
469 2004 770 2042 contrahendam
792 2017 860 2041 vos
883 2002 1132 2041 adhortaturi.
1189 2002 1330 2040 Causae
1362 2003 1477 2054 hujus
1497 2004 1692 2043 arbitratio

245 2080 365 2118 penes
390 2079 458 2104 vos
487 2073 559 2111 est,
593 2078 670 2104 non
697 2078 817 2117 penes
844 2064 1182 2108 Lacedaemonios;
1210 2071 1249 2103 et
1276 2064 1349 2102 hoc
1375 2072 1517 2103 nostrae
1544 2066 1693 2106 debetis

247 2129 425 2168 cautioni.
505 2129 642 2166 Partes
680 2128 808 2178 itaque
846 2127 1077 2177 legatorum,
1117 2139 1213 2178 quas
1250 2127 1359 2164 nobis
1398 2127 1692 2173 mandaveratis,

246 2204 377 2230 rursus
399 2205 421 2229 a
439 2191 548 2229 nobis
568 2191 604 2228 in
623 2204 690 2228 vos
711 2189 987 2235 transferimus,
1013 2190 1251 2239 facimusque
1277 2188 1531 2239 vosmetipsos
1559 2201 1693 2229 omnes

246 2253 364 2291 vestri
383 2253 533 2303 legatos
549 2265 558 2290 :
577 2252 795 2303 quicunque
813 2251 913 2289 enim
932 2264 1021 2288 mox
1039 2250 1076 2288 in
1098 2249 1348 2301 suffragando
1367 2262 1500 2288 manus
1531 2252 1695 2300 attollet,

248 2315 326 2354 sive
357 2326 489 2366 pacem
512 2313 589 2352 sive
618 2313 760 2351 bellum
792 2313 946 2357 sciscet,
977 2312 1135 2363 perinde
1166 2319 1226 2350 est
1252 2311 1453 2350 habendus
1482 2324 1526 2351 ac
1553 2306 1583 2351 si
1611 2314 1694 2366 ipse

249 2388 322 2415 suo
342 2375 494 2414 nomine
513 2374 707 2426 legatione
726 2375 964 2426 fungeretur.
1020 2375 1104 2425 Age
1118 2374 1213 2425 jam,
1233 2374 1429 2413 decernite
1451 2387 1510 2422 ea,
1531 2388 1694 2426 quorum

249 2438 360 2478 velim
381 2445 424 2476 ut
443 2450 510 2476 vos
529 2438 760 2489 inposterum
780 2450 976 2488 nunquam
996 2436 1192 2489 poeniteat.
