1822 3219
521 101 741 139 CONTRA
772 99 1105 138 AGORATUM.
1466 102 1541 137 247

100 207 259 245 necatus
286 209 369 247 est;
397 203 538 241 nostris
568 202 669 240 enim
697 201 736 239 in
763 200 899 238 castris
927 211 1013 249 quae
1034 204 1270 249 gererentur,
1287 207 1335 236 ea
1352 210 1420 249 per
1439 198 1545 249 ignes

99 263 230 301 furtim
250 275 432 301 accensos
451 262 624 301 hostibus
640 261 900 312 significabat:
929 259 1040 305 alter,
1059 271 1147 296 cum
1166 271 1328 309 puerum
1349 259 1442 297 hero
1463 273 1545 297 sur-

99 329 247 373 reptum
268 323 359 362 hinc
380 323 606 361 Corinthum
626 327 879 373 exportasset,
901 333 1029 359 rursus
1050 319 1156 357 illinc
1175 319 1340 370 puellam
1361 320 1452 357 civis
1471 320 1548 358 huc

102 391 293 433 reportare
313 384 438 434 plagio
459 384 549 421 item
577 384 828 432 interceptam
857 382 1088 425 commatum
1120 380 1188 418 sed
1219 379 1482 429 deprehensus
1510 382 1550 418 in

99 452 292 485 carcerem
322 444 469 488 incidit,
496 444 534 480 in
569 456 646 493 quo
675 443 805 493 periit:
837 442 988 480 tertium
1021 440 1290 491 Phaenippides
1304 439 1378 476 hic
1412 440 1550 489 injecta

102 516 217 540 manu
234 504 283 541 ad
297 503 575 540 undecimviros
592 503 764 548 abduxit,
777 516 924 552 vosque
944 515 1062 540 causa
1078 501 1244 551 legitime
1259 500 1414 550 cognita
1428 507 1549 537 morte

101 576 188 600 eum
208 564 431 607 damnastis,
452 569 567 612 atque
586 563 753 602 carnifici
772 563 996 607 tradidistis,
1011 576 1034 598 a
1058 575 1134 611 quo
1164 561 1327 597 fustibus
1349 560 1397 596 ad
1418 573 1550 597 necem

99 624 275 662 concisus
295 630 365 660 est.
422 622 525 659 Vera
545 635 604 659 me
624 623 707 658 haec
727 622 853 657 omnia
880 622 1022 664 dicere,
1044 628 1081 656 et
1112 620 1209 670 ipse,
1229 620 1269 655 ni
1298 619 1423 663 fallor,
1443 619 1549 669 Ago-

103 692 205 722 ratus
225 682 482 727 confitebitur,
503 688 542 719 et
559 687 680 718 testes
700 692 772 729 ego
791 679 1002 729 producam
1022 679 1326 717 confirmaturos.

725 771 935 809 TESTES.

104 852 232 902 *Ecqui
269 864 360 902 ergo
396 865 472 890 non
501 851 609 889 vobis
639 849 815 888 omnibus
851 848 1068 894 conveniat,
1095 847 1198 884 huuc
1233 847 1449 897 Agoratum
1476 859 1552 885 uno

105 926 296 951 consensu
316 911 598 950 condemnare?
655 912 756 949 Nam
782 911 814 948 si
833 911 992 947 fratrum
1012 908 1280 959 unusquisque
1301 914 1456 957 propter
1478 906 1555 943 sin-

103 975 196 1024 gula
215 974 384 1011 facinora
404 981 523 1011 morte
544 973 684 1023 dignus
705 979 764 1009 est
783 972 933 1009 habitus
954 970 1202 1019 affectusque,
1222 976 1369 1019 quanto
1388 981 1456 1005 vos
1473 981 1554 1006 ma-

106 1035 163 1084 gis
181 1034 332 1071 decebit
350 1034 438 1071 huic
459 1035 589 1072 mortis
608 1047 761 1084 poenam
774 1034 958 1083 irrogare,
973 1032 1188 1069 mercedem
1209 1037 1266 1068 tot
1284 1036 1555 1080 tantorumque

102 1095 294 1132 scelerum
314 1097 362 1133 ab
383 1108 428 1132 eo
448 1095 751 1140 commissorum,
771 1096 910 1145 quibus
937 1101 978 1131 et
997 1093 1212 1131 universam
1233 1104 1353 1141 remp.
1374 1097 1413 1128 et
1431 1090 1557 1140 priva-

104 1156 172 1192 tim
199 1163 368 1193 vestrum
394 1168 584 1205 quemque
612 1156 721 1201 laesit,
747 1168 909 1204 quorum
939 1154 1126 1192 scelerum
1158 1152 1364 1201 unicuique
1395 1159 1555 1189 mortem

105 1229 256 1266 poenam
276 1217 382 1266 leges
400 1217 597 1265 scripsere.

161 1278 222 1314 18.
252 1278 394 1314 Verum
427 1277 627 1313 conabitur
655 1275 728 1312 hoc
747 1286 815 1311 vos
842 1272 1248 1322 commento‚judices‚
1268 1270 1555 1317 circumvenire,

105 1343 149 1374 ut
168 1337 258 1383 aiat,
277 1338 348 1374 sub
378 1336 754 1386 Quadringentorum
775 1334 990 1385 principatu
1012 1332 1274 1383 Phrynichum
1296 1344 1382 1368 esse
1397 1331 1552 1382 jugula-

107 1404 202 1443 tum,
220 1398 378 1447 ejusque
399 1399 447 1434 ob
476 1397 650 1434 meritum
681 1396 774 1433 facti
801 1409 842 1432 se
871 1395 1024 1432 civitate
1056 1407 1078 1431 a
1097 1394 1203 1430 vobis
1234 1393 1438 1435 donatum;
1471 1406 1556 1442 quae

107 1470 192 1495 cum
208 1457 384 1508 jactabit,
404 1463 529 1495 certos
549 1470 618 1494 vos
639 1469 722 1494 esse
741 1456 828 1493 volo
849 1468 936 1492 eum
957 1454 1128 1492 mentiri:
1159 1467 1284 1504 neque
1311 1454 1410 1491 enim
1433 1454 1556 1505 Phry-

106 1518 261 1555 nichum
281 1518 438 1562 occidit,
452 1531 575 1568 neque
594 1517 760 1568 populus
777 1516 1026 1554 Atheniensis
1043 1529 1130 1553 eum
1151 1528 1320 1565 unquam
1342 1515 1464 1553 civem
1485 1515 1558 1553 sibi

107 1580 282 1618 adscivit.
340 1580 441 1617 Nam
461 1580 703 1630 Phrynichus
737 1579 895 1616 aliorum
925 1579 1023 1615 ferro
1058 1578 1210 1616 cecidit.
1267 1578 1346 1616 Res
1373 1585 1482 1627 gesta
1502 1579 1557 1616 sic

105 1647 179 1679 est.
237 1641 455 1692 Phrynicho
474 1640 755 1678 insidiabantur
775 1639 1005 1689 comparatis
1026 1639 1122 1675 inter
1142 1652 1182 1675 se
1202 1639 1370 1675 consiliis
1392 1639 1557 1689 Thrasy-

107 1703 220 1739 bulus
244 1702 482 1751 Calydonius
510 1709 548 1739 et
567 1701 823 1752 Apollodorus
854 1701 1117 1750 Megarensis:
1147 1708 1191 1737 ut
1214 1700 1329 1750 igitur
1349 1700 1556 1750 aliquando

106 1762 143 1800 hi
162 1775 259 1812 quos
279 1763 354 1799 dixi
379 1763 412 1799 ei
432 1775 498 1813 per
518 1763 616 1799 viam
635 1762 884 1799 inambulanti
903 1763 1170 1806 occurrebant,
1188 1762 1454 1812 Thrasybulus
1473 1763 1557 1811 qui-

106 1824 194 1861 dem
216 1823 473 1874 Phrynichum
493 1836 569 1860 uno
585 1824 664 1860 ictu
683 1823 874 1873 dejectum
894 1823 1135 1867 exanimavit,
1156 1823 1415 1873 Apollodorus
1429 1831 1556 1860 autem

108 1897 262 1935 prorsus
283 1897 330 1921 ne
357 1884 483 1933 attigit
510 1884 684 1933 quidem:
714 1897 802 1921 nam
834 1884 931 1920 inter
958 1883 1043 1920 haec
1073 1883 1209 1920 oborta
1238 1883 1556 1929 conclamatione,

109 1952 363 1983 concurrente
390 1944 587 1982 hominum
611 1946 736 1989 turba,
768 1944 823 1981 illi
856 1943 1134 1993 auffugiebant.
1204 1944 1399 1993 Agoratus
1429 1952 1558 1982 autem

107 2018 234 2056 neque
254 2019 277 2043 a
298 2005 587 2055 percussoribus
613 2005 886 2042 inrconsilium
912 2004 1090 2040 facinoris
1122 2004 1315 2056 adhibitus
1347 2011 1406 2041 est
1431 2016 1558 2053 neque

107 2066 346 2104 exsecutioni
378 2066 458 2115 ejus
487 2065 671 2102 interfuit.
742 2066 841 2106 Quae
873 2077 896 2102 a
933 2077 994 2102 me
1020 2067 1111 2101 ver'a
1139 2064 1230 2108 dici,
1258 2064 1456 2102 decretum
1483 2064 1556 2102 hoe

109 2126 327 2165 testabitur.

674 2209 993 2247 DECRETUM.

110 2296 199 2337 Hoc
220 2308 239 2333 e
260 2295 415 2333 decreto
447 2300 602 2332 constat
630 2293 895 2344 Phrynichum
927 2295 975 2331 ab
1006 2294 1178 2344 Agorato
1208 2301 1450 2345 peremptum
1481 2308 1556 2335 non

108 2369 210 2395 esse.
251 2356 452 2405 Nusquam
472 2354 571 2391 enim
591 2355 700 2391 istius
713 2354 856 2391 decreti
871 2367 1010 2392 nomen
1024 2354 1184 2403 Agorati
1203 2353 1342 2404 legitur
1358 2356 1555 2407 scriptum,

109 2430 299 2467 nusquam
330 2415 416 2453 haec
447 2414 612 2452 formula
642 2415 739 2452 velle
762 2415 897 2465 jubere
925 2414 1110 2465 populum
1131 2415 1404 2470 Athgniensem
1436 2423 1479 2453 ut
1505 2418 1554 2454 ob

111 2478 286 2517 meritum
318 2476 499 2527 perempti
537 2475 689 2525 tyranni
722 2477 922 2525 Agoratus
957 2476 1048 2513 civis
1078 2475 1324 2514 Atheniensis
1355 2477 1552 2522 habeatur,

111 2538 435 2589 quemadmodum
461 2536 597 2574 eodem
623 2536 780 2573 decreto
798 2536 1067 2587 Thrasybulus
1089 2545 1204 2587 atque
1225 2537 1484 2587 Apollodorus
1505 2537 1553 2575 ob

110 2599 150 2636 id
169 2599 343 2636 meritum
359 2598 511 2636 civitate
531 2597 664 2635 donati
685 2604 792 2636 sunt:
822 2609 1045 2648 quanquam
1065 2599 1094 2636 si
1114 2597 1375 2647 Phrynichum
1394 2598 1553 2636 occidis·

110 2665 181 2702 set,
200 2658 324 2708 ipsum
341 2659 509 2707 oportuit
528 2658 566 2694 in
588 2658 721 2695 eadem
741 2658 934 2703 columna,
953 2672 1029 2708 qua
1050 2658 1312 2707 Thrasybulus
1332 2665 1371 2695 et
1391 2659 1552 2708 Apollo-

110 2719 243 2763 dorus,
268 2718 490 2768 inscriptum
522 2732 607 2758 esse
637 2719 784 2757 factum
809 2719 1092 2757 Atheniensem.
1161 2718 1211 2755 Et
1239 2731 1473 2769 quanquam,
1504 2720 1552 2758 de

111 2778 311 2829 quointer
337 2790 468 2817 omnes
486 2786 650 2826 constat,
671 2780 778 2819 factu
798 2780 891 2818 nihil
911 2786 970 2819 est
988 2779 1149 2825 facilius,
1169 2786 1352 2828 quamvut
1379 2780 1552 2820 homines
