<?xml version="1.0" encoding="UTF-8"?>
<!DOCTYPE html PUBLIC "-//W3C//DTD XHTML 1.0 Transitional//EN"
    "http://www.w3.org/TR/xhtml1/DTD/xhtml1-transitional.dtd">
<html xmlns="http://www.w3.org/1999/xhtml" xml:lang="en" lang="en">
 <head>
  <title>
</title>
<meta http-equiv="Content-Type" content="text/html;charset=utf-8" />
  <meta name='ocr-system' content='tesseract 3.04.00' />
  <meta name='ocr-capabilities' content='ocr_page ocr_carea ocr_par ocr_line ocrx_word'/>
</head>
<body>
  <div class='ocr_page' id='page_1' title='image "./oratoresatticie13dobs_0027.png"; bbox 0 0 1911 3248; ppageno 0'>
   <div class='ocr_carea' id='block_1_1' title="bbox 618 178 1536 219">
    <p class='ocr_par' dir='ltr' id='par_1_1' title="bbox 618 178 1536 219">
     <span class='ocr_line' id='line_1_1' title="bbox 618 178 1536 219; baseline -0.007 0"><span class='ocrx_word' id='word_1_1' title='bbox 618 179 959 219; x_wconf 89' lang='lat' dir='ltr'><strong>TETRALOGIA</strong></span> <span class='ocrx_word' id='word_1_2' title='bbox 990 179 1018 216; x_wconf 95' lang='grc' dir='ltr'>Ι.</span> <span class='ocrx_word' id='word_1_3' title='bbox 1489 178 1536 214; x_wconf 91' lang='grc'>15</span> 
     </span>
    </p>
   </div>
   <div class='ocr_carea' id='block_1_2' title="bbox 102 284 1553 3030">
    <p class='ocr_par' dir='ltr' id='par_1_2' title="bbox 102 284 1553 3030">
     <span class='ocr_line' id='line_1_2' title="bbox 103 284 1538 338; baseline -0.004 -13"><span class='ocrx_word' id='word_1_4' title='bbox 103 300 186 325; x_wconf 89' lang='lat' dir='ltr'>rum</span> <span class='ocrx_word' id='word_1_5' title='bbox 198 293 311 338; x_wconf 87' lang='lat' dir='ltr'>atque</span> <span class='ocrx_word' id='word_1_6' title='bbox 324 287 619 326; x_wconf 82' lang='lat' dir='ltr'>sollicitudinum</span> <span class='ocrx_word' id='word_1_7' title='bbox 635 286 724 324; x_wconf 89' lang='lat' dir='ltr'>satis</span> <span class='ocrx_word' id='word_1_8' title='bbox 737 297 938 337; x_wconf 81' lang='lat' dir='ltr'><strong>superque.</strong></span> <span class='ocrx_word' id='word_1_9' title='bbox 967 284 1058 321; x_wconf 87' lang='lat' dir='ltr'>Tam</span> <span class='ocrx_word' id='word_1_10' title='bbox 1074 296 1131 320; x_wconf 87' lang='lat' dir='ltr'>me</span> <span class='ocrx_word' id='word_1_11' title='bbox 1145 284 1268 334; x_wconf 83' lang='lat' dir='ltr'>gravis</span> <span class='ocrx_word' id='word_1_12' title='bbox 1283 291 1392 334; x_wconf 88' lang='lat' dir='ltr'>urget</span> <span class='ocrx_word' id='word_1_13' title='bbox 1406 296 1485 321; x_wconf 90' lang='lat' dir='ltr'>sors</span> <span class='ocrx_word' id='word_1_14' title='bbox 1496 290 1538 320; x_wconf 86' lang='lat' dir='ltr'>ut</span> 
     </span>
     <span class='ocr_line' id='line_1_3' title="bbox 105 345 1541 398; baseline -0.003 -12"><span class='ocrx_word' id='word_1_15' title='bbox 105 362 180 387; x_wconf 91' lang='lat' dir='ltr'>non</span> <span class='ocrx_word' id='word_1_16' title='bbox 193 350 285 387; x_wconf 89' lang='lat' dir='ltr'>satis</span> <span class='ocrx_word' id='word_1_17' title='bbox 298 350 343 387; x_wconf 91' lang='lat' dir='ltr'>ad</span> <span class='ocrx_word' id='word_1_18' title='bbox 361 350 520 387; x_wconf 90' lang='lat' dir='ltr'>salutem</span> <span class='ocrx_word' id='word_1_19' title='bbox 537 348 627 385; x_wconf 86' lang='lat' dir='ltr'>mihi</span> <span class='ocrx_word' id='word_1_20' title='bbox 644 348 704 391; x_wconf 91' lang='lat' dir='ltr'>sit,</span> <span class='ocrx_word' id='word_1_21' title='bbox 717 361 774 385; x_wconf 93' lang='lat' dir='ltr'>me</span> <span class='ocrx_word' id='word_1_22' title='bbox 787 348 911 398; x_wconf 87' lang='lat' dir='ltr'>ipsum</span> <span class='ocrx_word' id='word_1_23' title='bbox 926 346 1074 396; x_wconf 86' lang='lat' dir='ltr'>pietatis</span> <span class='ocrx_word' id='word_1_24' title='bbox 1087 358 1178 395; x_wconf 81' lang='lat' dir='ltr'>ergo</span> <span class='ocrx_word' id='word_1_25' title='bbox 1199 345 1292 382; x_wconf 91' lang='lat' dir='ltr'>deos</span> <span class='ocrx_word' id='word_1_26' title='bbox 1307 345 1478 396; x_wconf 86' lang='lat' dir='ltr'>jurisque</span> <span class='ocrx_word' id='word_1_27' title='bbox 1490 345 1541 382; x_wconf 83' lang='lat' dir='ltr'>ci-</span> 
     </span>
     <span class='ocr_line' id='line_1_4' title="bbox 103 406 1538 461; baseline -0.003 -14"><span class='ocrx_word' id='word_1_28' title='bbox 103 410 188 449; x_wconf 89' lang='lat' dir='ltr'>vilis</span> <span class='ocrx_word' id='word_1_29' title='bbox 203 412 464 450; x_wconf 86' lang='lat' dir='ltr'>observantem</span> <span class='ocrx_word' id='word_1_30' title='bbox 483 410 726 461; x_wconf 80' lang='lat' dir='ltr'>praestitisse3</span> <span class='ocrx_word' id='word_1_31' title='bbox 757 409 825 446; x_wconf 91' lang='lat' dir='ltr'>sed</span> <span class='ocrx_word' id='word_1_32' title='bbox 844 408 970 452; x_wconf 87' lang='lat' dir='ltr'>etiam,</span> <span class='ocrx_word' id='word_1_33' title='bbox 983 407 1054 445; x_wconf 92' lang='lat' dir='ltr'>nisi</span> <span class='ocrx_word' id='word_1_34' title='bbox 1072 407 1316 451; x_wconf 79' lang='lat' dir='ltr'>homicidam,</span> <span class='ocrx_word' id='word_1_35' title='bbox 1332 420 1353 442; x_wconf 87' lang='lat' dir='ltr'>a</span> <span class='ocrx_word' id='word_1_36' title='bbox 1367 419 1442 456; x_wconf 86' lang='lat' dir='ltr'>quo</span> <span class='ocrx_word' id='word_1_37' title='bbox 1457 406 1538 443; x_wconf 88' lang='lat' dir='ltr'>haec</span> 
     </span>
     <span class='ocr_line' id='line_1_5' title="bbox 102 467 1539 524; baseline -0.004 -14"><span class='ocrx_word' id='word_1_38' title='bbox 102 471 231 510; x_wconf 86' lang='lat' dir='ltr'>caedes</span> <span class='ocrx_word' id='word_1_39' title='bbox 245 481 392 524; x_wconf 86' lang='lat' dir='ltr'>patrata</span> <span class='ocrx_word' id='word_1_40' title='bbox 403 472 483 515; x_wconf 88' lang='lat' dir='ltr'>fuit,</span> <span class='ocrx_word' id='word_1_41' title='bbox 502 471 728 521; x_wconf 88' lang='lat' dir='ltr'>investigaro</span> <span class='ocrx_word' id='word_1_42' title='bbox 743 478 856 520; x_wconf 92' lang='lat' dir='ltr'>atque</span> <span class='ocrx_word' id='word_1_43' title='bbox 869 482 1089 519; x_wconf 82' lang='lat' dir='ltr'>coarguero,</span> <span class='ocrx_word' id='word_1_44' title='bbox 1102 482 1212 518; x_wconf 86' lang='lat' dir='ltr'>quem</span> <span class='ocrx_word' id='word_1_45' title='bbox 1227 468 1295 518; x_wconf 91' lang='lat' dir='ltr'>ipsi</span> <span class='ocrx_word' id='word_1_46' title='bbox 1310 467 1539 516; x_wconf 79' lang='lat' dir='ltr'>investigare</span> 
     </span>
     <span class='ocr_line' id='line_1_6' title="bbox 104 530 1538 583; baseline -0.004 -12"><span class='ocrx_word' id='word_1_47' title='bbox 104 541 217 583; x_wconf 88' lang='lat' dir='ltr'>atque</span> <span class='ocrx_word' id='word_1_48' title='bbox 230 533 488 571; x_wconf 84' lang='lat' dir='ltr'>demonstrare</span> <span class='ocrx_word' id='word_1_49' title='bbox 501 545 577 570; x_wconf 87' lang='lat' dir='ltr'>non</span> <span class='ocrx_word' id='word_1_50' title='bbox 586 539 747 583; x_wconf 87' lang='lat' dir='ltr'>possunt</span> <span class='ocrx_word' id='word_1_51' title='bbox 760 532 883 581; x_wconf 86' lang='lat' dir='ltr'>hi‚qui</span> <span class='ocrx_word' id='word_1_52' title='bbox 893 531 964 568; x_wconf 86' lang='lat' dir='ltr'>fusi</span> <span class='ocrx_word' id='word_1_53' title='bbox 978 530 1172 580; x_wconf 82' lang='lat' dir='ltr'>sanguinis</span> <span class='ocrx_word' id='word_1_54' title='bbox 1187 530 1326 567; x_wconf 87' lang='lat' dir='ltr'>ultores</span> <span class='ocrx_word' id='word_1_55' title='bbox 1343 543 1382 566; x_wconf 91' lang='lat' dir='ltr'>se</span> <span class='ocrx_word' id='word_1_56' title='bbox 1392 537 1538 580; x_wconf 82' lang='lat' dir='ltr'>gerunt,</span> 
     </span>
     <span class='ocr_line' id='line_1_7' title="bbox 106 591 1539 645; baseline -0.003 -13"><span class='ocrx_word' id='word_1_57' title='bbox 106 607 180 644; x_wconf 84' lang='lat' dir='ltr'>ego</span> <span class='ocrx_word' id='word_1_58' title='bbox 199 594 279 645; x_wconf 89' lang='lat' dir='ltr'>ipse</span> <span class='ocrx_word' id='word_1_59' title='bbox 298 595 335 631; x_wconf 92' lang='lat' dir='ltr'>in</span> <span class='ocrx_word' id='word_1_60' title='bbox 352 593 562 644; x_wconf 90' lang='lat' dir='ltr'>periculum</span> <span class='ocrx_word' id='word_1_61' title='bbox 581 594 741 638; x_wconf 88' lang='lat' dir='ltr'>veniam,</span> <span class='ocrx_word' id='word_1_62' title='bbox 760 607 807 630; x_wconf 92' lang='lat' dir='ltr'>ne</span> <span class='ocrx_word' id='word_1_63' title='bbox 826 592 923 630; x_wconf 88' lang='lat' dir='ltr'>falsa</span> <span class='ocrx_word' id='word_1_64' title='bbox 950 592 1064 629; x_wconf 81' lang='lat' dir='ltr'>caedis</span> <span class='ocrx_word' id='word_1_65' title='bbox 1094 591 1311 642; x_wconf 85' lang='lat' dir='ltr'>suspicione</span> <span class='ocrx_word' id='word_1_66' title='bbox 1335 603 1539 640; x_wconf 88' lang='lat' dir='ltr'>oppressus</span> 
     </span>
     <span class='ocr_line' id='line_1_8' title="bbox 103 651 1539 705; baseline -0.003 -14"><span class='ocrx_word' id='word_1_67' title='bbox 103 661 236 693; x_wconf 89' lang='lat' dir='ltr'>contra</span> <span class='ocrx_word' id='word_1_68' title='bbox 254 655 319 705; x_wconf 89' lang='lat' dir='ltr'>jus</span> <span class='ocrx_word' id='word_1_69' title='bbox 340 661 378 691; x_wconf 90' lang='lat' dir='ltr'>et</span> <span class='ocrx_word' id='word_1_70' title='bbox 396 655 455 691; x_wconf 85' lang='lat' dir='ltr'>fas</span> <span class='ocrx_word' id='word_1_71' title='bbox 473 654 730 705; x_wconf 84' lang='lat' dir='ltr'>impraesentia</span> <span class='ocrx_word' id='word_1_72' title='bbox 748 662 916 691; x_wconf 85' lang='lat' dir='ltr'>extremo</span> <span class='ocrx_word' id='word_1_73' title='bbox 938 652 1124 702; x_wconf 88' lang='lat' dir='ltr'>supplicio</span> <span class='ocrx_word' id='word_1_74' title='bbox 1145 653 1313 689; x_wconf 86' lang='lat' dir='ltr'>damner.</span> <span class='ocrx_word' id='word_1_75' title='bbox 1355 651 1539 689; x_wconf 88' lang='lat' dir='ltr'>Subtilem</span> 
     </span>
     <span class='ocr_line' id='line_1_9' title="bbox 105 713 1540 765; baseline -0.002 -13"><span class='ocrx_word' id='word_1_76' title='bbox 105 715 144 752; x_wconf 92' lang='lat' dir='ltr'>hi</span> <span class='ocrx_word' id='word_1_77' title='bbox 160 727 219 752; x_wconf 92' lang='lat' dir='ltr'>me</span> <span class='ocrx_word' id='word_1_78' title='bbox 232 715 383 765; x_wconf 90' lang='lat' dir='ltr'>quidem</span> <span class='ocrx_word' id='word_1_79' title='bbox 398 728 596 765; x_wconf 89' lang='lat' dir='ltr'>acremque</span> <span class='ocrx_word' id='word_1_80' title='bbox 613 716 738 753; x_wconf 89' lang='lat' dir='ltr'>verbis</span> <span class='ocrx_word' id='word_1_81' title='bbox 758 714 901 753; x_wconf 90' lang='lat' dir='ltr'>faciunt</span> <span class='ocrx_word' id='word_1_82' title='bbox 915 715 1185 765; x_wconf 80' lang='lat' dir='ltr'>disputatorem</span> <span class='ocrx_word' id='word_1_83' title='bbox 1203 721 1240 751; x_wconf 92' lang='lat' dir='ltr'>et</span> <span class='ocrx_word' id='word_1_84' title='bbox 1254 713 1433 750; x_wconf 88' lang='lat' dir='ltr'>callidum</span> <span class='ocrx_word' id='word_1_85' title='bbox 1450 713 1540 750; x_wconf 90' lang='lat' dir='ltr'>insi—</span> 
     </span>
     <span class='ocr_line' id='line_1_10' title="bbox 105 774 1541 827; baseline -0.001 -14"><span class='ocrx_word' id='word_1_86' title='bbox 105 776 249 815; x_wconf 86' lang='lat' dir='ltr'>diarum</span> <span class='ocrx_word' id='word_1_87' title='bbox 259 776 519 822; x_wconf 84' lang='lat' dir='ltr'>architectum,</span> <span class='ocrx_word' id='word_1_88' title='bbox 528 790 648 827; x_wconf 83' lang='lat' dir='ltr'>eoque</span> <span class='ocrx_word' id='word_1_89' title='bbox 658 776 853 827; x_wconf 71' lang='lat' dir='ltr'>aegerrime</span> <span class='ocrx_word' id='word_1_90' title='bbox 867 776 1011 826; x_wconf 86' lang='lat' dir='ltr'>laqueis</span> <span class='ocrx_word' id='word_1_91' title='bbox 1024 775 1270 813; x_wconf 85' lang='lat' dir='ltr'>convictionis</span> <span class='ocrx_word' id='word_1_92' title='bbox 1281 774 1523 812; x_wconf 86' lang='lat' dir='ltr'>irretiendum</span> <span class='ocrx_word' id='word_1_93' title='bbox 1533 787 1541 817; x_wconf 92' lang='grc'>;</span> 
     </span>
     <span class='ocr_line' id='line_1_11' title="bbox 104 836 1541 889; baseline 0 -16"><span class='ocrx_word' id='word_1_94' title='bbox 104 842 144 874; x_wconf 88' lang='lat' dir='ltr'>at</span> <span class='ocrx_word' id='word_1_95' title='bbox 158 836 270 874; x_wconf 91' lang='lat' dir='ltr'>iidem</span> <span class='ocrx_word' id='word_1_96' title='bbox 290 843 416 875; x_wconf 89' lang='lat' dir='ltr'>tamen</span> <span class='ocrx_word' id='word_1_97' title='bbox 436 851 565 876; x_wconf 88' lang='lat' dir='ltr'>rursus</span> <span class='ocrx_word' id='word_1_98' title='bbox 585 851 631 875; x_wconf 91' lang='lat' dir='ltr'>ea</span> <span class='ocrx_word' id='word_1_99' title='bbox 649 852 707 876; x_wconf 89' lang='lat' dir='ltr'>me</span> <span class='ocrx_word' id='word_1_100' title='bbox 721 844 894 889; x_wconf 86' lang='lat' dir='ltr'>patrasse</span> <span class='ocrx_word' id='word_1_101' title='bbox 915 837 1033 884; x_wconf 87' lang='lat' dir='ltr'>aiunt,</span> <span class='ocrx_word' id='word_1_102' title='bbox 1050 850 1135 887; x_wconf 90' lang='lat' dir='ltr'>quae</span> <span class='ocrx_word' id='word_1_103' title='bbox 1157 836 1187 873; x_wconf 86' lang='lat' dir='ltr'>si</span> <span class='ocrx_word' id='word_1_104' title='bbox 1208 843 1541 886; x_wconf 86' lang='lat' dir='ltr'>patrar0,necesse</span> 
     </span>
     <span class='ocr_line' id='line_1_12' title="bbox 107 896 1542 949; baseline -0.001 -15"><span class='ocrx_word' id='word_1_105' title='bbox 107 897 158 934; x_wconf 89' lang='lat' dir='ltr'>sit</span> <span class='ocrx_word' id='word_1_106' title='bbox 177 898 345 935; x_wconf 91' lang='lat' dir='ltr'>omnium</span> <span class='ocrx_word' id='word_1_107' title='bbox 363 898 560 935; x_wconf 89' lang='lat' dir='ltr'>hominum</span> <span class='ocrx_word' id='word_1_108' title='bbox 581 912 640 936; x_wconf 89' lang='lat' dir='ltr'>me</span> <span class='ocrx_word' id='word_1_109' title='bbox 668 899 920 949; x_wconf 82' lang='lat' dir='ltr'>tardissimum</span> <span class='ocrx_word' id='word_1_110' title='bbox 950 904 1064 948; x_wconf 89' lang='lat' dir='ltr'>atque</span> <span class='ocrx_word' id='word_1_111' title='bbox 1095 896 1406 935; x_wconf 88' lang='lat' dir='ltr'>vecordissimum</span> <span class='ocrx_word' id='word_1_112' title='bbox 1435 909 1542 934; x_wconf 88' lang='lat' dir='ltr'>esse:</span> 
     </span>
     <span class='ocr_line' id='line_1_13' title="bbox 104 958 1544 1011; baseline -0.001 -16"><span class='ocrx_word' id='word_1_113' title='bbox 104 958 274 996; x_wconf 84' lang='lat' dir='ltr'>facinora</span> <span class='ocrx_word' id='word_1_114' title='bbox 286 959 386 996; x_wconf 89' lang='lat' dir='ltr'>enim</span> <span class='ocrx_word' id='word_1_115' title='bbox 399 959 489 996; x_wconf 90' lang='lat' dir='ltr'>mihi</span> <span class='ocrx_word' id='word_1_116' title='bbox 502 960 689 1011; x_wconf 86' lang='lat' dir='ltr'>imputant</span> <span class='ocrx_word' id='word_1_117' title='bbox 700 967 830 998; x_wconf 88' lang='lat' dir='ltr'>contra</span> <span class='ocrx_word' id='word_1_118' title='bbox 843 972 902 996; x_wconf 91' lang='lat' dir='ltr'>me</span> <span class='ocrx_word' id='word_1_119' title='bbox 916 958 964 996; x_wconf 92' lang='lat' dir='ltr'>de</span> <span class='ocrx_word' id='word_1_120' title='bbox 976 958 1081 996; x_wconf 87' lang='lat' dir='ltr'>caede</span> <span class='ocrx_word' id='word_1_121' title='bbox 1095 959 1267 996; x_wconf 87' lang='lat' dir='ltr'>manibus</span> <span class='ocrx_word' id='word_1_122' title='bbox 1283 958 1376 995; x_wconf 89' lang='lat' dir='ltr'>meis</span> <span class='ocrx_word' id='word_1_123' title='bbox 1390 966 1544 1008; x_wconf 86' lang='lat' dir='ltr'>peracta</span> 
     </span>
     <span class='ocr_line' id='line_1_14' title="bbox 105 1019 1541 1071; baseline -0.001 -14"><span class='ocrx_word' id='word_1_124' title='bbox 105 1020 300 1058; x_wconf 83' lang='lat' dir='ltr'>testantia.</span> <span class='ocrx_word' id='word_1_125' title='bbox 355 1021 570 1059; x_wconf 90' lang='lat' dir='ltr'>Mirabilem</span> <span class='ocrx_word' id='word_1_126' title='bbox 583 1022 774 1059; x_wconf 89' lang='lat' dir='ltr'>enimvero</span> <span class='ocrx_word' id='word_1_127' title='bbox 787 1020 1080 1059; x_wconf 83' lang='lat' dir='ltr'>inconstantiam</span> <span class='ocrx_word' id='word_1_128' title='bbox 1097 1027 1211 1071; x_wconf 87' lang='lat' dir='ltr'>atque</span> <span class='ocrx_word' id='word_1_129' title='bbox 1224 1019 1516 1070; x_wconf 78' lang='lat' dir='ltr'>repugnantiam</span> <span class='ocrx_word' id='word_1_130' title='bbox 1533 1021 1541 1056; x_wconf 90' lang='lat'>!</span> 
     </span>
     <span class='ocr_line' id='line_1_15' title="bbox 107 1079 1542 1133; baseline -0.001 -15"><span class='ocrx_word' id='word_1_131' title='bbox 107 1080 349 1133; x_wconf 86' lang='lat' dir='ltr'>Quamquam</span> <span class='ocrx_word' id='word_1_132' title='bbox 379 1081 526 1120; x_wconf 85' lang='lat' dir='ltr'>facinus</span> <span class='ocrx_word' id='word_1_133' title='bbox 557 1095 633 1120; x_wconf 92' lang='lat' dir='ltr'>non</span> <span class='ocrx_word' id='word_1_134' title='bbox 658 1082 840 1125; x_wconf 88' lang='lat' dir='ltr'>commisi,</span> <span class='ocrx_word' id='word_1_135' title='bbox 872 1094 972 1118; x_wconf 91' lang='lat' dir='ltr'>nunc</span> <span class='ocrx_word' id='word_1_136' title='bbox 999 1089 1141 1126; x_wconf 89' lang='lat' dir='ltr'>tamen,</span> <span class='ocrx_word' id='word_1_137' title='bbox 1169 1081 1232 1118; x_wconf 94' lang='lat' dir='ltr'>illo</span> <span class='ocrx_word' id='word_1_138' title='bbox 1263 1093 1347 1118; x_wconf 89' lang='lat' dir='ltr'>vere</span> <span class='ocrx_word' id='word_1_139' title='bbox 1377 1079 1542 1126; x_wconf 86' lang='lat' dir='ltr'>sublato,</span> 
     </span>
     <span class='ocr_line' id='line_1_16' title="bbox 105 1141 1542 1195; baseline -0.001 -15"><span class='ocrx_word' id='word_1_140' title='bbox 105 1143 320 1194; x_wconf 88' lang='lat' dir='ltr'>suspicione</span> <span class='ocrx_word' id='word_1_141' title='bbox 338 1143 516 1181; x_wconf 87' lang='lat' dir='ltr'>facinoris</span> <span class='ocrx_word' id='word_1_142' title='bbox 528 1157 690 1195; x_wconf 87' lang='lat' dir='ltr'>premor,</span> <span class='ocrx_word' id='word_1_143' title='bbox 703 1146 750 1182; x_wconf 95' lang='lat' dir='ltr'>ob</span> <span class='ocrx_word' id='word_1_144' title='bbox 766 1143 968 1181; x_wconf 86' lang='lat' dir='ltr'>simultatis</span> <span class='ocrx_word' id='word_1_145' title='bbox 988 1143 1229 1181; x_wconf 82' lang='lat' dir='ltr'>acerbitatem</span> <span class='ocrx_word' id='word_1_146' title='bbox 1251 1155 1336 1193; x_wconf 81' lang='lat' dir='ltr'>quae</span> <span class='ocrx_word' id='word_1_147' title='bbox 1355 1141 1444 1179; x_wconf 88' lang='lat' dir='ltr'>mihi</span> <span class='ocrx_word' id='word_1_148' title='bbox 1457 1155 1542 1179; x_wconf 86' lang='lat' dir='ltr'>curn</span> 
     </span>
     <span class='ocr_line' id='line_1_17' title="bbox 104 1203 1545 1255; baseline -0.001 -13"><span class='ocrx_word' id='word_1_149' title='bbox 104 1204 192 1242; x_wconf 90' lang='lat' dir='ltr'>vivo</span> <span class='ocrx_word' id='word_1_150' title='bbox 211 1205 300 1242; x_wconf 93' lang='lat' dir='ltr'>olim</span> <span class='ocrx_word' id='word_1_151' title='bbox 321 1205 558 1243; x_wconf 85' lang='lat' dir='ltr'>intercessit:</span> <span class='ocrx_word' id='word_1_152' title='bbox 587 1218 733 1249; x_wconf 91' lang='lat' dir='ltr'>noram,</span> <span class='ocrx_word' id='word_1_153' title='bbox 756 1218 862 1255; x_wconf 90' lang='lat' dir='ltr'>ergo,</span> <span class='ocrx_word' id='word_1_154' title='bbox 881 1206 911 1242; x_wconf 90' lang='lat' dir='ltr'>si</span> <span class='ocrx_word' id='word_1_155' title='bbox 931 1205 992 1242; x_wconf 84' lang='lat' dir='ltr'>hic</span> <span class='ocrx_word' id='word_1_156' title='bbox 1009 1217 1032 1242; x_wconf 89' lang='lat' dir='ltr'>a</span> <span class='ocrx_word' id='word_1_157' title='bbox 1050 1217 1241 1255; x_wconf 87' lang='lat' dir='ltr'>quoquam</span> <span class='ocrx_word' id='word_1_158' title='bbox 1260 1204 1334 1241; x_wconf 90' lang='lat' dir='ltr'>alio</span> <span class='ocrx_word' id='word_1_159' title='bbox 1348 1203 1545 1254; x_wconf 84' lang='lat' dir='ltr'>jugulare-</span> 
     </span>
     <span class='ocr_line' id='line_1_18' title="bbox 106 1264 1545 1316; baseline 0 -15"><span class='ocrx_word' id='word_1_160' title='bbox 106 1271 181 1311; x_wconf 89' lang='lat' dir='ltr'>tur,</span> <span class='ocrx_word' id='word_1_161' title='bbox 201 1265 368 1302; x_wconf 85' lang='lat' dir='ltr'>futurum</span> <span class='ocrx_word' id='word_1_162' title='bbox 388 1272 432 1302; x_wconf 87' lang='lat' dir='ltr'>ut</span> <span class='ocrx_word' id='word_1_163' title='bbox 459 1266 630 1316; x_wconf 88' lang='lat' dir='ltr'>suspicio</span> <span class='ocrx_word' id='word_1_164' title='bbox 655 1265 768 1303; x_wconf 91' lang='lat' dir='ltr'>caedis</span> <span class='ocrx_word' id='word_1_165' title='bbox 799 1265 838 1302; x_wconf 92' lang='lat' dir='ltr'>in</span> <span class='ocrx_word' id='word_1_166' title='bbox 868 1278 927 1302; x_wconf 88' lang='lat' dir='ltr'>me</span> <span class='ocrx_word' id='word_1_167' title='bbox 957 1265 1085 1302; x_wconf 88' lang='lat' dir='ltr'>statim</span> <span class='ocrx_word' id='word_1_168' title='bbox 1112 1265 1359 1302; x_wconf 85' lang='lat' dir='ltr'>incumberet.</span> <span class='ocrx_word' id='word_1_169' title='bbox 1414 1264 1545 1314; x_wconf 82' lang='lat' dir='ltr'>Egone</span> 
     </span>
     <span class='ocr_line' id='line_1_19' title="bbox 104 1324 1547 1376; baseline -0.001 -13"><span class='ocrx_word' id='word_1_170' title='bbox 104 1325 372 1376; x_wconf 89' lang='lat' dir='ltr'>manibusipse</span> <span class='ocrx_word' id='word_1_171' title='bbox 391 1326 483 1364; x_wconf 91' lang='lat' dir='ltr'>meis</span> <span class='ocrx_word' id='word_1_172' title='bbox 501 1327 597 1364; x_wconf 89' lang='lat' dir='ltr'>cruri</span> <span class='ocrx_word' id='word_1_173' title='bbox 619 1339 702 1364; x_wconf 90' lang='lat' dir='ltr'>meo</span> <span class='ocrx_word' id='word_1_174' title='bbox 729 1326 827 1363; x_wconf 90' lang='lat' dir='ltr'>hanc</span> <span class='ocrx_word' id='word_1_175' title='bbox 849 1326 1007 1363; x_wconf 89' lang='lat' dir='ltr'>securim</span> <span class='ocrx_word' id='word_1_176' title='bbox 1028 1324 1302 1376; x_wconf 77' lang='lat' dir='ltr'>impingerem?</span> <span class='ocrx_word' id='word_1_177' title='bbox 1357 1325 1444 1362; x_wconf 89' lang='lat' dir='ltr'>Non</span> <span class='ocrx_word' id='word_1_178' title='bbox 1468 1331 1547 1362; x_wconf 89' lang='lat' dir='ltr'>erat</span> 
     </span>
     <span class='ocr_line' id='line_1_20' title="bbox 107 1386 1543 1438; baseline -0.001 -14"><span class='ocrx_word' id='word_1_179' title='bbox 107 1387 365 1438; x_wconf 84' lang='lat' dir='ltr'>multomagis</span> <span class='ocrx_word' id='word_1_180' title='bbox 385 1395 701 1432; x_wconf 89' lang='lat' dir='ltr'>consentaneum,</span> <span class='ocrx_word' id='word_1_181' title='bbox 729 1401 803 1433; x_wconf 83' lang='lat' dir='ltr'>me,</span> <span class='ocrx_word' id='word_1_182' title='bbox 832 1388 861 1424; x_wconf 87' lang='lat' dir='ltr'>si</span> <span class='ocrx_word' id='word_1_183' title='bbox 893 1401 1005 1438; x_wconf 91' lang='lat' dir='ltr'>quem</span> <span class='ocrx_word' id='word_1_184' title='bbox 1031 1387 1144 1424; x_wconf 92' lang='lat' dir='ltr'>alium</span> <span class='ocrx_word' id='word_1_185' title='bbox 1174 1400 1322 1425; x_wconf 87' lang='lat' dir='ltr'>nossem</span> <span class='ocrx_word' id='word_1_186' title='bbox 1354 1388 1435 1437; x_wconf 88' lang='lat' dir='ltr'>ejus</span> <span class='ocrx_word' id='word_1_187' title='bbox 1455 1386 1543 1423; x_wconf 89' lang='lat' dir='ltr'>vitae</span> 
     </span>
     <span class='ocr_line' id='line_1_21' title="bbox 107 1448 1545 1501; baseline -0.001 -14"><span class='ocrx_word' id='word_1_188' title='bbox 107 1450 363 1497; x_wconf 85' lang='lat' dir='ltr'>insidiantem,</span> <span class='ocrx_word' id='word_1_189' title='bbox 383 1463 536 1501; x_wconf 84' lang='lat' dir='ltr'>operam</span> <span class='ocrx_word' id='word_1_190' title='bbox 557 1451 664 1496; x_wconf 86' lang='lat' dir='ltr'>dare,</span> <span class='ocrx_word' id='word_1_191' title='bbox 685 1459 727 1489; x_wconf 90' lang='lat' dir='ltr'>ut</span> <span class='ocrx_word' id='word_1_192' title='bbox 744 1463 829 1488; x_wconf 92' lang='lat' dir='ltr'>eum</span> <span class='ocrx_word' id='word_1_193' title='bbox 851 1463 872 1488; x_wconf 89' lang='lat' dir='ltr'>a</span> <span class='ocrx_word' id='word_1_194' title='bbox 900 1449 1096 1501; x_wconf 86' lang='lat' dir='ltr'>proposito</span> <span class='ocrx_word' id='word_1_195' title='bbox 1125 1450 1190 1487; x_wconf 91' lang='lat' dir='ltr'>illo</span> <span class='ocrx_word' id='word_1_196' title='bbox 1220 1462 1434 1487; x_wconf 83' lang='lat' dir='ltr'>revocarem</span> <span class='ocrx_word' id='word_1_197' title='bbox 1453 1448 1545 1486; x_wconf 86' lang='lat' dir='ltr'>faci-</span> 
     </span>
     <span class='ocr_line' id='line_1_22' title="bbox 108 1509 1545 1562; baseline -0.001 -14"><span class='ocrx_word' id='word_1_198' title='bbox 108 1511 266 1562; x_wconf 85' lang='lat' dir='ltr'>norique</span> <span class='ocrx_word' id='word_1_199' title='bbox 285 1512 570 1557; x_wconf 85' lang='lat' dir='ltr'>intercederem,</span> <span class='ocrx_word' id='word_1_200' title='bbox 590 1525 705 1562; x_wconf 88' lang='lat' dir='ltr'>quam</span> <span class='ocrx_word' id='word_1_201' title='bbox 726 1526 784 1549; x_wconf 90' lang='lat' dir='ltr'>me</span> <span class='ocrx_word' id='word_1_202' title='bbox 805 1511 953 1549; x_wconf 89' lang='lat' dir='ltr'>facinus</span> <span class='ocrx_word' id='word_1_203' title='bbox 972 1511 1011 1548; x_wconf 91' lang='lat' dir='ltr'>id</span> <span class='ocrx_word' id='word_1_204' title='bbox 1031 1518 1194 1562; x_wconf 85' lang='lat' dir='ltr'>patrare,</span> <span class='ocrx_word' id='word_1_205' title='bbox 1210 1524 1277 1562; x_wconf 89' lang='lat' dir='ltr'>per</span> <span class='ocrx_word' id='word_1_206' title='bbox 1296 1509 1399 1561; x_wconf 90' lang='lat' dir='ltr'>quod</span> <span class='ocrx_word' id='word_1_207' title='bbox 1424 1510 1462 1547; x_wconf 90' lang='lat' dir='ltr'>in</span> <span class='ocrx_word' id='word_1_208' title='bbox 1483 1523 1545 1547; x_wconf 90' lang='lat' dir='ltr'>su-</span> 
     </span>
     <span class='ocr_line' id='line_1_23' title="bbox 108 1570 1546 1622; baseline -0.002 -12"><span class='ocrx_word' id='word_1_209' title='bbox 108 1572 291 1622; x_wconf 90' lang='lat' dir='ltr'>spiciones</span> <span class='ocrx_word' id='word_1_210' title='bbox 307 1573 546 1619; x_wconf 88' lang='lat' dir='ltr'>incurrerem,</span> <span class='ocrx_word' id='word_1_211' title='bbox 558 1573 660 1610; x_wconf 87' lang='lat' dir='ltr'>haud</span> <span class='ocrx_word' id='word_1_212' title='bbox 682 1573 816 1611; x_wconf 90' lang='lat' dir='ltr'>dubias</span> <span class='ocrx_word' id='word_1_213' title='bbox 832 1572 913 1610; x_wconf 88' lang='lat' dir='ltr'>illas</span> <span class='ocrx_word' id='word_1_214' title='bbox 929 1579 967 1610; x_wconf 91' lang='lat' dir='ltr'>et</span> <span class='ocrx_word' id='word_1_215' title='bbox 985 1572 1083 1609; x_wconf 92' lang='lat' dir='ltr'>ultro</span> <span class='ocrx_word' id='word_1_216' title='bbox 1103 1570 1332 1609; x_wconf 74' lang='lat' dir='ltr'>arcessitas?</span> <span class='ocrx_word' id='word_1_217' title='bbox 1387 1571 1546 1608; x_wconf 88' lang='lat' dir='ltr'>Prorsus</span> 
     </span>
     <span class='ocr_line' id='line_1_24' title="bbox 108 1631 1548 1679; baseline -0.001 -9"><span class='ocrx_word' id='word_1_218' title='bbox 108 1633 182 1671; x_wconf 92' lang='lat' dir='ltr'>hoc</span> <span class='ocrx_word' id='word_1_219' title='bbox 202 1633 390 1672; x_wconf 85' lang='lat' dir='ltr'>abhorret.</span> <span class='ocrx_word' id='word_1_220' title='bbox 446 1634 545 1671; x_wconf 88' lang='lat' dir='ltr'>Nam</span> <span class='ocrx_word' id='word_1_221' title='bbox 565 1635 593 1671; x_wconf 89' lang='lat' dir='ltr'>si</span> <span class='ocrx_word' id='word_1_222' title='bbox 612 1634 804 1679; x_wconf 86' lang='lat' dir='ltr'>fecissem,</span> <span class='ocrx_word' id='word_1_223' title='bbox 824 1646 981 1671; x_wconf 84' lang='lat' dir='ltr'>necesse</span> <span class='ocrx_word' id='word_1_224' title='bbox 1000 1642 1081 1671; x_wconf 87' lang='lat' dir='ltr'>erat</span> <span class='ocrx_word' id='word_1_225' title='bbox 1110 1631 1226 1670; x_wconf 83' lang='lat' dir='ltr'>caedis</span> <span class='ocrx_word' id='word_1_226' title='bbox 1259 1640 1451 1670; x_wconf 88' lang='lat' dir='ltr'>auctorem</span> <span class='ocrx_word' id='word_1_227' title='bbox 1482 1637 1548 1668; x_wconf 90' lang='lat' dir='ltr'>aut</span> 
     </span>
     <span class='ocr_line' id='line_1_25' title="bbox 107 1692 1548 1746; baseline -0.001 -15"><span class='ocrx_word' id='word_1_228' title='bbox 107 1695 342 1733; x_wconf 87' lang='lat' dir='ltr'>innotescere</span> <span class='ocrx_word' id='word_1_229' title='bbox 364 1703 430 1733; x_wconf 88' lang='lat' dir='ltr'>aut</span> <span class='ocrx_word' id='word_1_230' title='bbox 448 1696 619 1746; x_wconf 89' lang='lat' dir='ltr'>ignotum</span> <span class='ocrx_word' id='word_1_231' title='bbox 639 1707 790 1732; x_wconf 88' lang='lat' dir='ltr'>manere</span> <span class='ocrx_word' id='word_1_232' title='bbox 807 1708 814 1732; x_wconf 92' lang='lat'>:</span> <span class='ocrx_word' id='word_1_233' title='bbox 845 1695 873 1732; x_wconf 84' lang='lat' dir='ltr'>si</span> <span class='ocrx_word' id='word_1_234' title='bbox 890 1695 1150 1738; x_wconf 82' lang='lat' dir='ltr'>innotuissem,</span> <span class='ocrx_word' id='word_1_235' title='bbox 1164 1693 1336 1730; x_wconf 88' lang='lat' dir='ltr'>funditus</span> <span class='ocrx_word' id='word_1_236' title='bbox 1350 1692 1548 1743; x_wconf 90' lang='lat' dir='ltr'>perieram,</span> 
     </span>
     <span class='ocr_line' id='line_1_26' title="bbox 109 1754 1547 1807; baseline -0.001 -15"><span class='ocrx_word' id='word_1_237' title='bbox 109 1757 189 1807; x_wconf 89' lang='lat' dir='ltr'>ipsa</span> <span class='ocrx_word' id='word_1_238' title='bbox 212 1757 389 1795; x_wconf 87' lang='lat' dir='ltr'>facinoris</span> <span class='ocrx_word' id='word_1_239' title='bbox 419 1757 616 1795; x_wconf 88' lang='lat' dir='ltr'>atrocitate</span> <span class='ocrx_word' id='word_1_240' title='bbox 644 1770 703 1794; x_wconf 91' lang='lat' dir='ltr'>me</span> <span class='ocrx_word' id='word_1_241' title='bbox 736 1756 940 1807; x_wconf 77' lang='lat' dir='ltr'>jugulante</span> <span class='ocrx_word' id='word_1_242' title='bbox 956 1773 966 1801; x_wconf 90' lang='grc'>;</span> <span class='ocrx_word' id='word_1_243' title='bbox 994 1756 1051 1793; x_wconf 86' lang='lat' dir='ltr'>sin</span> <span class='ocrx_word' id='word_1_244' title='bbox 1081 1762 1210 1793; x_wconf 88' lang='lat' dir='ltr'>autern</span> <span class='ocrx_word' id='word_1_245' title='bbox 1240 1754 1390 1792; x_wconf 85' lang='lat' dir='ltr'>facinus</span> <span class='ocrx_word' id='word_1_246' title='bbox 1424 1767 1547 1791; x_wconf 85' lang='lat' dir='ltr'>meum</span> 
     </span>
     <span class='ocr_line' id='line_1_27' title="bbox 107 1815 1547 1868; baseline -0.003 -13"><span class='ocrx_word' id='word_1_247' title='bbox 107 1818 205 1855; x_wconf 91' lang='lat' dir='ltr'>clam</span> <span class='ocrx_word' id='word_1_248' title='bbox 227 1818 440 1863; x_wconf 88' lang='lat' dir='ltr'>mansisset,</span> <span class='ocrx_word' id='word_1_249' title='bbox 467 1824 591 1855; x_wconf 90' lang='lat' dir='ltr'>certus</span> <span class='ocrx_word' id='word_1_250' title='bbox 616 1825 742 1855; x_wconf 91' lang='lat' dir='ltr'>tamen</span> <span class='ocrx_word' id='word_1_251' title='bbox 771 1831 871 1855; x_wconf 85' lang='lat' dir='ltr'>eram</span> <span class='ocrx_word' id='word_1_252' title='bbox 902 1818 1136 1868; x_wconf 87' lang='lat' dir='ltr'>suspiciones</span> <span class='ocrx_word' id='word_1_253' title='bbox 1164 1815 1360 1853; x_wconf 88' lang='lat' dir='ltr'>hominum</span> <span class='ocrx_word' id='word_1_254' title='bbox 1379 1815 1547 1853; x_wconf 90' lang='lat' dir='ltr'>omnium</span> 
     </span>
     <span class='ocr_line' id='line_1_28' title="bbox 109 1877 1548 1930; baseline -0.001 -15"><span class='ocrx_word' id='word_1_255' title='bbox 109 1879 146 1916; x_wconf 92' lang='lat' dir='ltr'>in</span> <span class='ocrx_word' id='word_1_256' title='bbox 166 1892 226 1917; x_wconf 91' lang='lat' dir='ltr'>me</span> <span class='ocrx_word' id='word_1_257' title='bbox 244 1892 331 1917; x_wconf 92' lang='lat' dir='ltr'>esse</span> <span class='ocrx_word' id='word_1_258' title='bbox 349 1879 595 1917; x_wconf 84' lang='lat' dir='ltr'>incubituras.</span> <span class='ocrx_word' id='word_1_259' title='bbox 650 1878 793 1930; x_wconf 86' lang='lat' dir='ltr'>Injuria</span> <span class='ocrx_word' id='word_1_260' title='bbox 811 1878 899 1916; x_wconf 87' lang='lat' dir='ltr'>mihi</span> <span class='ocrx_word' id='word_1_261' title='bbox 919 1879 1048 1929; x_wconf 88' lang='lat' dir='ltr'>utique</span> <span class='ocrx_word' id='word_1_262' title='bbox 1075 1879 1118 1915; x_wconf 90' lang='lat' dir='ltr'>fit</span> <span class='ocrx_word' id='word_1_263' title='bbox 1144 1877 1301 1927; x_wconf 85' lang='lat' dir='ltr'>indigna</span> <span class='ocrx_word' id='word_1_264' title='bbox 1331 1884 1370 1914; x_wconf 89' lang='lat' dir='ltr'>et</span> <span class='ocrx_word' id='word_1_265' title='bbox 1394 1877 1548 1914; x_wconf 88' lang='lat' dir='ltr'>misera-</span> 
     </span>
     <span class='ocr_line' id='line_1_29' title="bbox 108 1939 1549 1993; baseline 0 -15"><span class='ocrx_word' id='word_1_266' title='bbox 108 1941 208 1987; x_wconf 90' lang='lat' dir='ltr'>bilis,</span> <span class='ocrx_word' id='word_1_267' title='bbox 236 1941 301 1993; x_wconf 91' lang='lat' dir='ltr'>qui</span> <span class='ocrx_word' id='word_1_268' title='bbox 328 1955 457 1991; x_wconf 78' lang='lat' dir='ltr'>cogar,</span> <span class='ocrx_word' id='word_1_269' title='bbox 477 1954 553 1979; x_wconf 90' lang='lat' dir='ltr'>non</span> <span class='ocrx_word' id='word_1_270' title='bbox 578 1941 693 1979; x_wconf 89' lang='lat' dir='ltr'>modo</span> <span class='ocrx_word' id='word_1_271' title='bbox 714 1954 774 1979; x_wconf 90' lang='lat' dir='ltr'>me</span> <span class='ocrx_word' id='word_1_272' title='bbox 801 1955 977 1992; x_wconf 83' lang='lat' dir='ltr'>purgare,</span> <span class='ocrx_word' id='word_1_273' title='bbox 995 1941 1062 1979; x_wconf 92' lang='lat' dir='ltr'>sed</span> <span class='ocrx_word' id='word_1_274' title='bbox 1082 1941 1194 1978; x_wconf 90' lang='lat' dir='ltr'>etiam</span> <span class='ocrx_word' id='word_1_275' title='bbox 1213 1939 1424 1977; x_wconf 87' lang='lat' dir='ltr'>homicidas</span> <span class='ocrx_word' id='word_1_276' title='bbox 1454 1952 1549 1990; x_wconf 88' lang='lat' dir='ltr'>quos</span> 
     </span>
     <span class='ocr_line' id='line_1_30' title="bbox 109 2001 1549 2053; baseline 0.001 -15"><span class='ocrx_word' id='word_1_277' title='bbox 109 2001 243 2051; x_wconf 86' lang='lat' dir='ltr'>ignoro</span> <span class='ocrx_word' id='word_1_278' title='bbox 262 2002 454 2040; x_wconf 88' lang='lat' dir='ltr'>indicare:</span> <span class='ocrx_word' id='word_1_279' title='bbox 485 2002 588 2052; x_wconf 93' lang='lat' dir='ltr'>quod</span> <span class='ocrx_word' id='word_1_280' title='bbox 615 2002 765 2040; x_wconf 86' lang='lat' dir='ltr'>tametsi</span> <span class='ocrx_word' id='word_1_281' title='bbox 792 2002 1019 2053; x_wconf 86' lang='lat' dir='ltr'>perarduum</span> <span class='ocrx_word' id='word_1_282' title='bbox 1053 2009 1094 2040; x_wconf 91' lang='lat' dir='ltr'>et</span> <span class='ocrx_word' id='word_1_283' title='bbox 1125 2014 1236 2052; x_wconf 80' lang='lat' dir='ltr'>paene</span> <span class='ocrx_word' id='word_1_284' title='bbox 1267 2007 1449 2051; x_wconf 82' lang='lat' dir='ltr'>negatum</span> <span class='ocrx_word' id='word_1_285' title='bbox 1477 2008 1549 2046; x_wconf 92' lang='lat' dir='ltr'>est,</span> 
     </span>
     <span class='ocr_line' id='line_1_31' title="bbox 109 2061 1549 2113; baseline -0.001 -13"><span class='ocrx_word' id='word_1_286' title='bbox 109 2063 275 2100; x_wconf 82' lang='lat' dir='ltr'>conabor</span> <span class='ocrx_word' id='word_1_287' title='bbox 292 2068 420 2100; x_wconf 88' lang='lat' dir='ltr'>tamen</span> <span class='ocrx_word' id='word_1_288' title='bbox 435 2062 510 2100; x_wconf 89' lang='lat' dir='ltr'>hoc</span> <span class='ocrx_word' id='word_1_289' title='bbox 525 2076 675 2113; x_wconf 88' lang='lat' dir='ltr'>quoque</span> <span class='ocrx_word' id='word_1_290' title='bbox 694 2064 831 2101; x_wconf 85' lang='lat' dir='ltr'>facere.</span> <span class='ocrx_word' id='word_1_291' title='bbox 880 2063 1100 2101; x_wconf 86' lang='lat' dir='ltr'>Necessitas</span> <span class='ocrx_word' id='word_1_292' title='bbox 1115 2063 1229 2107; x_wconf 89' lang='lat' dir='ltr'>enim,</span> <span class='ocrx_word' id='word_1_293' title='bbox 1245 2069 1286 2099; x_wconf 88' lang='lat' dir='ltr'>ut</span> <span class='ocrx_word' id='word_1_294' title='bbox 1300 2062 1334 2099; x_wconf 93' lang='lat' dir='ltr'>in</span> <span class='ocrx_word' id='word_1_295' title='bbox 1350 2061 1549 2112; x_wconf 90' lang='lat' dir='ltr'>proverbio</span> 
     </span>
     <span class='ocr_line' id='line_1_32' title="bbox 110 2122 1550 2169; baseline -0.001 -7"><span class='ocrx_word' id='word_1_296' title='bbox 110 2125 240 2169; x_wconf 85' lang='lat' dir='ltr'>fertur,</span> <span class='ocrx_word' id='word_1_297' title='bbox 272 2123 433 2162; x_wconf 87' lang='lat' dir='ltr'>telorum</span> <span class='ocrx_word' id='word_1_298' title='bbox 465 2123 632 2160; x_wconf 91' lang='lat' dir='ltr'>omnium</span> <span class='ocrx_word' id='word_1_299' title='bbox 662 2130 719 2161; x_wconf 84' lang='lat' dir='ltr'>est</span> <span class='ocrx_word' id='word_1_300' title='bbox 746 2124 981 2161; x_wconf 88' lang='lat' dir='ltr'>acerrimum.</span> <span class='ocrx_word' id='word_1_301' title='bbox 1038 2125 1315 2161; x_wconf 83' lang='lat' dir='ltr'>Accusatorem</span> <span class='ocrx_word' id='word_1_302' title='bbox 1345 2122 1418 2160; x_wconf 90' lang='lat' dir='ltr'>alio</span> <span class='ocrx_word' id='word_1_303' title='bbox 1436 2122 1550 2160; x_wconf 91' lang='lat' dir='ltr'>modo</span> 
     </span>
     <span class='ocr_line' id='line_1_33' title="bbox 110 2184 1549 2236; baseline 0 -14"><span class='ocrx_word' id='word_1_304' title='bbox 110 2185 291 2236; x_wconf 86' lang='lat' dir='ltr'>repellere</span> <span class='ocrx_word' id='word_1_305' title='bbox 316 2198 392 2223; x_wconf 92' lang='lat' dir='ltr'>non</span> <span class='ocrx_word' id='word_1_306' title='bbox 412 2197 586 2235; x_wconf 88' lang='lat' dir='ltr'>possum,</span> <span class='ocrx_word' id='word_1_307' title='bbox 604 2197 718 2235; x_wconf 87' lang='lat' dir='ltr'>quam</span> <span class='ocrx_word' id='word_1_308' title='bbox 749 2194 1014 2235; x_wconf 85' lang='lat' dir='ltr'>argumentum</span> <span class='ocrx_word' id='word_1_309' title='bbox 1045 2185 1127 2236; x_wconf 88' lang='lat' dir='ltr'>ejus</span> <span class='ocrx_word' id='word_1_310' title='bbox 1151 2184 1388 2222; x_wconf 87' lang='lat' dir='ltr'>invertendo.</span> <span class='ocrx_word' id='word_1_311' title='bbox 1445 2185 1549 2223; x_wconf 81' lang='lat' dir='ltr'>Con-</span> 
     </span>
     <span class='ocr_line' id='line_1_34' title="bbox 109 2245 1549 2296; baseline -0.001 -11"><span class='ocrx_word' id='word_1_312' title='bbox 109 2247 290 2285; x_wconf 90' lang='lat' dir='ltr'>cludebat</span> <span class='ocrx_word' id='word_1_313' title='bbox 307 2247 379 2284; x_wconf 87' lang='lat' dir='ltr'>sic:</span> <span class='ocrx_word' id='word_1_314' title='bbox 409 2245 487 2283; x_wconf 88' lang='lat' dir='ltr'>fieri</span> <span class='ocrx_word' id='word_1_315' title='bbox 505 2246 650 2296; x_wconf 84' lang='lat' dir='ltr'>nequit,</span> <span class='ocrx_word' id='word_1_316' title='bbox 670 2252 712 2283; x_wconf 90' lang='lat' dir='ltr'>ut</span> <span class='ocrx_word' id='word_1_317' title='bbox 743 2247 995 2284; x_wconf 84' lang='lat' dir='ltr'>exanimatum</span> <span class='ocrx_word' id='word_1_318' title='bbox 1026 2254 1091 2284; x_wconf 88' lang='lat' dir='ltr'>aut</span> <span class='ocrx_word' id='word_1_319' title='bbox 1115 2246 1283 2284; x_wconf 85' lang='lat' dir='ltr'>latrones</span> <span class='ocrx_word' id='word_1_320' title='bbox 1311 2253 1377 2284; x_wconf 88' lang='lat' dir='ltr'>aut</span> <span class='ocrx_word' id='word_1_321' title='bbox 1404 2245 1549 2285; x_wconf 84' lang='lat' dir='ltr'>rixosus</span> 
     </span>
     <span class='ocr_line' id='line_1_35' title="bbox 109 2307 1549 2360; baseline -0.001 -14"><span class='ocrx_word' id='word_1_322' title='bbox 109 2308 264 2360; x_wconf 88' lang='lat' dir='ltr'>quidam</span> <span class='ocrx_word' id='word_1_323' title='bbox 278 2314 475 2358; x_wconf 88' lang='lat' dir='ltr'>compotor</span> <span class='ocrx_word' id='word_1_324' title='bbox 495 2312 561 2345; x_wconf 85' lang='lat' dir='ltr'>aut</span> <span class='ocrx_word' id='word_1_325' title='bbox 581 2307 677 2345; x_wconf 88' lang='lat' dir='ltr'>alius</span> <span class='ocrx_word' id='word_1_326' title='bbox 699 2307 835 2358; x_wconf 89' lang='lat' dir='ltr'>aliquis</span> <span class='ocrx_word' id='word_1_327' title='bbox 857 2308 1094 2358; x_wconf 89' lang='lat' dir='ltr'>importunus</span> <span class='ocrx_word' id='word_1_328' title='bbox 1115 2308 1340 2345; x_wconf 85' lang='lat' dir='ltr'>convitiator</span> <span class='ocrx_word' id='word_1_329' title='bbox 1359 2314 1425 2346; x_wconf 88' lang='lat' dir='ltr'>aut</span> <span class='ocrx_word' id='word_1_330' title='bbox 1444 2308 1549 2346; x_wconf 87' lang='lat' dir='ltr'>deni—</span> 
     </span>
     <span class='ocr_line' id='line_1_36' title="bbox 107 2368 1551 2420; baseline 0.001 -14"><span class='ocrx_word' id='word_1_331' title='bbox 107 2382 182 2420; x_wconf 86' lang='lat' dir='ltr'>que</span> <span class='ocrx_word' id='word_1_332' title='bbox 195 2368 386 2420; x_wconf 82' lang='lat' dir='ltr'>jaculator</span> <span class='ocrx_word' id='word_1_333' title='bbox 410 2381 432 2406; x_wconf 90' lang='lat' dir='ltr'>a</span> <span class='ocrx_word' id='word_1_334' title='bbox 445 2375 549 2407; x_wconf 87' lang='lat' dir='ltr'>meta</span> <span class='ocrx_word' id='word_1_335' title='bbox 567 2369 744 2407; x_wconf 85' lang='lat' dir='ltr'>aberrans</span> <span class='ocrx_word' id='word_1_336' title='bbox 759 2368 982 2419; x_wconf 88' lang='lat' dir='ltr'>peremerit;</span> <span class='ocrx_word' id='word_1_337' title='bbox 1013 2381 1115 2419; x_wconf 85' lang='lat' dir='ltr'>ergo,</span> <span class='ocrx_word' id='word_1_338' title='bbox 1136 2368 1270 2419; x_wconf 89' lang='lat' dir='ltr'>inquit,</span> <span class='ocrx_word' id='word_1_339' title='bbox 1289 2369 1351 2406; x_wconf 91' lang='lat' dir='ltr'>hic</span> <span class='ocrx_word' id='word_1_340' title='bbox 1379 2369 1551 2420; x_wconf 88' lang='lat' dir='ltr'>peremit,</span> 
     </span>
     <span class='ocr_line' id='line_1_37' title="bbox 107 2428 1550 2480; baseline 0.001 -13"><span class='ocrx_word' id='word_1_341' title='bbox 107 2442 168 2467; x_wconf 87' lang='lat' dir='ltr'>me</span> <span class='ocrx_word' id='word_1_342' title='bbox 186 2430 466 2476; x_wconf 82' lang='lat' dir='ltr'>demonstrans,</span> <span class='ocrx_word' id='word_1_343' title='bbox 485 2436 524 2467; x_wconf 90' lang='lat' dir='ltr'>et</span> <span class='ocrx_word' id='word_1_344' title='bbox 540 2428 663 2480; x_wconf 87' lang='lat' dir='ltr'>ipsum</span> <span class='ocrx_word' id='word_1_345' title='bbox 683 2429 815 2467; x_wconf 88' lang='lat' dir='ltr'>mortis</span> <span class='ocrx_word' id='word_1_346' title='bbox 836 2442 955 2479; x_wconf 83' lang='lat' dir='ltr'>genus</span> <span class='ocrx_word' id='word_1_347' title='bbox 974 2428 1129 2474; x_wconf 84' lang='lat' dir='ltr'>clamat,</span> <span class='ocrx_word' id='word_1_348' title='bbox 1158 2429 1260 2467; x_wconf 91' lang='lat' dir='ltr'>hunc</span> <span class='ocrx_word' id='word_1_349' title='bbox 1277 2429 1428 2468; x_wconf 88' lang='lat' dir='ltr'>fecisse.</span> <span class='ocrx_word' id='word_1_350' title='bbox 1484 2431 1550 2468; x_wconf 91' lang='lat' dir='ltr'>In-</span> 
     </span>
     <span class='ocr_line' id='line_1_38' title="bbox 111 2490 1552 2542; baseline 0.002 -15"><span class='ocrx_word' id='word_1_351' title='bbox 111 2497 253 2528; x_wconf 89' lang='lat' dir='ltr'>vertam</span> <span class='ocrx_word' id='word_1_352' title='bbox 272 2496 538 2542; x_wconf 82' lang='lat' dir='ltr'>argumentum</span> <span class='ocrx_word' id='word_1_353' title='bbox 556 2491 644 2535; x_wconf 92' lang='lat' dir='ltr'>hoc,</span> <span class='ocrx_word' id='word_1_354' title='bbox 667 2490 722 2527; x_wconf 91' lang='lat' dir='ltr'>sic</span> <span class='ocrx_word' id='word_1_355' title='bbox 739 2490 1030 2528; x_wconf 84' lang='lat' dir='ltr'>concludendo:</span> <span class='ocrx_word' id='word_1_356' title='bbox 1061 2490 1093 2527; x_wconf 88' lang='lat' dir='ltr'>si</span> <span class='ocrx_word' id='word_1_357' title='bbox 1121 2503 1279 2528; x_wconf 86' lang='lat' dir='ltr'>necesse</span> <span class='ocrx_word' id='word_1_358' title='bbox 1307 2498 1377 2537; x_wconf 90' lang='lat' dir='ltr'>est,</span> <span class='ocrx_word' id='word_1_359' title='bbox 1408 2499 1451 2529; x_wconf 89' lang='lat' dir='ltr'>ut</span> <span class='ocrx_word' id='word_1_360' title='bbox 1478 2506 1552 2542; x_wconf 87' lang='lat' dir='ltr'>ego</span> 
     </span>
     <span class='ocr_line' id='line_1_39' title="bbox 110 2546 1550 2602; baseline 0.002 -14"><span class='ocrx_word' id='word_1_361' title='bbox 110 2551 299 2589; x_wconf 87' lang='lat' dir='ltr'>homicida</span> <span class='ocrx_word' id='word_1_362' title='bbox 325 2552 394 2589; x_wconf 88' lang='lat' dir='ltr'>sim</span> <span class='ocrx_word' id='word_1_363' title='bbox 421 2552 521 2598; x_wconf 90' lang='lat' dir='ltr'>ideo,</span> <span class='ocrx_word' id='word_1_364' title='bbox 548 2551 651 2602; x_wconf 89' lang='lat' dir='ltr'>quod</span> <span class='ocrx_word' id='word_1_365' title='bbox 683 2551 768 2589; x_wconf 91' lang='lat' dir='ltr'>illos</span> <span class='ocrx_word' id='word_1_366' title='bbox 793 2552 900 2589; x_wconf 86' lang='lat' dir='ltr'>haud</span> <span class='ocrx_word' id='word_1_367' title='bbox 927 2546 1121 2602; x_wconf 75' lang='lat' dir='ltr'>probabile</span> <span class='ocrx_word' id='word_1_368' title='bbox 1147 2553 1196 2590; x_wconf 86' lang='lat' dir='ltr'>sit</span> <span class='ocrx_word' id='word_1_369' title='bbox 1222 2552 1375 2597; x_wconf 85' lang='lat' dir='ltr'>fecisse,</span> <span class='ocrx_word' id='word_1_370' title='bbox 1393 2566 1550 2592; x_wconf 89' lang='lat' dir='ltr'>necesse</span> 
     </span>
     <span class='ocr_line' id='line_1_40' title="bbox 111 2613 1553 2664; baseline 0.003 -15"><span class='ocrx_word' id='word_1_371' title='bbox 111 2625 239 2650; x_wconf 88' lang='lat' dir='ltr'>rursus</span> <span class='ocrx_word' id='word_1_372' title='bbox 260 2613 328 2650; x_wconf 89' lang='lat' dir='ltr'>erit</span> <span class='ocrx_word' id='word_1_373' title='bbox 345 2626 406 2651; x_wconf 89' lang='lat' dir='ltr'>me</span> <span class='ocrx_word' id='word_1_374' title='bbox 425 2613 579 2651; x_wconf 91' lang='lat' dir='ltr'>crimine</span> <span class='ocrx_word' id='word_1_375' title='bbox 605 2625 753 2659; x_wconf 89' lang='lat' dir='ltr'>vacare,</span> <span class='ocrx_word' id='word_1_376' title='bbox 780 2613 811 2650; x_wconf 89' lang='lat' dir='ltr'>si</span> <span class='ocrx_word' id='word_1_377' title='bbox 839 2614 994 2664; x_wconf 88' lang='lat' dir='ltr'>planum</span> <span class='ocrx_word' id='word_1_378' title='bbox 1022 2615 1161 2659; x_wconf 88' lang='lat' dir='ltr'>fecero,</span> <span class='ocrx_word' id='word_1_379' title='bbox 1184 2615 1268 2652; x_wconf 88' lang='lat' dir='ltr'>illos</span> <span class='ocrx_word' id='word_1_380' title='bbox 1289 2614 1473 2664; x_wconf 85' lang='lat' dir='ltr'>probabili</span> <span class='ocrx_word' id='word_1_381' title='bbox 1491 2628 1553 2653; x_wconf 90' lang='lat' dir='ltr'>su-</span> 
     </span>
     <span class='ocr_line' id='line_1_41' title="bbox 113 2674 1548 2726; baseline 0.002 -15"><span class='ocrx_word' id='word_1_382' title='bbox 113 2674 278 2724; x_wconf 88' lang='lat' dir='ltr'>spicione</span> <span class='ocrx_word' id='word_1_383' title='bbox 294 2675 473 2712; x_wconf 89' lang='lat' dir='ltr'>facinoris</span> <span class='ocrx_word' id='word_1_384' title='bbox 491 2675 630 2725; x_wconf 87' lang='lat' dir='ltr'>urgeri.</span> <span class='ocrx_word' id='word_1_385' title='bbox 687 2674 843 2725; x_wconf 83' lang='lat' dir='ltr'>Negant</span> <span class='ocrx_word' id='word_1_386' title='bbox 865 2675 903 2712; x_wconf 91' lang='lat' dir='ltr'>hi</span> <span class='ocrx_word' id='word_1_387' title='bbox 930 2676 1123 2726; x_wconf 86' lang='lat' dir='ltr'>probabile</span> <span class='ocrx_word' id='word_1_388' title='bbox 1142 2689 1241 2720; x_wconf 88' lang='lat' dir='ltr'>esse,</span> <span class='ocrx_word' id='word_1_389' title='bbox 1261 2674 1363 2725; x_wconf 92' lang='lat' dir='ltr'>quod</span> <span class='ocrx_word' id='word_1_390' title='bbox 1389 2687 1463 2725; x_wconf 86' lang='lat' dir='ltr'>ego</span> <span class='ocrx_word' id='word_1_391' title='bbox 1489 2676 1548 2714; x_wconf 86' lang='lat' dir='ltr'>aio</span> 
     </span>
     <span class='ocr_line' id='line_1_42' title="bbox 114 2734 1548 2788; baseline 0.003 -17"><span class='ocrx_word' id='word_1_392' title='bbox 114 2734 174 2771; x_wconf 90' lang='lat' dir='ltr'>vel</span> <span class='ocrx_word' id='word_1_393' title='bbox 191 2735 354 2774; x_wconf 87' lang='lat' dir='ltr'>maxime</span> <span class='ocrx_word' id='word_1_394' title='bbox 382 2736 574 2787; x_wconf 88' lang='lat' dir='ltr'>probabile</span> <span class='ocrx_word' id='word_1_395' title='bbox 603 2749 700 2782; x_wconf 86' lang='lat' dir='ltr'>esse,</span> <span class='ocrx_word' id='word_1_396' title='bbox 720 2744 763 2774; x_wconf 90' lang='lat' dir='ltr'>ut</span> <span class='ocrx_word' id='word_1_397' title='bbox 781 2749 917 2783; x_wconf 90' lang='lat' dir='ltr'>caesus,</span> <span class='ocrx_word' id='word_1_398' title='bbox 937 2737 1026 2775; x_wconf 86' lang='lat' dir='ltr'>dum</span> <span class='ocrx_word' id='word_1_399' title='bbox 1048 2743 1160 2775; x_wconf 90' lang='lat' dir='ltr'>nocte</span> <span class='ocrx_word' id='word_1_400' title='bbox 1181 2738 1412 2786; x_wconf 88' lang='lat' dir='ltr'>intempesta</span> <span class='ocrx_word' id='word_1_401' title='bbox 1431 2750 1548 2788; x_wconf 81' lang='lat' dir='ltr'>vaga-</span> 
     </span>
     <span class='ocr_line' id='line_1_43' title="bbox 114 2796 1548 2851; baseline 0.004 -20"><span class='ocrx_word' id='word_1_402' title='bbox 114 2801 216 2832; x_wconf 90' lang='lat' dir='ltr'>retur</span> <span class='ocrx_word' id='word_1_403' title='bbox 233 2796 394 2834; x_wconf 90' lang='lat' dir='ltr'>incertus</span> <span class='ocrx_word' id='word_1_404' title='bbox 410 2810 486 2847; x_wconf 92' lang='lat' dir='ltr'>quo</span> <span class='ocrx_word' id='word_1_405' title='bbox 505 2797 587 2844; x_wconf 89' lang='lat' dir='ltr'>iret,</span> <span class='ocrx_word' id='word_1_406' title='bbox 613 2811 635 2836; x_wconf 90' lang='lat' dir='ltr'>a</span> <span class='ocrx_word' id='word_1_407' title='bbox 654 2797 925 2836; x_wconf 86' lang='lat' dir='ltr'>manticulariis</span> <span class='ocrx_word' id='word_1_408' title='bbox 949 2798 1234 2843; x_wconf 85' lang='lat' dir='ltr'>confoderetur,</span> <span class='ocrx_word' id='word_1_409' title='bbox 1260 2799 1418 2836; x_wconf 87' lang='lat' dir='ltr'>vestium</span> <span class='ocrx_word' id='word_1_410' title='bbox 1442 2800 1548 2851; x_wconf 88' lang='lat' dir='ltr'>cupi-</span> 
     </span>
     <span class='ocr_line' id='line_1_44' title="bbox 116 2855 1547 2909; baseline 0.003 -17"><span class='ocrx_word' id='word_1_411' title='bbox 116 2855 233 2893; x_wconf 86' lang='lat' dir='ltr'>ditate</span> <span class='ocrx_word' id='word_1_412' title='bbox 247 2855 393 2895; x_wconf 86' lang='lat' dir='ltr'>illectis.</span> <span class='ocrx_word' id='word_1_413' title='bbox 449 2858 548 2896; x_wconf 88' lang='lat' dir='ltr'>Nam</span> <span class='ocrx_word' id='word_1_414' title='bbox 563 2858 662 2909; x_wconf 89' lang='lat' dir='ltr'>quod</span> <span class='ocrx_word' id='word_1_415' title='bbox 684 2859 852 2896; x_wconf 87' lang='lat' dir='ltr'>vestibus</span> <span class='ocrx_word' id='word_1_416' title='bbox 873 2858 1022 2909; x_wconf 86' lang='lat' dir='ltr'>spoliati</span> <span class='ocrx_word' id='word_1_417' title='bbox 1034 2862 1208 2907; x_wconf 87' lang='lat' dir='ltr'>jacentes</span> <span class='ocrx_word' id='word_1_418' title='bbox 1227 2871 1302 2895; x_wconf 91' lang='lat' dir='ltr'>non</span> <span class='ocrx_word' id='word_1_419' title='bbox 1323 2859 1473 2904; x_wconf 84' lang='lat' dir='ltr'>fuerint,</span> <span class='ocrx_word' id='word_1_420' title='bbox 1498 2873 1547 2897; x_wconf 87' lang='lat' dir='ltr'>ex</span> 
     </span>
     <span class='ocr_line' id='line_1_45' title="bbox 116 2916 1549 2971; baseline 0.003 -17"><span class='ocrx_word' id='word_1_421' title='bbox 116 2929 162 2954; x_wconf 92' lang='lat' dir='ltr'>eo</span> <span class='ocrx_word' id='word_1_422' title='bbox 182 2916 271 2954; x_wconf 86' lang='lat' dir='ltr'>nihil</span> <span class='ocrx_word' id='word_1_423' title='bbox 292 2916 415 2968; x_wconf 86' lang='lat' dir='ltr'>colligi</span> <span class='ocrx_word' id='word_1_424' title='bbox 434 2925 583 2969; x_wconf 87' lang='lat' dir='ltr'>potest:</span> <span class='ocrx_word' id='word_1_425' title='bbox 613 2920 735 2970; x_wconf 89' lang='lat' dir='ltr'>potuit</span> <span class='ocrx_word' id='word_1_426' title='bbox 750 2919 845 2965; x_wconf 84' lang='lat' dir='ltr'>fieri,</span> <span class='ocrx_word' id='word_1_427' title='bbox 864 2926 906 2957; x_wconf 89' lang='lat' dir='ltr'>ut</span> <span class='ocrx_word' id='word_1_428' title='bbox 933 2919 1105 2957; x_wconf 88' lang='lat' dir='ltr'>homines</span> <span class='ocrx_word' id='word_1_429' title='bbox 1125 2919 1415 2958; x_wconf 84' lang='lat' dir='ltr'>intervenientes</span> <span class='ocrx_word' id='word_1_430' title='bbox 1444 2920 1549 2971; x_wconf 70' lang='lat' dir='ltr'>ipsis,</span> 
     </span>
     <span class='ocr_line' id='line_1_46' title="bbox 116 2977 1545 3030; baseline 0.003 -15"><span class='ocrx_word' id='word_1_431' title='bbox 116 2977 192 3015; x_wconf 84' lang='lat' dir='ltr'>otio</span> <span class='ocrx_word' id='word_1_432' title='bbox 211 2989 275 3015; x_wconf 83' lang='lat' dir='ltr'>eos</span> <span class='ocrx_word' id='word_1_433' title='bbox 295 2977 543 3016; x_wconf 85' lang='lat' dir='ltr'>excluderent</span> <span class='ocrx_word' id='word_1_434' title='bbox 558 2987 681 3018; x_wconf 87' lang='lat' dir='ltr'>vestes</span> <span class='ocrx_word' id='word_1_435' title='bbox 707 2979 920 3029; x_wconf 85' lang='lat' dir='ltr'>jacentibus</span> <span class='ocrx_word' id='word_1_436' title='bbox 946 2978 1219 3029; x_wconf 81' lang='lat' dir='ltr'>destringendi‚</span> <span class='ocrx_word' id='word_1_437' title='bbox 1239 2993 1396 3030; x_wconf 88' lang='lat' dir='ltr'>quorum</span> <span class='ocrx_word' id='word_1_438' title='bbox 1426 2981 1545 3019; x_wconf 89' lang='lat' dir='ltr'>homi-</span> 
     </span>
    </p>
   </div>
  </div>
 </body>
</html>
