1822 3219
538 107 762 144 CONTRA
794 106 1189 145 NICOMACHUM.
1520 108 1597 144 345

139 219 282 245 morem
313 208 467 245 sederet
499 209 531 245 is
561 214 718 246 senatus
748 208 783 244 in
813 220 889 257 quo
918 207 1077 258 Satyrus
1102 213 1141 244 et
1168 206 1358 245 Chremon
1383 208 1586 258 plurimum

136 268 328 314 valebant,
350 269 646 306 Strombichides
668 276 795 306 autem
817 275 856 306 et
874 268 1067 305 Calliades
1088 267 1225 316 aliique
1245 268 1354 305 multi
1379 269 1445 305 viri
1470 268 1587 305 fortes

137 334 250 379 atque
269 329 359 366 boni
378 330 587 378 perierunt.

187 391 226 426 4.
259 389 493 425 Mentionem
508 388 622 437 hujus
641 387 714 425 loci
732 388 910 425 fecissem
926 387 1087 433 nullam,
1103 386 1176 423 nisi
1190 386 1456 436 intelligerem,
1473 386 1588 424 Nico-

135 449 311 487 machum
330 449 402 486 hac
419 448 679 493 excusatione,
696 448 839 498 injusta
853 443 1008 496 quidem
1026 447 1092 484 illa
1109 454 1224 496 atque
1244 447 1438 490 ementita,
1457 446 1586 483 conari

133 508 372 546 severitatem
399 508 516 545 vestri
537 507 674 558 judicii
703 508 984 556 subterfugere,
1010 506 1112 556 quod
1142 506 1264 555 plebis
1297 506 1348 543 sit
1377 506 1584 543 studiosus.

134 569 256 618 Cujus
279 580 360 606 suae
378 581 470 618 erga
484 581 552 606 vos
569 567 780 606 voluntatis
800 574 1026 617 argumento
1042 574 1168 603 utetur
1183 566 1271 610 hoc,
1289 565 1393 615 quod
1408 566 1584 602 exsilium

133 629 327 666 vobiscum
353 628 599 678 participarit.
656 628 741 678 Ego
762 639 851 665 vero
881 626 984 663 haud
1010 638 1157 675 paucos
1184 626 1447 663 demonstrare
1470 632 1584 674 atque

129 689 353 726 nominatim
371 689 482 726 edere
500 688 658 738 possim,
681 688 761 738 qui,
776 686 949 737 quamvis
969 699 1125 736 operam
1144 686 1316 735 tyrannis
1339 685 1387 722 ad
1409 691 1584 722 everten-

132 749 221 786 dam
240 761 361 798 remp.
383 754 600 793 navassent,
620 747 863 785 nihilominus
885 752 1012 783 tamen
1034 747 1081 783 ab
1101 746 1193 796 ipsis
1216 746 1280 783 alii
1300 753 1420 783 morte
1449 745 1585 786 affecti,

132 808 196 845 alii
215 808 251 844 in
271 809 447 846 exsilium
468 809 542 846 aeti
561 809 729 853 fuerunt,
748 821 769 845 a
788 807 1057 845 dominationis
1078 815 1183 845 certe
1202 808 1394 845 consortio
1411 807 1582 850 exclusi3

130 874 366 918 quapropter
383 869 486 905 haud
506 869 686 906 convenit
711 868 832 906 exsilii
857 869 1117 906 tolerationem
1146 869 1179 905 ei
1209 868 1409 918 prodesse,
1430 867 1498 905 sed
1515 881 1582 905 vos

129 929 258 979 potius
284 929 396 966 decet
418 929 562 966 nullam
581 929 663 979 ejus
684 929 824 966 habere
846 929 1030 965 rationem
1051 941 1175 978 neque
1195 928 1276 979 ejus
1296 936 1472 978 respectu
1492 940 1583 978 pec-

130 991 226 1028 catis
247 990 472 1028 Nicomachi
492 991 689 1040 ignoscere
710 1002 719 1027 :
747 1002 837 1027 nam
854 989 932 1039 ipse
950 1002 1106 1039 quoque
1120 990 1156 1026 in
1172 997 1315 1040 partem
1331 990 1455 1040 culpae
1466 990 1583 1035 venit,

129 1056 169 1088 et
186 1063 254 1101 per
272 1051 397 1101 ipsum
417 1064 484 1101 pro
503 1057 610 1101 parte
631 1051 750 1101 ipsius
772 1050 867 1088 virili
886 1050 1031 1087 factum
1052 1059 1109 1087 est
1130 1058 1172 1087 ut
1192 1050 1298 1087 vobis
1327 1058 1430 1087 esset
1453 1050 1490 1087 in
1515 1063 1582 1087 ex-

129 1109 255 1147 silium
282 1111 521 1161 migrandum
538 1124 548 1154 ;
579 1118 622 1148 ut
640 1118 768 1148 autem
786 1110 857 1161 ipsi
878 1109 1034 1147 domum
1054 1110 1175 1148 redire
1195 1110 1341 1155 liceret,
1362 1110 1435 1147 hoc
1456 1110 1580 1160 plebis

127 1178 264 1208 vestrae
278 1171 514 1208 contentioni
528 1171 656 1210 debet.
706 1171 898 1208 Praeterea
915 1170 1073 1207 stultum
1089 1177 1128 1208 et
1143 1177 1250 1220 turpe
1266 1170 1328 1216 sit,
1342 1182 1410 1207 vos
1425 1170 1580 1220 quidem

128 1231 288 1280 gratiam
309 1231 341 1268 ei
362 1230 502 1267 habere
522 1230 575 1268 rei
595 1243 682 1280 quae
701 1230 785 1280 ipso
805 1230 923 1267 invito
950 1237 988 1267 et
1012 1230 1168 1267 nolente
1193 1230 1321 1267 evenit
1350 1230 1512 1280 [reditus
1544 1230 1582 1266 in

127 1290 320 1339 patriam],
338 1290 462 1340 ipsum
483 1302 572 1327 vero
597 1302 730 1340 poenas
760 1291 850 1326 dare
880 1288 1006 1327 nullas
1033 1289 1232 1327 criminum
1259 1289 1306 1326 ab
1327 1288 1411 1338 ipso
1430 1288 1582 1326 volente

127 1350 166 1388 in
186 1362 253 1388 vos
274 1350 576 1387 commissorum.

177 1413 217 1448 5.
246 1411 374 1448 Audio
402 1418 588 1461 praeterea
618 1410 899 1448 Nicomachum
925 1409 1010 1447 haec
1038 1421 1208 1459 crepare,
1229 1422 1290 1446 me
1317 1410 1475 1459 impium
1497 1421 1583 1447 esse

125 1470 192 1520 qui
219 1470 424 1521 religiones
455 1482 649 1508 sacrorum
678 1469 824 1508 tollam.
880 1469 964 1519 Ego
993 1481 1082 1506 vero
1111 1469 1182 1506 hac
1211 1469 1260 1506 de
1289 1482 1328 1506 re
1357 1469 1410 1507 sic
1439 1475 1583 1507 statuo.

127 1530 251 1579 Leges
271 1543 384 1580 super
401 1531 654 1581 descriptione
675 1531 705 1568 si
726 1531 910 1576 tulissem,
931 1530 1063 1568 liceret
1085 1530 1372 1579 quodammodo
1400 1530 1582 1568 Nicoma-

126 1590 200 1628 cho
212 1591 458 1641 istajactare:
481 1591 560 1639 jam
577 1604 664 1627 vero
677 1591 831 1640 postulo
844 1603 929 1627 eum
943 1590 1093 1639 legibus
1107 1590 1373 1627 communibus
1387 1598 1425 1627 et
1439 1590 1584 1627 dudum

125 1651 210 1688 fixis
238 1663 380 1688 morem
411 1663 555 1701 gerere.
614 1650 734 1687 Miror
765 1651 957 1687 enimvero
986 1650 1035 1695 ei,
1065 1650 1178 1687 aienti
1206 1662 1266 1687 me
1294 1651 1452 1700 impium
1477 1664 1580 1696 esse,

127 1712 192 1761 qui
223 1719 352 1749 tamen
382 1723 560 1748 censeam
590 1723 700 1748 sacra
728 1724 752 1748 a
779 1711 962 1759 kyrbibus
994 1715 1108 1760 atque
1150 1710 1255 1747 stelis
1287 1711 1471 1760 imperata
1503 1712 1584 1750 fieri

127 1771 343 1810 secundum
368 1778 483 1821 pacta
507 1771 701 1808 literarum
723 1770 980 1808 monumentis
1000 1772 1242 1819 consignata,
1261 1771 1299 1806 in
1320 1777 1487 1809 mentem
1507 1785 1585 1809 non

127 1832 276 1870 venisse
306 1840 428 1869 totam
457 1833 532 1869 hoc
563 1839 675 1882 pacto
705 1831 896 1868 civitatem
924 1844 945 1868 a
971 1843 1010 1868 se
1037 1831 1233 1868 accusari:
1267 1843 1333 1868 vos
1364 1831 1466 1868 enim
1497 1832 1582 1870 haec

125 1893 262 1932 eadem
283 1893 444 1931 decretis
463 1894 600 1930 vestris
626 1892 820 1938 sanxistis,
846 1905 934 1942 quae
959 1904 1031 1942 ego
1057 1891 1262 1929 restaurari
1289 1892 1406 1928 suasi.
1464 1892 1582 1930 Porro

126 1954 158 1991 si
186 1967 260 2000 res,
285 1967 447 2004 quarum
478 1966 552 2004 ego
579 1954 702 1991 factus
731 1965 816 1989 sum
843 1959 989 1997 auctor,
1013 1952 1080 1988 tibi
1108 1958 1243 2001 graves
1271 1958 1386 2000 atque
1412 1951 1581 2001 indignae

125 2015 315 2060 videntur,
335 2021 482 2065 quanto
501 2015 653 2064 gravius
675 2021 787 2063 atque
809 2012 1010 2050 scelestius
1037 2011 1184 2048 illorum
1206 2012 1394 2049 videbitur
1420 2012 1581 2056 facinus,

126 2076 192 2125 qui
221 2089 329 2113 sacra
357 2076 530 2113 fecerunt
566 2074 805 2112 solummodo
836 2086 856 2110 e
887 2072 1109 2123 praescripto
1139 2072 1325 2122 kyrbium'.
1383 2074 1502 2121 Atqui
1532 2072 1580 2110 de

126 2136 456 2186 pietate,judices‚
475 2149 551 2173 non
568 2149 589 2172 a
606 2134 845 2173 Nicomacho
862 2146 929 2171 vos
946 2133 1093 2170 discere
1109 2145 1196 2182 quae
1210 2132 1442 2170 conveniant
1456 2133 1580 2178 decet,

127 2197 196 2235 sed
221 2210 242 2234 e
268 2198 376 2235 factis
399 2197 587 2248 judicare.
645 2196 812 2245 Majores
841 2207 975 2244 nempe
1002 2194 1130 2237 vestri,
1159 2192 1312 2230 tametsi
1338 2206 1447 2230 sacra
1473 2193 1581 2230 nulla

127 2257 321 2295 faciebant
345 2258 419 2295 alia
443 2271 557 2308 quam
582 2270 605 2295 a
630 2257 813 2308 kyrbibus
837 2255 1075 2306 praescripta,
1104 2255 1293 2291 civitatem
1322 2262 1451 2290 tamen
1480 2254 1580 2291 hanc

126 2318 234 2356 vobis
255 2318 492 2355 tradiderunt
509 2319 732 2355 Graecarum
747 2317 918 2354 omnium
938 2315 1210 2365 amplissimam
1231 2321 1344 2363 atque
1362 2314 1581 2350 fortunati&

127 2379 260 2416 simam
278 2391 287 2416 t
313 2390 434 2428 quare
451 2379 643 2423 convenit,
659 2391 728 2416 vos
744 2378 875 2415 eadem
890 2390 1012 2422 sacra,
1030 2377 1186 2413 easdem
1203 2375 1454 2419 caerimonias,
1471 2374 1581 2418 tueri,

128 2439 160 2477 si
179 2439 323 2476 nullam
345 2439 456 2476 aliam
477 2440 526 2476 ob
547 2452 717 2484 causam,
737 2438 862 2475 saltim
882 2438 932 2474 ob
952 2436 1173 2474 felicitatem
1192 2437 1356 2472 fortunae
1383 2448 1470 2483 quae
1494 2435 1579 2471 illo-

127 2511 211 2536 rum
231 2512 421 2536 sacrorum
443 2499 753 2536 exercitationem
773 2505 982 2535 consecuta
1000 2502 1072 2534 est.
1131 2496 1252 2545 Ecqui
1271 2495 1366 2531 alius
1389 2505 1475 2530 esse
1495 2494 1578 2542 quis

127 2560 250 2610 possit
276 2560 486 2610 religiosior
516 2567 630 2610 atque
660 2559 808 2610 pietatis
837 2570 927 2608 erga
957 2558 1050 2595 deos
1081 2555 1339 2594 observantior
1365 2567 1479 2604 quam
1505 2567 1577 2604 ego

129 2633 227 2665 sum,
248 2621 311 2670 qui
331 2634 506 2659 censeam
528 2633 637 2658 sacra
656 2633 739 2658 esse
766 2619 943 2657 facienda
968 2619 1128 2669 primum
1151 2630 1170 2653 e
1189 2616 1260 2652 ritu
1282 2614 1419 2663 patrio,
1440 2614 1578 2651 deinde

128 2694 174 2718 ea
200 2694 287 2730 quae
312 2682 450 2719 civitati
480 2688 642 2733 prosunt
669 2681 837 2718 omnium
862 2681 1041 2724 maxime,
1062 2684 1141 2715 tum
1161 2689 1247 2725 quae
1268 2675 1433 2725 populus
1455 2674 1578 2720 scivit,

131 2741 296 2790 denique
322 2741 358 2778 in
387 2755 472 2791 quae
495 2743 680 2781 faciendis
705 2741 917 2792 sumptibus
944 2737 1148 2788 vectigalia
1175 2736 1326 2787 publica
1354 2734 1578 2773 sufficiunt?

128 2802 187 2838 Tu
207 2808 334 2840 autem
353 2808 487 2840 contra
505 2803 642 2851 fecisti,
658 2802 894 2842 Nicomache
910 2815 919 2839 ε
950 2813 1037 2838 nam
1057 2799 1094 2837 in
1113 2796 1370 2847 descriptione
1385 2808 1580 2855 sacrorum

811 2865 835 2898 2
865 2874 892 2897 Y
