<?xml version="1.0" encoding="UTF-8"?>
<!DOCTYPE html PUBLIC "-//W3C//DTD XHTML 1.0 Transitional//EN"
    "http://www.w3.org/TR/xhtml1/DTD/xhtml1-transitional.dtd">
<html xmlns="http://www.w3.org/1999/xhtml" xml:lang="en" lang="en">
 <head>
  <title>
</title>
<meta http-equiv="Content-Type" content="text/html;charset=utf-8" />
  <meta name='ocr-system' content='tesseract 3.04.00' />
  <meta name='ocr-capabilities' content='ocr_page ocr_carea ocr_par ocr_line ocrx_word'/>
</head>
<body>
  <div class='ocr_page' id='page_1' title='image "./oratoresatticie13dobs_0182.png"; bbox 0 0 1822 3219; ppageno 0'>
   <div class='ocr_carea' id='block_1_1' title="bbox 236 186 1056 224">
    <p class='ocr_par' dir='ltr' id='par_1_1' title="bbox 236 186 1056 224">
     <span class='ocr_line' id='line_1_1' title="bbox 236 186 1056 224; baseline -0.001 -1"><span class='ocrx_word' id='word_1_1' title='bbox 236 189 310 223; x_wconf 81' lang='lat'>170</span> <span class='ocrx_word' id='word_1_2' title='bbox 886 186 1056 224; x_wconf 68' lang='lat' dir='ltr'>LYSIAE</span> 
     </span>
    </p>
   </div>
   <div class='ocr_carea' id='block_1_2' title="bbox 189 287 1713 1081">
    <p class='ocr_par' dir='ltr' id='par_1_2' title="bbox 189 287 1713 1081">
     <span class='ocr_line' id='line_1_2' title="bbox 189 287 1704 341; baseline 0.001 -16"><span class='ocrx_word' id='word_1_3' title='bbox 189 327 195 331; x_wconf 73' lang='grc'>,</span> <span class='ocrx_word' id='word_1_4' title='bbox 235 287 506 340; x_wconf 81' lang='lat' dir='ltr'><strong>Lysimachum</strong></span> <span class='ocrx_word' id='word_1_5' title='bbox 529 288 722 326; x_wconf 88' lang='lat' dir='ltr'>salutandi</span> <span class='ocrx_word' id='word_1_6' title='bbox 738 301 857 326; x_wconf 83' lang='lat' dir='ltr'>causa</span> <span class='ocrx_word' id='word_1_7' title='bbox 872 288 1065 333; x_wconf 84' lang='lat' dir='ltr'>devertor,</span> <span class='ocrx_word' id='word_1_8' title='bbox 1088 288 1279 340; x_wconf 82' lang='lat' dir='ltr'>pauloque</span> <span class='ocrx_word' id='word_1_9' title='bbox 1300 288 1479 341; x_wconf 61' lang='lat' dir='ltr'>postiam</span> <span class='ocrx_word' id='word_1_10' title='bbox 1501 289 1704 328; x_wconf 76' lang='lat' dir='ltr'>temulenti</span> 
     </span>
     <span class='ocr_line' id='line_1_3' title="bbox 234 349 1704 402; baseline 0.001 -15"><span class='ocrx_word' id='word_1_11' title='bbox 234 351 407 388; x_wconf 86' lang='lat' dir='ltr'>eximus:</span> <span class='ocrx_word' id='word_1_12' title='bbox 438 350 492 388; x_wconf 93' lang='lat' dir='ltr'>illi</span> <span class='ocrx_word' id='word_1_13' title='bbox 522 358 649 389; x_wconf 89' lang='lat' dir='ltr'>autem</span> <span class='ocrx_word' id='word_1_14' title='bbox 677 359 934 402; x_wconf 89' lang='lat' dir='ltr'>prorumpunt</span> <span class='ocrx_word' id='word_1_15' title='bbox 954 359 993 388; x_wconf 88' lang='lat' dir='ltr'>et</span> <span class='ocrx_word' id='word_1_16' title='bbox 1012 351 1049 387; x_wconf 87' lang='lat' dir='ltr'>in</span> <span class='ocrx_word' id='word_1_17' title='bbox 1071 363 1141 388; x_wconf 91' lang='lat' dir='ltr'>nos</span> <span class='ocrx_word' id='word_1_18' title='bbox 1162 349 1349 388; x_wconf 85' lang='lat' dir='ltr'><strong>involant.</strong></span> <span class='ocrx_word' id='word_1_19' title='bbox 1408 350 1529 388; x_wconf 85' lang='lat' dir='ltr'>Erant</span> <span class='ocrx_word' id='word_1_20' title='bbox 1547 351 1704 401; x_wconf 91' lang='lat' dir='ltr'>quidem</span> 
     </span>
     <span class='ocr_line' id='line_1_4' title="bbox 236 412 1705 463; baseline 0.002 -15"><span class='ocrx_word' id='word_1_21' title='bbox 236 412 273 448; x_wconf 92' lang='lat' dir='ltr'>in</span> <span class='ocrx_word' id='word_1_22' title='bbox 293 412 359 450; x_wconf 93' lang='lat' dir='ltr'>illo</span> <span class='ocrx_word' id='word_1_23' title='bbox 379 412 496 463; x_wconf 86' lang='lat' dir='ltr'>globo</span> <span class='ocrx_word' id='word_1_24' title='bbox 517 413 714 450; x_wconf 86' lang='lat' dir='ltr'>Simonem</span> <span class='ocrx_word' id='word_1_25' title='bbox 735 412 944 450; x_wconf 83' lang='lat' dir='ltr'>comitante</span> <span class='ocrx_word' id='word_1_26' title='bbox 966 415 1029 463; x_wconf 86' lang='lat' dir='ltr'>qui</span> <span class='ocrx_word' id='word_1_27' title='bbox 1063 413 1189 450; x_wconf 88' lang='lat' dir='ltr'>scelus</span> <span class='ocrx_word' id='word_1_28' title='bbox 1218 413 1447 463; x_wconf 87' lang='lat' dir='ltr'>participare</span> <span class='ocrx_word' id='word_1_29' title='bbox 1466 422 1705 459; x_wconf 86' lang='lat' dir='ltr'>recusarent,</span> 
     </span>
     <span class='ocr_line' id='line_1_5' title="bbox 236 473 1708 525; baseline 0.002 -15"><span class='ocrx_word' id='word_1_30' title='bbox 236 473 368 512; x_wconf 85' lang='lat' dir='ltr'>Simon</span> <span class='ocrx_word' id='word_1_31' title='bbox 395 481 524 512; x_wconf 85' lang='lat' dir='ltr'>autem</span> <span class='ocrx_word' id='word_1_32' title='bbox 554 481 593 512; x_wconf 91' lang='lat' dir='ltr'>et</span> <span class='ocrx_word' id='word_1_33' title='bbox 627 473 866 524; x_wconf 83' lang='lat' dir='ltr'>Theophilus</span> <span class='ocrx_word' id='word_1_34' title='bbox 900 481 940 512; x_wconf 91' lang='lat' dir='ltr'>et</span> <span class='ocrx_word' id='word_1_35' title='bbox 972 474 1206 512; x_wconf 87' lang='lat' dir='ltr'>Protarchus</span> <span class='ocrx_word' id='word_1_36' title='bbox 1228 482 1267 512; x_wconf 90' lang='lat' dir='ltr'>et</span> <span class='ocrx_word' id='word_1_37' title='bbox 1294 474 1480 512; x_wconf 90' lang='lat' dir='ltr'>Autocles</span> <span class='ocrx_word' id='word_1_38' title='bbox 1502 475 1708 525; x_wconf 84' lang='lat' dir='ltr'><strong>raptabant</strong></span> 
     </span>
     <span class='ocr_line' id='line_1_6' title="bbox 232 535 1705 588; baseline 0.001 -16"><span class='ocrx_word' id='word_1_39' title='bbox 232 548 413 586; x_wconf 87' lang='lat' dir='ltr'>puerum,</span> <span class='ocrx_word' id='word_1_40' title='bbox 435 536 500 587; x_wconf 93' lang='lat' dir='ltr'>qui</span> <span class='ocrx_word' id='word_1_41' title='bbox 521 536 674 587; x_wconf 88' lang='lat' dir='ltr'>abjecto</span> <span class='ocrx_word' id='word_1_42' title='bbox 695 535 815 586; x_wconf 87' lang='lat' dir='ltr'>pallio</span> <span class='ocrx_word' id='word_1_43' title='bbox 834 535 873 573; x_wconf 89' lang='lat' dir='ltr'>in</span> <span class='ocrx_word' id='word_1_44' title='bbox 900 536 1033 587; x_wconf 90' lang='lat' dir='ltr'>fugam</span> <span class='ocrx_word' id='word_1_45' title='bbox 1054 549 1095 574; x_wconf 88' lang='lat' dir='ltr'>se</span> <span class='ocrx_word' id='word_1_46' title='bbox 1116 536 1370 588; x_wconf 84' lang='lat' dir='ltr'>conjiciebat:</span> <span class='ocrx_word' id='word_1_47' title='bbox 1401 550 1478 587; x_wconf 88' lang='lat' dir='ltr'>qua</span> <span class='ocrx_word' id='word_1_48' title='bbox 1511 549 1585 588; x_wconf 92' lang='lat' dir='ltr'>ego</span> <span class='ocrx_word' id='word_1_49' title='bbox 1615 550 1705 574; x_wconf 90' lang='lat' dir='ltr'>eum</span> 
     </span>
     <span class='ocr_line' id='line_1_7' title="bbox 235 597 1708 649; baseline 0.001 -16"><span class='ocrx_word' id='word_1_50' title='bbox 235 609 396 648; x_wconf 87' lang='lat' dir='ltr'>sperans</span> <span class='ocrx_word' id='word_1_51' title='bbox 417 598 654 649; x_wconf 82' lang='lat' dir='ltr'>elapsurum,</span> <span class='ocrx_word' id='word_1_52' title='bbox 671 597 742 635; x_wconf 88' lang='lat' dir='ltr'>hos</span> <span class='ocrx_word' id='word_1_53' title='bbox 764 603 909 643; x_wconf 89' lang='lat' dir='ltr'>autem,</span> <span class='ocrx_word' id='word_1_54' title='bbox 929 605 973 634; x_wconf 92' lang='lat' dir='ltr'>ut</span> <span class='ocrx_word' id='word_1_55' title='bbox 992 597 1158 648; x_wconf 90' lang='lat' dir='ltr'>primum</span> <span class='ocrx_word' id='word_1_56' title='bbox 1176 597 1397 635; x_wconf 91' lang='lat' dir='ltr'>hominibus</span> <span class='ocrx_word' id='word_1_57' title='bbox 1418 605 1551 636; x_wconf 86' lang='lat' dir='ltr'>essent</span> <span class='ocrx_word' id='word_1_58' title='bbox 1569 611 1708 636; x_wconf 88' lang='lat' dir='ltr'>occur-</span> 
     </span>
     <span class='ocr_line' id='line_1_8' title="bbox 236 658 1708 710; baseline 0.001 -15"><span class='ocrx_word' id='word_1_59' title='bbox 236 659 325 704; x_wconf 91' lang='lat' dir='ltr'>suri,</span> <span class='ocrx_word' id='word_1_60' title='bbox 361 672 383 697; x_wconf 84' lang='lat' dir='ltr'>a</span> <span class='ocrx_word' id='word_1_61' title='bbox 417 665 544 710; x_wconf 85' lang='lat' dir='ltr'>coepto</span> <span class='ocrx_word' id='word_1_62' title='bbox 575 671 661 696; x_wconf 88' lang='lat' dir='ltr'>esse</span> <span class='ocrx_word' id='word_1_63' title='bbox 696 658 921 704; x_wconf 76' lang='lat' dir='ltr'>destitui-os,</span> <span class='ocrx_word' id='word_1_64' title='bbox 942 658 1027 697; x_wconf 87' lang='lat' dir='ltr'>haec</span> <span class='ocrx_word' id='word_1_65' title='bbox 1057 658 1175 710; x_wconf 88' lang='lat' dir='ltr'>igitur</span> <span class='ocrx_word' id='word_1_66' title='bbox 1205 672 1281 710; x_wconf 88' lang='lat' dir='ltr'>ego</span> <span class='ocrx_word' id='word_1_67' title='bbox 1315 672 1475 710; x_wconf 87' lang='lat' dir='ltr'>sperans</span> <span class='ocrx_word' id='word_1_68' title='bbox 1505 660 1708 710; x_wconf 84' lang='lat' dir='ltr'>animoque.</span> 
     </span>
     <span class='ocr_line' id='line_1_9' title="bbox 237 719 1707 767; baseline 0.001 -10"><span class='ocrx_word' id='word_1_69' title='bbox 237 734 394 759; x_wconf 90' lang='lat' dir='ltr'>versans</span> <span class='ocrx_word' id='word_1_70' title='bbox 416 721 492 758; x_wconf 88' lang='lat' dir='ltr'>alia</span> <span class='ocrx_word' id='word_1_71' title='bbox 511 720 573 758; x_wconf 90' lang='lat' dir='ltr'>via</span> <span class='ocrx_word' id='word_1_72' title='bbox 603 719 876 764; x_wconf 74' lang='lat' dir='ltr'>discedebam:</span> <span class='ocrx_word' id='word_1_73' title='bbox 910 727 988 758; x_wconf 89' lang='lat' dir='ltr'>tam</span> <span class='ocrx_word' id='word_1_74' title='bbox 1020 720 1270 759; x_wconf 86' lang='lat' dir='ltr'>vehementer</span> <span class='ocrx_word' id='word_1_75' title='bbox 1301 735 1368 759; x_wconf 92' lang='lat' dir='ltr'>eos</span> <span class='ocrx_word' id='word_1_76' title='bbox 1400 723 1596 767; x_wconf 86' lang='lat' dir='ltr'>cavebam,</span> <span class='ocrx_word' id='word_1_77' title='bbox 1624 735 1707 759; x_wconf 91' lang='lat' dir='ltr'>om-</span> 
     </span>
     <span class='ocr_line' id='line_1_10' title="bbox 237 781 1711 833; baseline 0.002 -15"><span class='ocrx_word' id='word_1_78' title='bbox 237 782 377 833; x_wconf 85' lang='lat' dir='ltr'>niaque</span> <span class='ocrx_word' id='word_1_79' title='bbox 409 794 540 820; x_wconf 89' lang='lat' dir='ltr'>eorum</span> <span class='ocrx_word' id='word_1_80' title='bbox 575 788 701 832; x_wconf 89' lang='lat' dir='ltr'>coepta</span> <span class='ocrx_word' id='word_1_81' title='bbox 729 794 915 832; x_wconf 85' lang='lat' dir='ltr'>magnum</span> <span class='ocrx_word' id='word_1_82' title='bbox 936 781 1024 819; x_wconf 91' lang='lat' dir='ltr'>mihi</span> <span class='ocrx_word' id='word_1_83' title='bbox 1045 783 1126 821; x_wconf 87' lang='lat' dir='ltr'>fore</span> <span class='ocrx_word' id='word_1_84' title='bbox 1155 783 1300 820; x_wconf 91' lang='lat' dir='ltr'>malum</span> <span class='ocrx_word' id='word_1_85' title='bbox 1321 782 1600 821; x_wconf 87' lang='lat' dir='ltr'>existimabam.</span> <span class='ocrx_word' id='word_1_86' title='bbox 1660 784 1711 821; x_wconf 92' lang='lat' dir='ltr'>Et</span> 
     </span>
     <span class='ocr_line' id='line_1_11' title="bbox 238 844 1710 896; baseline 0.001 -15"><span class='ocrx_word' id='word_1_87' title='bbox 238 857 399 894; x_wconf 89' lang='lat' dir='ltr'>quarum</span> <span class='ocrx_word' id='word_1_88' title='bbox 430 857 557 882; x_wconf 88' lang='lat' dir='ltr'>rerum</span> <span class='ocrx_word' id='word_1_89' title='bbox 585 857 703 882; x_wconf 89' lang='lat' dir='ltr'>causa</span> <span class='ocrx_word' id='word_1_90' title='bbox 733 844 865 882; x_wconf 91' lang='lat' dir='ltr'>Simon</span> <span class='ocrx_word' id='word_1_91' title='bbox 896 844 994 883; x_wconf 91' lang='lat' dir='ltr'>inter</span> <span class='ocrx_word' id='word_1_92' title='bbox 1021 857 1091 883; x_wconf 89' lang='lat' dir='ltr'>nos</span> <span class='ocrx_word' id='word_1_93' title='bbox 1118 844 1171 883; x_wconf 90' lang='lat' dir='ltr'>ait</span> <span class='ocrx_word' id='word_1_94' title='bbox 1202 858 1373 896; x_wconf 91' lang='lat' dir='ltr'>pugnam</span> <span class='ocrx_word' id='word_1_95' title='bbox 1407 845 1594 891; x_wconf 88' lang='lat' dir='ltr'>evenisse,</span> <span class='ocrx_word' id='word_1_96' title='bbox 1632 845 1710 884; x_wconf 89' lang='lat' dir='ltr'>illic</span> 
     </span>
     <span class='ocr_line' id='line_1_12' title="bbox 238 905 1711 957; baseline 0.001 -14"><span class='ocrx_word' id='word_1_97' title='bbox 238 919 365 956; x_wconf 88' lang='lat' dir='ltr'>neque</span> <span class='ocrx_word' id='word_1_98' title='bbox 402 905 553 944; x_wconf 90' lang='lat' dir='ltr'>illorum</span> <span class='ocrx_word' id='word_1_99' title='bbox 592 919 720 954; x_wconf 86' lang='lat' dir='ltr'>neque</span> <span class='ocrx_word' id='word_1_100' title='bbox 758 914 931 944; x_wconf 88' lang='lat' dir='ltr'>nostrum</span> <span class='ocrx_word' id='word_1_101' title='bbox 968 906 1146 957; x_wconf 85' lang='lat' dir='ltr'>cuiquam</span> <span class='ocrx_word' id='word_1_102' title='bbox 1185 906 1466 945; x_wconf 91' lang='lat' dir='ltr'>comminutum</span> <span class='ocrx_word' id='word_1_103' title='bbox 1498 914 1560 944; x_wconf 89' lang='lat' dir='ltr'>est</span> <span class='ocrx_word' id='word_1_104' title='bbox 1591 914 1711 957; x_wconf 88' lang='lat' dir='ltr'>caput</span> 
     </span>
     <span class='ocr_line' id='line_1_13' title="bbox 238 968 1713 1020; baseline 0.001 -16"><span class='ocrx_word' id='word_1_105' title='bbox 238 981 364 1017; x_wconf 85' lang='lat' dir='ltr'>neque</span> <span class='ocrx_word' id='word_1_106' title='bbox 392 968 482 1006; x_wconf 89' lang='lat' dir='ltr'>mali</span> <span class='ocrx_word' id='word_1_107' title='bbox 503 968 712 1020; x_wconf 91' lang='lat' dir='ltr'>quicquam</span> <span class='ocrx_word' id='word_1_108' title='bbox 745 968 896 1019; x_wconf 88' lang='lat' dir='ltr'>accepit</span> <span class='ocrx_word' id='word_1_109' title='bbox 928 969 1142 1019; x_wconf 90' lang='lat' dir='ltr'>quisquam,</span> <span class='ocrx_word' id='word_1_110' title='bbox 1173 975 1216 1006; x_wconf 90' lang='lat' dir='ltr'>ut</span> <span class='ocrx_word' id='word_1_111' title='bbox 1246 976 1423 1006; x_wconf 88' lang='lat' dir='ltr'>auctores</span> <span class='ocrx_word' id='word_1_112' title='bbox 1455 969 1566 1006; x_wconf 84' lang='lat' dir='ltr'>vobis</span> <span class='ocrx_word' id='word_1_113' title='bbox 1599 975 1713 1006; x_wconf 88' lang='lat' dir='ltr'>erunt</span> 
     </span>
     <span class='ocr_line' id='line_1_14' title="bbox 239 1029 1629 1081; baseline 0.002 -15"><span class='ocrx_word' id='word_1_114' title='bbox 239 1041 337 1076; x_wconf 91' lang='lat' dir='ltr'>quos</span> <span class='ocrx_word' id='word_1_115' title='bbox 358 1042 432 1080; x_wconf 86' lang='lat' dir='ltr'>ego</span> <span class='ocrx_word' id='word_1_116' title='bbox 452 1036 572 1068; x_wconf 91' lang='lat' dir='ltr'>testes</span> <span class='ocrx_word' id='word_1_117' title='bbox 600 1030 650 1068; x_wconf 89' lang='lat' dir='ltr'>ad</span> <span class='ocrx_word' id='word_1_118' title='bbox 670 1042 738 1068; x_wconf 92' lang='lat' dir='ltr'>vos</span> <span class='ocrx_word' id='word_1_119' title='bbox 758 1029 983 1081; x_wconf 82' lang='lat' dir='ltr'>producam,</span> <span class='ocrx_word' id='word_1_120' title='bbox 1004 1031 1069 1078; x_wconf 91' lang='lat' dir='ltr'>qui</span> <span class='ocrx_word' id='word_1_121' title='bbox 1090 1030 1143 1068; x_wconf 89' lang='lat' dir='ltr'>rei</span> <span class='ocrx_word' id='word_1_122' title='bbox 1162 1037 1242 1068; x_wconf 90' lang='lat' dir='ltr'>tum</span> <span class='ocrx_word' id='word_1_123' title='bbox 1264 1037 1387 1081; x_wconf 85' lang='lat' dir='ltr'>gestae</span> <span class='ocrx_word' id='word_1_124' title='bbox 1407 1030 1629 1069; x_wconf 87' lang='lat' dir='ltr'>interfuere.</span> 
     </span>
    </p>
   </div>
   <div class='ocr_carea' id='block_1_3' title="bbox 804 1131 1156 1171">
    <p class='ocr_par' dir='ltr' id='par_1_3' title="bbox 804 1131 1156 1171">
     <span class='ocr_line' id='line_1_15' title="bbox 804 1131 1156 1171; baseline 0.006 -2"><span class='ocrx_word' id='word_1_125' title='bbox 804 1131 1156 1171; x_wconf 87' lang='lat' dir='ltr'><strong>TESTIMONIA.</strong></span> 
     </span>
    </p>
   </div>
   <div class='ocr_carea' id='block_1_4' title="bbox 241 1208 1723 2993">
    <p class='ocr_par' dir='ltr' id='par_1_4' title="bbox 241 1208 1723 2993">
     <span class='ocr_line' id='line_1_16' title="bbox 296 1208 1712 1262; baseline 0.003 -16"><span class='ocrx_word' id='word_1_126' title='bbox 296 1210 336 1246; x_wconf 85' lang='lat'>4.</span> <span class='ocrx_word' id='word_1_127' title='bbox 367 1208 562 1248; x_wconf 88' lang='lat' dir='ltr'>Simonem</span> <span class='ocrx_word' id='word_1_128' title='bbox 595 1209 738 1261; x_wconf 86' lang='lat' dir='ltr'>itaque,</span> <span class='ocrx_word' id='word_1_129' title='bbox 771 1223 848 1248; x_wconf 90' lang='lat' dir='ltr'>non</span> <span class='ocrx_word' id='word_1_130' title='bbox 881 1224 955 1255; x_wconf 88' lang='lat' dir='ltr'>me,</span> <span class='ocrx_word' id='word_1_131' title='bbox 985 1219 1183 1249; x_wconf 89' lang='lat' dir='ltr'>auctorem</span> <span class='ocrx_word' id='word_1_132' title='bbox 1215 1211 1336 1250; x_wconf 84' lang='lat' dir='ltr'>fuisse</span> <span class='ocrx_word' id='word_1_133' title='bbox 1368 1211 1532 1262; x_wconf 85' lang='lat' dir='ltr'>injuriae,</span> <span class='ocrx_word' id='word_1_134' title='bbox 1553 1211 1712 1250; x_wconf 87' lang='lat' dir='ltr'>insidia·</span> 
     </span>
     <span class='ocr_line' id='line_1_17' title="bbox 241 1272 1712 1320; baseline 0.003 -13"><span class='ocrx_word' id='word_1_135' title='bbox 241 1276 414 1320; x_wconf 82' lang='lat' dir='ltr'>tumque,</span> <span class='ocrx_word' id='word_1_136' title='bbox 448 1284 524 1308; x_wconf 91' lang='lat' dir='ltr'>non</span> <span class='ocrx_word' id='word_1_137' title='bbox 557 1284 615 1309; x_wconf 90' lang='lat' dir='ltr'>me</span> <span class='ocrx_word' id='word_1_138' title='bbox 645 1272 713 1318; x_wconf 89' lang='lat' dir='ltr'>illi,</span> <span class='ocrx_word' id='word_1_139' title='bbox 734 1272 803 1310; x_wconf 89' lang='lat' dir='ltr'>sed</span> <span class='ocrx_word' id='word_1_140' title='bbox 834 1272 941 1309; x_wconf 91' lang='lat' dir='ltr'>illum</span> <span class='ocrx_word' id='word_1_141' title='bbox 975 1273 1086 1310; x_wconf 91' lang='lat' dir='ltr'>nobis</span> <span class='ocrx_word' id='word_1_142' title='bbox 1118 1286 1219 1319; x_wconf 90' lang='lat' dir='ltr'>esse,</span> <span class='ocrx_word' id='word_1_143' title='bbox 1246 1274 1514 1311; x_wconf 86' lang='lat' dir='ltr'>confirmatum</span> <span class='ocrx_word' id='word_1_144' title='bbox 1536 1274 1712 1320; x_wconf 88' lang='lat' dir='ltr'>audistis,</span> 
     </span>
     <span class='ocr_line' id='line_1_18' title="bbox 241 1334 1714 1384; baseline 0.004 -16"><span class='ocrx_word' id='word_1_145' title='bbox 241 1339 456 1377; x_wconf 78' lang='lat' dir='ltr'>senatores,</span> <span class='ocrx_word' id='word_1_146' title='bbox 485 1345 507 1370; x_wconf 92' lang='lat' dir='ltr'>a</span> <span class='ocrx_word' id='word_1_147' title='bbox 535 1334 698 1372; x_wconf 85' lang='lat' dir='ltr'>testibus</span> <span class='ocrx_word' id='word_1_148' title='bbox 730 1334 795 1384; x_wconf 92' lang='lat' dir='ltr'>qui</span> <span class='ocrx_word' id='word_1_149' title='bbox 828 1334 882 1371; x_wconf 89' lang='lat' dir='ltr'>rei</span> <span class='ocrx_word' id='word_1_150' title='bbox 913 1341 1034 1384; x_wconf 81' lang='lat' dir='ltr'>gestae</span> <span class='ocrx_word' id='word_1_151' title='bbox 1069 1334 1338 1373; x_wconf 85' lang='lat' dir='ltr'>interfuerunt.</span> <span class='ocrx_word' id='word_1_152' title='bbox 1398 1336 1555 1381; x_wconf 87' lang='lat' dir='ltr'>Verum,</span> <span class='ocrx_word' id='word_1_153' title='bbox 1585 1344 1627 1373; x_wconf 92' lang='lat' dir='ltr'>ut</span> <span class='ocrx_word' id='word_1_154' title='bbox 1661 1337 1714 1374; x_wconf 91' lang='lat' dir='ltr'>rei</span> 
     </span>
     <span class='ocr_line' id='line_1_19' title="bbox 241 1394 1712 1449; baseline 0.003 -19"><span class='ocrx_word' id='word_1_155' title='bbox 241 1406 461 1443; x_wconf 86' lang='lat' dir='ltr'>processum</span> <span class='ocrx_word' id='word_1_156' title='bbox 485 1401 525 1432; x_wconf 93' lang='lat' dir='ltr'>et</span> <span class='ocrx_word' id='word_1_157' title='bbox 543 1394 688 1432; x_wconf 85' lang='lat' dir='ltr'>exitum</span> <span class='ocrx_word' id='word_1_158' title='bbox 708 1407 885 1432; x_wconf 88' lang='lat' dir='ltr'>enarrare</span> <span class='ocrx_word' id='word_1_159' title='bbox 907 1408 1079 1446; x_wconf 83' lang='lat' dir='ltr'>pergam,</span> <span class='ocrx_word' id='word_1_160' title='bbox 1100 1408 1199 1446; x_wconf 91' lang='lat' dir='ltr'>puer</span> <span class='ocrx_word' id='word_1_161' title='bbox 1224 1396 1262 1433; x_wconf 91' lang='lat' dir='ltr'>in</span> <span class='ocrx_word' id='word_1_162' title='bbox 1292 1395 1491 1449; x_wconf 86' lang='lat' dir='ltr'>fulloniam</span> <span class='ocrx_word' id='word_1_163' title='bbox 1516 1397 1712 1447; x_wconf 90' lang='lat' dir='ltr'>quandam</span> 
     </span>
     <span class='ocr_line' id='line_1_20' title="bbox 245 1454 1715 1508; baseline 0.002 -17"><span class='ocrx_word' id='word_1_164' title='bbox 245 1454 500 1504; x_wconf 87' lang='lat' dir='ltr'>confugerat;</span> <span class='ocrx_word' id='word_1_165' title='bbox 532 1468 664 1492; x_wconf 89' lang='lat' dir='ltr'>verum</span> <span class='ocrx_word' id='word_1_166' title='bbox 684 1455 723 1492; x_wconf 89' lang='lat' dir='ltr'>hi</span> <span class='ocrx_word' id='word_1_167' title='bbox 748 1455 886 1493; x_wconf 92' lang='lat' dir='ltr'>eodem</span> <span class='ocrx_word' id='word_1_168' title='bbox 908 1455 1028 1493; x_wconf 88' lang='lat' dir='ltr'>delati</span> <span class='ocrx_word' id='word_1_169' title='bbox 1058 1469 1136 1494; x_wconf 90' lang='lat' dir='ltr'>una</span> <span class='ocrx_word' id='word_1_170' title='bbox 1165 1469 1253 1494; x_wconf 91' lang='lat' dir='ltr'>cum</span> <span class='ocrx_word' id='word_1_171' title='bbox 1284 1469 1405 1507; x_wconf 89' lang='lat' dir='ltr'>puero</span> <span class='ocrx_word' id='word_1_172' title='bbox 1435 1457 1715 1508; x_wconf 85' lang='lat' dir='ltr'>irrumpebant,</span> 
     </span>
     <span class='ocr_line' id='line_1_21' title="bbox 242 1516 1716 1562; baseline 0.001 -8"><span class='ocrx_word' id='word_1_173' title='bbox 242 1522 282 1554; x_wconf 89' lang='lat' dir='ltr'>et</span> <span class='ocrx_word' id='word_1_174' title='bbox 316 1516 351 1554; x_wconf 92' lang='lat' dir='ltr'>vi</span> <span class='ocrx_word' id='word_1_175' title='bbox 383 1517 622 1555; x_wconf 87' lang='lat' dir='ltr'>abstractum</span> <span class='ocrx_word' id='word_1_176' title='bbox 656 1516 905 1555; x_wconf 85' lang='lat' dir='ltr'>abducebant</span> <span class='ocrx_word' id='word_1_177' title='bbox 936 1517 1170 1555; x_wconf 89' lang='lat' dir='ltr'>clamantem</span> <span class='ocrx_word' id='word_1_178' title='bbox 1201 1525 1240 1555; x_wconf 90' lang='lat' dir='ltr'>et</span> <span class='ocrx_word' id='word_1_179' title='bbox 1268 1517 1561 1562; x_wconf 88' lang='lat' dir='ltr'>vociferantem,</span> <span class='ocrx_word' id='word_1_180' title='bbox 1591 1518 1716 1556; x_wconf 90' lang='lat' dir='ltr'>homi·-</span> 
     </span>
     <span class='ocr_line' id='line_1_22' title="bbox 242 1579 1718 1632; baseline 0.002 -17"><span class='ocrx_word' id='word_1_181' title='bbox 242 1591 390 1629; x_wconf 88' lang='lat' dir='ltr'>nesque</span> <span class='ocrx_word' id='word_1_182' title='bbox 410 1579 460 1618; x_wconf 87' lang='lat' dir='ltr'>ad</span> <span class='ocrx_word' id='word_1_183' title='bbox 478 1580 688 1618; x_wconf 86' lang='lat' dir='ltr'>clamorem</span> <span class='ocrx_word' id='word_1_184' title='bbox 705 1579 926 1630; x_wconf 86' lang='lat' dir='ltr'>frequentes</span> <span class='ocrx_word' id='word_1_185' title='bbox 947 1587 986 1618; x_wconf 92' lang='lat' dir='ltr'>et</span> <span class='ocrx_word' id='word_1_186' title='bbox 1004 1581 1146 1618; x_wconf 90' lang='lat' dir='ltr'>cursim</span> <span class='ocrx_word' id='word_1_187' title='bbox 1163 1587 1420 1632; x_wconf 87' lang='lat' dir='ltr'>congregatos</span> <span class='ocrx_word' id='word_1_188' title='bbox 1440 1582 1718 1627; x_wconf 86' lang='lat' dir='ltr'>obtestantem,</span> 
     </span>
     <span class='ocr_line' id='line_1_23' title="bbox 243 1641 1719 1694; baseline 0.002 -16"><span class='ocrx_word' id='word_1_189' title='bbox 243 1654 342 1692; x_wconf 90' lang='lat' dir='ltr'>quos</span> <span class='ocrx_word' id='word_1_190' title='bbox 362 1641 400 1679; x_wconf 95' lang='lat' dir='ltr'>hi</span> <span class='ocrx_word' id='word_1_191' title='bbox 422 1644 668 1694; x_wconf 87' lang='lat' dir='ltr'>spernebant,</span> <span class='ocrx_word' id='word_1_192' title='bbox 689 1650 967 1680; x_wconf 84' lang='lat' dir='ltr'>succensentes</span> <span class='ocrx_word' id='word_1_193' title='bbox 986 1643 1091 1681; x_wconf 89' lang='lat' dir='ltr'>facto</span> <span class='ocrx_word' id='word_1_194' title='bbox 1111 1650 1226 1694; x_wconf 88' lang='lat' dir='ltr'>atque</span> <span class='ocrx_word' id='word_1_195' title='bbox 1247 1643 1534 1681; x_wconf 89' lang='lat' dir='ltr'>stomachantes</span> <span class='ocrx_word' id='word_1_196' title='bbox 1555 1643 1719 1694; x_wconf 88' lang='lat' dir='ltr'>indigni-</span> 
     </span>
     <span class='ocr_line' id='line_1_24' title="bbox 243 1704 1716 1756; baseline 0.001 -15"><span class='ocrx_word' id='word_1_197' title='bbox 243 1711 441 1755; x_wconf 90' lang='lat' dir='ltr'>tatemque</span> <span class='ocrx_word' id='word_1_198' title='bbox 462 1705 516 1743; x_wconf 91' lang='lat' dir='ltr'>rei</span> <span class='ocrx_word' id='word_1_199' title='bbox 537 1704 702 1755; x_wconf 86' lang='lat' dir='ltr'>graviter</span> <span class='ocrx_word' id='word_1_200' title='bbox 721 1704 913 1742; x_wconf 83' lang='lat' dir='ltr'>ferentes:</span> <span class='ocrx_word' id='word_1_201' title='bbox 945 1704 1146 1742; x_wconf 89' lang='lat' dir='ltr'>Molonem</span> <span class='ocrx_word' id='word_1_202' title='bbox 1178 1711 1307 1742; x_wconf 90' lang='lat' dir='ltr'>autem</span> <span class='ocrx_word' id='word_1_203' title='bbox 1335 1704 1524 1742; x_wconf 87' lang='lat' dir='ltr'>fullonem</span> <span class='ocrx_word' id='word_1_204' title='bbox 1544 1704 1716 1756; x_wconf 88' lang='lat' dir='ltr'>aliosque</span> 
     </span>
     <span class='ocr_line' id='line_1_25' title="bbox 244 1765 1718 1816; baseline 0.001 -14"><span class='ocrx_word' id='word_1_205' title='bbox 244 1765 448 1815; x_wconf 91' lang='lat' dir='ltr'>quosdam,</span> <span class='ocrx_word' id='word_1_206' title='bbox 469 1766 535 1816; x_wconf 92' lang='lat' dir='ltr'>qui</span> <span class='ocrx_word' id='word_1_207' title='bbox 559 1779 625 1804; x_wconf 90' lang='lat' dir='ltr'>eos</span> <span class='ocrx_word' id='word_1_208' title='bbox 654 1779 744 1803; x_wconf 91' lang='lat' dir='ltr'>cum</span> <span class='ocrx_word' id='word_1_209' title='bbox 770 1772 880 1816; x_wconf 86' lang='lat' dir='ltr'>rapto</span> <span class='ocrx_word' id='word_1_210' title='bbox 905 1766 1051 1816; x_wconf 87' lang='lat' dir='ltr'>juvene</span> <span class='ocrx_word' id='word_1_211' title='bbox 1085 1765 1344 1816; x_wconf 86' lang='lat' dir='ltr'>auffugientes</span> <span class='ocrx_word' id='word_1_212' title='bbox 1373 1766 1588 1803; x_wconf 86' lang='lat' dir='ltr'>consectati</span> <span class='ocrx_word' id='word_1_213' title='bbox 1606 1774 1718 1804; x_wconf 91' lang='lat' dir='ltr'>erant</span> 
     </span>
     <span class='ocr_line' id='line_1_26' title="bbox 242 1827 1719 1880; baseline 0.001 -16"><span class='ocrx_word' id='word_1_214' title='bbox 242 1827 469 1866; x_wconf 86' lang='lat' dir='ltr'>vindicandi</span> <span class='ocrx_word' id='word_1_215' title='bbox 490 1829 572 1880; x_wconf 88' lang='lat' dir='ltr'>ejus</span> <span class='ocrx_word' id='word_1_216' title='bbox 592 1836 708 1879; x_wconf 91' lang='lat' dir='ltr'>atque</span> <span class='ocrx_word' id='word_1_217' title='bbox 728 1841 861 1865; x_wconf 88' lang='lat' dir='ltr'>rursus</span> <span class='ocrx_word' id='word_1_218' title='bbox 881 1827 1068 1879; x_wconf 89' lang='lat' dir='ltr'>eripiendi</span> <span class='ocrx_word' id='word_1_219' title='bbox 1088 1828 1226 1878; x_wconf 88' lang='lat' dir='ltr'>gratia,</span> <span class='ocrx_word' id='word_1_220' title='bbox 1241 1828 1463 1866; x_wconf 89' lang='lat' dir='ltr'>verberibus</span> <span class='ocrx_word' id='word_1_221' title='bbox 1483 1827 1719 1866; x_wconf 60' lang='lat' dir='ltr'>commulca„</span> 
     </span>
     <span class='ocr_line' id='line_1_27' title="bbox 243 1889 1718 1941; baseline 0 -14"><span class='ocrx_word' id='word_1_222' title='bbox 243 1890 353 1928; x_wconf 89' lang='lat' dir='ltr'>bant.</span> <span class='ocrx_word' id='word_1_223' title='bbox 411 1890 617 1941; x_wconf 87' lang='lat' dir='ltr'>Lamponis</span> <span class='ocrx_word' id='word_1_224' title='bbox 647 1890 697 1928; x_wconf 89' lang='lat' dir='ltr'>ad</span> <span class='ocrx_word' id='word_1_225' title='bbox 728 1889 832 1927; x_wconf 89' lang='lat' dir='ltr'>aedes</span> <span class='ocrx_word' id='word_1_226' title='bbox 859 1890 939 1941; x_wconf 85' lang='lat' dir='ltr'>jam</span> <span class='ocrx_word' id='word_1_227' title='bbox 960 1897 1246 1941; x_wconf 86' lang='lat' dir='ltr'>processerant,</span> <span class='ocrx_word' id='word_1_228' title='bbox 1267 1903 1354 1928; x_wconf 91' lang='lat' dir='ltr'>cum</span> <span class='ocrx_word' id='word_1_229' title='bbox 1376 1903 1451 1941; x_wconf 80' lang='lat' dir='ltr'>ego</span> <span class='ocrx_word' id='word_1_230' title='bbox 1469 1889 1575 1928; x_wconf 92' lang='lat' dir='ltr'>solus</span> <span class='ocrx_word' id='word_1_231' title='bbox 1594 1890 1718 1927; x_wconf 88' lang='lat' dir='ltr'>inam-</span> 
     </span>
     <span class='ocr_line' id='line_1_28' title="bbox 243 1950 1717 2002; baseline -0.001 -12"><span class='ocrx_word' id='word_1_232' title='bbox 243 1952 384 1990; x_wconf 93' lang='lat' dir='ltr'>bulans</span> <span class='ocrx_word' id='word_1_233' title='bbox 405 1952 481 1990; x_wconf 88' lang='lat' dir='ltr'>illis</span> <span class='ocrx_word' id='word_1_234' title='bbox 501 1965 678 1990; x_wconf 89' lang='lat' dir='ltr'>occurro.</span> <span class='ocrx_word' id='word_1_235' title='bbox 736 1951 972 1989; x_wconf 81' lang='lat' dir='ltr'>Existimans</span> <span class='ocrx_word' id='word_1_236' title='bbox 991 1951 1107 2002; x_wconf 87' lang='lat' dir='ltr'>igitur</span> <span class='ocrx_word' id='word_1_237' title='bbox 1125 1951 1234 1989; x_wconf 85' lang='lat' dir='ltr'>nefas</span> <span class='ocrx_word' id='word_1_238' title='bbox 1251 1959 1290 1989; x_wconf 89' lang='lat' dir='ltr'>et</span> <span class='ocrx_word' id='word_1_239' title='bbox 1309 1959 1419 2002; x_wconf 90' lang='lat' dir='ltr'>turpe</span> <span class='ocrx_word' id='word_1_240' title='bbox 1436 1963 1536 1996; x_wconf 89' lang='lat' dir='ltr'>esse,</span> <span class='ocrx_word' id='word_1_241' title='bbox 1551 1950 1717 1988; x_wconf 90' lang='lat' dir='ltr'>inultum</span> 
     </span>
     <span class='ocr_line' id='line_1_29' title="bbox 242 2012 1719 2066; baseline -0.002 -13"><span class='ocrx_word' id='word_1_242' title='bbox 242 2014 276 2054; x_wconf 87' lang='lat' dir='ltr'>si</span> <span class='ocrx_word' id='word_1_243' title='bbox 304 2022 458 2066; x_wconf 85' lang='lat' dir='ltr'>paterer</span> <span class='ocrx_word' id='word_1_244' title='bbox 489 2027 652 2066; x_wconf 85' lang='lat' dir='ltr'>puerum</span> <span class='ocrx_word' id='word_1_245' title='bbox 686 2013 739 2051; x_wconf 87' lang='lat' dir='ltr'>ita</span> <span class='ocrx_word' id='word_1_246' title='bbox 771 2014 1051 2052; x_wconf 89' lang='lat' dir='ltr'>contumeliose</span> <span class='ocrx_word' id='word_1_247' title='bbox 1084 2013 1241 2064; x_wconf 87' lang='lat' dir='ltr'>raptari,</span> <span class='ocrx_word' id='word_1_248' title='bbox 1274 2026 1431 2051; x_wconf 89' lang='lat' dir='ltr'>manum</span> <span class='ocrx_word' id='word_1_249' title='bbox 1461 2012 1653 2050; x_wconf 90' lang='lat' dir='ltr'>vindicem</span> <span class='ocrx_word' id='word_1_250' title='bbox 1684 2013 1719 2050; x_wconf 91' lang='lat' dir='ltr'>ei</span> 
     </span>
     <span class='ocr_line' id='line_1_30' title="bbox 244 2074 1719 2126; baseline -0.003 -11"><span class='ocrx_word' id='word_1_251' title='bbox 244 2078 387 2126; x_wconf 88' lang='lat' dir='ltr'>injicio.</span> <span class='ocrx_word' id='word_1_252' title='bbox 444 2076 497 2114; x_wconf 90' lang='lat' dir='ltr'>Hi</span> <span class='ocrx_word' id='word_1_253' title='bbox 517 2083 659 2122; x_wconf 86' lang='lat' dir='ltr'>autem,</span> <span class='ocrx_word' id='word_1_254' title='bbox 676 2089 699 2113; x_wconf 90' lang='lat' dir='ltr'>a</span> <span class='ocrx_word' id='word_1_255' title='bbox 717 2088 779 2113; x_wconf 89' lang='lat' dir='ltr'>me</span> <span class='ocrx_word' id='word_1_256' title='bbox 798 2075 1036 2126; x_wconf 85' lang='lat' dir='ltr'>interrogati,</span> <span class='ocrx_word' id='word_1_257' title='bbox 1052 2089 1119 2113; x_wconf 87' lang='lat' dir='ltr'>cur</span> <span class='ocrx_word' id='word_1_258' title='bbox 1134 2076 1243 2113; x_wconf 88' lang='lat' dir='ltr'>istaec</span> <span class='ocrx_word' id='word_1_259' title='bbox 1263 2074 1454 2113; x_wconf 91' lang='lat' dir='ltr'>auderent</span> <span class='ocrx_word' id='word_1_260' title='bbox 1471 2082 1549 2112; x_wconf 88' lang='lat' dir='ltr'>tam</span> <span class='ocrx_word' id='word_1_261' title='bbox 1565 2074 1719 2125; x_wconf 85' lang='lat' dir='ltr'>legibus</span> 
     </span>
     <span class='ocr_line' id='line_1_31' title="bbox 245 2135 1719 2188; baseline -0.004 -11"><span class='ocrx_word' id='word_1_262' title='bbox 245 2139 452 2185; x_wconf 88' lang='lat' dir='ltr'>contraria,</span> <span class='ocrx_word' id='word_1_263' title='bbox 471 2138 578 2176; x_wconf 88' lang='lat' dir='ltr'>nullo</span> <span class='ocrx_word' id='word_1_264' title='bbox 597 2137 749 2176; x_wconf 89' lang='lat' dir='ltr'>reddito</span> <span class='ocrx_word' id='word_1_265' title='bbox 768 2150 970 2188; x_wconf 89' lang='lat' dir='ltr'>responso,</span> <span class='ocrx_word' id='word_1_266' title='bbox 997 2138 1157 2175; x_wconf 88' lang='lat' dir='ltr'>verbera</span> <span class='ocrx_word' id='word_1_267' title='bbox 1187 2136 1280 2174; x_wconf 88' lang='lat' dir='ltr'>mihi</span> <span class='ocrx_word' id='word_1_268' title='bbox 1312 2136 1555 2187; x_wconf 89' lang='lat' dir='ltr'>ingerebant,</span> <span class='ocrx_word' id='word_1_269' title='bbox 1574 2135 1719 2173; x_wconf 89' lang='lat' dir='ltr'>omiss&#39;o</span> 
     </span>
     <span class='ocr_line' id='line_1_32' title="bbox 245 2197 1719 2252; baseline -0.004 -14"><span class='ocrx_word' id='word_1_270' title='bbox 245 2214 381 2252; x_wconf 90' lang='lat' dir='ltr'>puero.</span> <span class='ocrx_word' id='word_1_271' title='bbox 440 2201 586 2238; x_wconf 92' lang='lat' dir='ltr'>Coorto</span> <span class='ocrx_word' id='word_1_272' title='bbox 615 2200 670 2237; x_wconf 89' lang='lat' dir='ltr'>sic</span> <span class='ocrx_word' id='word_1_273' title='bbox 697 2199 846 2250; x_wconf 87' lang='lat' dir='ltr'>praelio,</span> <span class='ocrx_word' id='word_1_274' title='bbox 867 2206 1080 2245; x_wconf 87' lang='lat' dir='ltr'>senatores,</span> <span class='ocrx_word' id='word_1_275' title='bbox 1098 2207 1219 2247; x_wconf 78' lang='lat' dir='ltr'>puero</span> <span class='ocrx_word' id='word_1_276' title='bbox 1241 2197 1386 2248; x_wconf 88' lang='lat' dir='ltr'>quippe</span> <span class='ocrx_word' id='word_1_277' title='bbox 1418 2208 1597 2234; x_wconf 83' lang='lat' dir='ltr'>saxorum</span> <span class='ocrx_word' id='word_1_278' title='bbox 1625 2208 1719 2233; x_wconf 90' lang='lat' dir='ltr'>con-</span> 
     </span>
     <span class='ocr_line' id='line_1_33' title="bbox 242 2259 1719 2311; baseline -0.004 -10"><span class='ocrx_word' id='word_1_279' title='bbox 242 2265 352 2311; x_wconf 86' lang='lat' dir='ltr'>jectu</span> <span class='ocrx_word' id='word_1_280' title='bbox 374 2276 440 2301; x_wconf 91' lang='lat' dir='ltr'>eos</span> <span class='ocrx_word' id='word_1_281' title='bbox 461 2263 611 2300; x_wconf 86' lang='lat' dir='ltr'>eminus</span> <span class='ocrx_word' id='word_1_282' title='bbox 630 2262 790 2299; x_wconf 85' lang='lat' dir='ltr'>feriente</span> <span class='ocrx_word' id='word_1_283' title='bbox 811 2267 927 2311; x_wconf 86' lang='lat' dir='ltr'>atque</span> <span class='ocrx_word' id='word_1_284' title='bbox 947 2274 971 2299; x_wconf 94' lang='lat' dir='ltr'>a</span> <span class='ocrx_word' id='word_1_285' title='bbox 989 2273 1149 2311; x_wconf 87' lang='lat' dir='ltr'>corpore</span> <span class='ocrx_word' id='word_1_286' title='bbox 1165 2272 1236 2298; x_wconf 92' lang='lat' dir='ltr'>suo</span> <span class='ocrx_word' id='word_1_287' title='bbox 1256 2266 1426 2304; x_wconf 88' lang='lat' dir='ltr'>arcente,</span> <span class='ocrx_word' id='word_1_288' title='bbox 1441 2259 1480 2296; x_wconf 85' lang='lat' dir='ltr'>in</span> <span class='ocrx_word' id='word_1_289' title='bbox 1497 2271 1568 2296; x_wconf 88' lang='lat' dir='ltr'>nos</span> <span class='ocrx_word' id='word_1_290' title='bbox 1589 2265 1719 2296; x_wconf 88' lang='lat' dir='ltr'>autem</span> 
     </span>
     <span class='ocr_line' id='line_1_34' title="bbox 247 2320 1722 2377; baseline -0.003 -14"><span class='ocrx_word' id='word_1_291' title='bbox 247 2326 308 2364; x_wconf 84' lang='lat' dir='ltr'>his</span> <span class='ocrx_word' id='word_1_292' title='bbox 330 2333 465 2364; x_wconf 87' lang='lat' dir='ltr'>contra</span> <span class='ocrx_word' id='word_1_293' title='bbox 484 2324 845 2377; x_wconf 85' lang='lat' dir='ltr'>saxajactantibus,</span> <span class='ocrx_word' id='word_1_294' title='bbox 865 2336 1104 2374; x_wconf 88' lang='lat' dir='ltr'>puerumque</span> <span class='ocrx_word' id='word_1_295' title='bbox 1134 2334 1248 2374; x_wconf 90' lang='lat' dir='ltr'>porro</span> <span class='ocrx_word' id='word_1_296' title='bbox 1275 2334 1354 2373; x_wconf 87' lang='lat' dir='ltr'>prae</span> <span class='ocrx_word' id='word_1_297' title='bbox 1383 2320 1610 2360; x_wconf 84' lang='lat' dir='ltr'>temulentia</span> <span class='ocrx_word' id='word_1_298' title='bbox 1638 2334 1722 2359; x_wconf 90' lang='lat' dir='ltr'>ver-</span> 
     </span>
     <span class='ocr_line' id='line_1_35' title="bbox 249 2383 1719 2436; baseline -0.004 -11"><span class='ocrx_word' id='word_1_299' title='bbox 249 2388 488 2432; x_wconf 88' lang='lat' dir='ltr'>berantibus,</span> <span class='ocrx_word' id='word_1_300' title='bbox 509 2400 568 2424; x_wconf 88' lang='lat' dir='ltr'>me</span> <span class='ocrx_word' id='word_1_301' title='bbox 601 2385 767 2436; x_wconf 92' lang='lat' dir='ltr'>denique</span> <span class='ocrx_word' id='word_1_302' title='bbox 787 2385 864 2422; x_wconf 89' lang='lat' dir='ltr'>vim</span> <span class='ocrx_word' id='word_1_303' title='bbox 889 2384 1136 2430; x_wconf 87' lang='lat' dir='ltr'>defendente,</span> <span class='ocrx_word' id='word_1_304' title='bbox 1154 2384 1382 2434; x_wconf 84' lang='lat' dir='ltr'>caeterisque</span> <span class='ocrx_word' id='word_1_305' title='bbox 1410 2384 1515 2429; x_wconf 89' lang='lat' dir='ltr'>item,</span> <span class='ocrx_word' id='word_1_306' title='bbox 1532 2383 1612 2433; x_wconf 92' lang='lat' dir='ltr'>qui,</span> <span class='ocrx_word' id='word_1_307' title='bbox 1631 2394 1719 2420; x_wconf 91' lang='lat' dir='ltr'>cum</span> 
     </span>
     <span class='ocr_line' id='line_1_36' title="bbox 250 2443 1721 2497; baseline -0.004 -12"><span class='ocrx_word' id='word_1_308' title='bbox 250 2448 344 2486; x_wconf 79' lang='lat' dir='ltr'>rixae</span> <span class='ocrx_word' id='word_1_309' title='bbox 365 2447 673 2493; x_wconf 87' lang='lat' dir='ltr'>intervenissent,</span> <span class='ocrx_word' id='word_1_310' title='bbox 693 2446 817 2491; x_wconf 90' lang='lat' dir='ltr'>nobis,</span> <span class='ocrx_word' id='word_1_311' title='bbox 842 2446 980 2496; x_wconf 90' lang='lat' dir='ltr'>quibus</span> <span class='ocrx_word' id='word_1_312' title='bbox 1001 2445 1177 2497; x_wconf 86' lang='lat' dir='ltr'>injuriam</span> <span class='ocrx_word' id='word_1_313' title='bbox 1196 2444 1365 2483; x_wconf 87' lang='lat' dir='ltr'>oblatam</span> <span class='ocrx_word' id='word_1_314' title='bbox 1386 2457 1472 2482; x_wconf 92' lang='lat' dir='ltr'>esse</span> <span class='ocrx_word' id='word_1_315' title='bbox 1487 2443 1721 2495; x_wconf 88' lang='lat' dir='ltr'>judicarent,</span> 
     </span>
     <span class='ocr_line' id='line_1_37' title="bbox 251 2504 1720 2561; baseline -0.004 -14"><span class='ocrx_word' id='word_1_316' title='bbox 251 2523 362 2561; x_wconf 91' lang='lat' dir='ltr'>opem</span> <span class='ocrx_word' id='word_1_317' title='bbox 384 2510 575 2553; x_wconf 89' lang='lat' dir='ltr'>ferebant,</span> <span class='ocrx_word' id='word_1_318' title='bbox 595 2509 649 2545; x_wconf 89' lang='lat' dir='ltr'>ita</span> <span class='ocrx_word' id='word_1_319' title='bbox 667 2508 816 2546; x_wconf 89' lang='lat' dir='ltr'>sactum</span> <span class='ocrx_word' id='word_1_320' title='bbox 833 2515 894 2545; x_wconf 93' lang='lat' dir='ltr'>est</span> <span class='ocrx_word' id='word_1_321' title='bbox 913 2507 951 2545; x_wconf 92' lang='lat' dir='ltr'>in</span> <span class='ocrx_word' id='word_1_322' title='bbox 970 2507 1048 2545; x_wconf 87' lang='lat' dir='ltr'>hoc</span> <span class='ocrx_word' id='word_1_323' title='bbox 1069 2506 1235 2544; x_wconf 88' lang='lat' dir='ltr'>tumultu</span> <span class='ocrx_word' id='word_1_324' title='bbox 1255 2513 1298 2544; x_wconf 90' lang='lat' dir='ltr'>ut</span> <span class='ocrx_word' id='word_1_325' title='bbox 1316 2505 1446 2557; x_wconf 90' lang='lat' dir='ltr'>capita</span> <span class='ocrx_word' id='word_1_326' title='bbox 1463 2504 1575 2542; x_wconf 90' lang='lat' dir='ltr'>nobis</span> <span class='ocrx_word' id='word_1_327' title='bbox 1595 2504 1720 2542; x_wconf 90' lang='lat' dir='ltr'>omni-</span> 
     </span>
     <span class='ocr_line' id='line_1_38' title="bbox 249 2566 1722 2620; baseline -0.004 -11"><span class='ocrx_word' id='word_1_328' title='bbox 249 2572 324 2610; x_wconf 90' lang='lat' dir='ltr'>bus</span> <span class='ocrx_word' id='word_1_329' title='bbox 343 2571 707 2609; x_wconf 88' lang='lat' dir='ltr'>comminuerentur.</span> <span class='ocrx_word' id='word_1_330' title='bbox 767 2570 818 2606; x_wconf 84' lang='lat' dir='ltr'>Et</span> <span class='ocrx_word' id='word_1_331' title='bbox 849 2569 985 2620; x_wconf 89' lang='lat' dir='ltr'>reliqui</span> <span class='ocrx_word' id='word_1_332' title='bbox 1018 2569 1177 2620; x_wconf 88' lang='lat' dir='ltr'>quidem</span> <span class='ocrx_word' id='word_1_333' title='bbox 1207 2568 1272 2619; x_wconf 91' lang='lat' dir='ltr'>qui</span> <span class='ocrx_word' id='word_1_334' title='bbox 1305 2566 1452 2605; x_wconf 87' lang='lat' dir='ltr'>Simoni</span> <span class='ocrx_word' id='word_1_335' title='bbox 1482 2567 1520 2603; x_wconf 92' lang='lat' dir='ltr'>in</span> <span class='ocrx_word' id='word_1_336' title='bbox 1546 2566 1622 2603; x_wconf 91' lang='lat' dir='ltr'>ista</span> <span class='ocrx_word' id='word_1_337' title='bbox 1653 2579 1722 2617; x_wconf 88' lang='lat' dir='ltr'>per</span> 
     </span>
     <span class='ocr_line' id='line_1_39' title="bbox 252 2628 1722 2682; baseline -0.005 -11"><span class='ocrx_word' id='word_1_338' title='bbox 252 2632 518 2672; x_wconf 87' lang='lat' dir='ltr'>temulentiam</span> <span class='ocrx_word' id='word_1_339' title='bbox 539 2631 746 2670; x_wconf 83' lang='lat' dir='ltr'>commissa</span> <span class='ocrx_word' id='word_1_340' title='bbox 763 2644 898 2681; x_wconf 87' lang='lat' dir='ltr'>pugna</span> <span class='ocrx_word' id='word_1_341' title='bbox 917 2631 1064 2669; x_wconf 88' lang='lat' dir='ltr'>sociam</span> <span class='ocrx_word' id='word_1_342' title='bbox 1089 2629 1360 2682; x_wconf 75' lang='lat' dir='ltr'>praestitissent</span> <span class='ocrx_word' id='word_1_343' title='bbox 1384 2640 1554 2679; x_wconf 89' lang='lat' dir='ltr'>operam,</span> <span class='ocrx_word' id='word_1_344' title='bbox 1575 2635 1618 2665; x_wconf 91' lang='lat' dir='ltr'>ut</span> <span class='ocrx_word' id='word_1_345' title='bbox 1644 2628 1722 2678; x_wconf 91' lang='lat' dir='ltr'>pri-</span> 
     </span>
     <span class='ocr_line' id='line_1_40' title="bbox 252 2689 1722 2746; baseline -0.003 -13"><span class='ocrx_word' id='word_1_346' title='bbox 252 2709 357 2732; x_wconf 90' lang='lat' dir='ltr'>mum</span> <span class='ocrx_word' id='word_1_347' title='bbox 378 2693 579 2746; x_wconf 87' lang='lat' dir='ltr'>congressi</span> <span class='ocrx_word' id='word_1_348' title='bbox 597 2705 748 2731; x_wconf 88' lang='lat' dir='ltr'>mecum</span> <span class='ocrx_word' id='word_1_349' title='bbox 770 2693 1017 2744; x_wconf 89' lang='lat' dir='ltr'>postmodum</span> <span class='ocrx_word' id='word_1_350' title='bbox 1046 2700 1150 2738; x_wconf 89' lang='lat' dir='ltr'>sunt,</span> <span class='ocrx_word' id='word_1_351' title='bbox 1169 2691 1320 2729; x_wconf 85' lang='lat' dir='ltr'>veniam</span> <span class='ocrx_word' id='word_1_352' title='bbox 1351 2689 1488 2728; x_wconf 84' lang='lat' dir='ltr'>erroris</span> <span class='ocrx_word' id='word_1_353' title='bbox 1520 2689 1579 2726; x_wconf 85' lang='lat' dir='ltr'>sui</span> <span class='ocrx_word' id='word_1_354' title='bbox 1608 2702 1631 2727; x_wconf 89' lang='lat' dir='ltr'>a</span> <span class='ocrx_word' id='word_1_355' title='bbox 1661 2702 1722 2728; x_wconf 86' lang='lat' dir='ltr'>me</span> 
     </span>
     <span class='ocr_line' id='line_1_41' title="bbox 254 2751 1723 2807; baseline -0.004 -13"><span class='ocrx_word' id='word_1_356' title='bbox 254 2757 452 2807; x_wconf 88' lang='lat' dir='ltr'>deprecati</span> <span class='ocrx_word' id='word_1_357' title='bbox 485 2762 587 2801; x_wconf 90' lang='lat' dir='ltr'>sunt,</span> <span class='ocrx_word' id='word_1_358' title='bbox 607 2754 715 2793; x_wconf 91' lang='lat' dir='ltr'>velut</span> <span class='ocrx_word' id='word_1_359' title='bbox 741 2767 820 2792; x_wconf 92' lang='lat' dir='ltr'>non</span> <span class='ocrx_word' id='word_1_360' title='bbox 850 2767 873 2791; x_wconf 91' lang='lat' dir='ltr'>a</span> <span class='ocrx_word' id='word_1_361' title='bbox 902 2767 963 2791; x_wconf 87' lang='lat' dir='ltr'>me</span> <span class='ocrx_word' id='word_1_362' title='bbox 988 2754 1084 2799; x_wconf 80' lang='lat' dir='ltr'>laesi,</span> <span class='ocrx_word' id='word_1_363' title='bbox 1105 2753 1174 2792; x_wconf 90' lang='lat' dir='ltr'>sed</span> <span class='ocrx_word' id='word_1_364' title='bbox 1197 2765 1445 2803; x_wconf 84' lang='lat' dir='ltr'>aggressores</span> <span class='ocrx_word' id='word_1_365' title='bbox 1472 2751 1558 2804; x_wconf 89' lang='lat' dir='ltr'>ipsi,</span> <span class='ocrx_word' id='word_1_366' title='bbox 1578 2751 1723 2789; x_wconf 88' lang='lat' dir='ltr'>atrocia</span> 
     </span>
     <span class='ocr_line' id='line_1_42' title="bbox 255 2813 1722 2868; baseline -0.005 -11"><span class='ocrx_word' id='word_1_367' title='bbox 255 2818 363 2862; x_wconf 91' lang='lat' dir='ltr'>ausi;</span> <span class='ocrx_word' id='word_1_368' title='bbox 395 2825 556 2868; x_wconf 91' lang='lat' dir='ltr'>totoque</span> <span class='ocrx_word' id='word_1_369' title='bbox 587 2815 858 2868; x_wconf 88' lang='lat' dir='ltr'>quadriennio,</span> <span class='ocrx_word' id='word_1_370' title='bbox 889 2816 996 2864; x_wconf 91' lang='lat' dir='ltr'>quod</span> <span class='ocrx_word' id='word_1_371' title='bbox 1027 2816 1115 2853; x_wconf 89' lang='lat' dir='ltr'>inde</span> <span class='ocrx_word' id='word_1_372' title='bbox 1149 2815 1297 2859; x_wconf 79' lang='lat' dir='ltr'>efluxit,</span> <span class='ocrx_word' id='word_1_373' title='bbox 1332 2826 1447 2851; x_wconf 90' lang='lat' dir='ltr'>nemo</span> <span class='ocrx_word' id='word_1_374' title='bbox 1480 2825 1612 2851; x_wconf 90' lang='lat' dir='ltr'>eorum</span> <span class='ocrx_word' id='word_1_375' title='bbox 1650 2813 1722 2850; x_wconf 86' lang='lat' dir='ltr'>fuit</span> 
     </span>
     <span class='ocr_line' id='line_1_43' title="bbox 254 2873 1721 2930; baseline -0.004 -13"><span class='ocrx_word' id='word_1_376' title='bbox 254 2893 424 2930; x_wconf 87' lang='lat' dir='ltr'>unquam</span> <span class='ocrx_word' id='word_1_377' title='bbox 454 2880 519 2930; x_wconf 91' lang='lat' dir='ltr'>qui</span> <span class='ocrx_word' id='word_1_378' title='bbox 549 2879 598 2917; x_wconf 93' lang='lat' dir='ltr'>de</span> <span class='ocrx_word' id='word_1_379' title='bbox 620 2891 680 2916; x_wconf 92' lang='lat' dir='ltr'>me</span> <span class='ocrx_word' id='word_1_380' title='bbox 701 2877 907 2930; x_wconf 88' lang='lat' dir='ltr'>quicquam</span> <span class='ocrx_word' id='word_1_381' title='bbox 938 2884 1175 2928; x_wconf 90' lang='lat' dir='ltr'>quereretur.</span> <span class='ocrx_word' id='word_1_382' title='bbox 1234 2875 1367 2913; x_wconf 88' lang='lat' dir='ltr'>Simon</span> <span class='ocrx_word' id='word_1_383' title='bbox 1396 2875 1461 2914; x_wconf 89' lang='lat' dir='ltr'>hic</span> <span class='ocrx_word' id='word_1_384' title='bbox 1492 2877 1576 2926; x_wconf 88' lang='lat' dir='ltr'>ipse</span> <span class='ocrx_word' id='word_1_385' title='bbox 1609 2873 1721 2920; x_wconf 83' lang='lat' dir='ltr'>adeo,</span> 
     </span>
     <span class='ocr_line' id='line_1_44' title="bbox 254 2936 1720 2993; baseline -0.004 -14"><span class='ocrx_word' id='word_1_386' title='bbox 254 2942 321 2993; x_wconf 91' lang='lat' dir='ltr'>qui</span> <span class='ocrx_word' id='word_1_387' title='bbox 340 2955 441 2979; x_wconf 89' lang='lat' dir='ltr'>unus</span> <span class='ocrx_word' id='word_1_388' title='bbox 462 2941 547 2978; x_wconf 74' lang='lat' dir='ltr'>haec</span> <span class='ocrx_word' id='word_1_389' title='bbox 569 2941 658 2978; x_wconf 87' lang='lat' dir='ltr'>mihi</span> <span class='ocrx_word' id='word_1_390' title='bbox 679 2940 779 2979; x_wconf 88' lang='lat' dir='ltr'>mala</span> <span class='ocrx_word' id='word_1_391' title='bbox 806 2939 934 2978; x_wconf 89' lang='lat' dir='ltr'>omnia</span> <span class='ocrx_word' id='word_1_392' title='bbox 963 2939 1163 2985; x_wconf 89' lang='lat' dir='ltr'>conscivit,</span> <span class='ocrx_word' id='word_1_393' title='bbox 1183 2938 1358 2989; x_wconf 90' lang='lat' dir='ltr'>quietum</span> <span class='ocrx_word' id='word_1_394' title='bbox 1378 2951 1420 2976; x_wconf 90' lang='lat' dir='ltr'>se</span> <span class='ocrx_word' id='word_1_395' title='bbox 1438 2943 1521 2976; x_wconf 91' lang='lat' dir='ltr'>toto</span> <span class='ocrx_word' id='word_1_396' title='bbox 1540 2936 1605 2975; x_wconf 90' lang='lat' dir='ltr'>illo</span> <span class='ocrx_word' id='word_1_397' title='bbox 1624 2942 1720 2974; x_wconf 88' lang='lat' dir='ltr'>tem-</span> 
     </span>
    </p>
   </div>
  </div>
 </body>
</html>
