1911 3248
635 180 979 219 TETRALOGIA
1013 181 1040 217 Ι.
1518 186 1559 220 17

119 283 187 320 sed
217 283 277 320 fac
307 290 434 320 tamen
455 267 649 333 probabile
670 283 803 327 videri,
824 295 906 319 eam
936 284 1081 320 caedem
1113 297 1134 321 a
1168 297 1225 321 me
1257 293 1441 335 patratam
1463 300 1560 332 esse,

118 343 155 379 in
177 355 299 392 eaque
318 343 506 392 patranda
532 356 590 380 me
616 343 824 379 humanum
857 342 949 391 quid
984 356 1154 392 passum,
1175 345 1279 393 quod
1315 347 1361 382 ab
1393 345 1562 384 humana

115 409 251 439 natura
270 403 483 453 exspectari
503 402 610 451 eique
630 402 777 450 ignosci
803 410 1102 440 consentaneum
1125 403 1186 446 sit,
1216 417 1448 454 quamquam
1476 420 1560 444 eam

115 463 259 500 caedem
286 476 421 513 reapse
449 475 572 512 neque
603 463 748 512 patravi
773 469 812 500 et
837 470 1025 512 patratam
1053 477 1075 500 a
1104 477 1162 501 me
1183 477 1265 502 esse
1298 479 1480 516 pernego,
1502 469 1561 505 vel

115 523 169 560 sic
189 530 317 560 tamen
338 535 488 572 quoque
510 535 577 571 par
597 523 696 559 foret
716 535 774 560 me
805 523 960 559 absolvi.
1020 524 1116 559 Nam
1149 524 1304 574 injurias
1334 527 1380 562 ab
1412 526 1562 565 inimico

114 582 205 619 mihi
224 583 369 620 oblatas
388 582 417 618 si
439 583 521 631 ejus
542 583 728 631 sanguine
749 583 850 619 ultus
870 595 1006 627 essem,
1027 583 1203 633 ingentes
1229 584 1305 621 illae
1337 592 1560 636 atrocesque

116 649 226 680 erant
258 643 424 693 injuriae:
457 655 546 679 nam
578 642 650 679 nisi
679 643 776 679 tales
807 650 948 687 essent,
983 656 1058 679 non
1090 656 1241 694 possem
1278 646 1395 682 videri
1421 647 1560 685 fecisse

115 702 263 739 facinus
295 715 384 739 cum
413 702 591 739 humanae
625 709 771 738 naturae
801 702 1018 739 infirmitate
1051 705 1317 747 consentiens:
1348 705 1559 745 homicidas

112 761 228 806 enim,
239 768 279 798 et
290 775 364 798 non
381 762 444 812 qui
457 761 870 811 homicidiumjustitiae
885 775 1096 799 consonum
1112 765 1452 815 patraverint‚jure
1464 779 1556 803 con-

115 821 349 860 demnaritis.
407 821 599 869 Quicquid
620 829 693 867 est,
713 835 943 872 quocunque
978 836 1044 859 vos
1079 836 1138 859 me
1167 832 1282 873 pacto
1317 825 1555 864 absolveritis

116 881 190 919 hoc
220 883 390 928 crimine,
421 896 497 920 non
532 881 698 931 polluam
737 883 892 919 deorum
928 883 1218 920 sanctimoniam
1247 885 1285 920 in
1311 897 1442 922 eorum
1471 887 1561 925 fana

116 941 348 991 ingrediens,
387 951 425 980 et
461 941 701 979 contendens
741 942 848 978 vobis
886 943 1117 992 persuadere
1156 950 1198 980 ut
1232 957 1293 981 me
1316 945 1559 992 absolvatis,

115 1002 281 1040 nefanda
309 1016 385 1040 non
415 1002 529 1039 facio.
586 1001 766 1039 Nefanda
792 1009 925 1039 contra
953 1003 1097 1040 faciunt
1117 1010 1156 1041 et
1187 1010 1313 1053 pestes
1335 1006 1441 1043 vobis
1461 1008 1559 1044 mul-

114 1062 258 1100 tifarias
289 1063 534 1100 consciscunt
565 1062 618 1107 hi,
645 1062 723 1111 qui,
751 1063 891 1099 omisso
924 1076 1013 1100 vero
1045 1064 1250 1107 homicida,
1277 1078 1337 1102 me
1367 1066 1557 1104 insontem

113 1123 307 1160 homicidii
325 1136 429 1160 reum
451 1129 596 1172 agunt:
627 1122 665 1158 hi
684 1131 859 1159 auctores
876 1123 982 1160 vobis
1003 1124 1112 1168 fiunt,
1127 1131 1168 1160 ut
1186 1124 1380 1174 impietate
1402 1127 1559 1165 numina

114 1181 270 1220 deorum
290 1183 464 1221 laedatis:
496 1183 530 1219 hi
552 1183 656 1231 digni
679 1183 842 1232 denique
863 1190 965 1226 sunt,
988 1183 1052 1233 qui
1068 1184 1200 1220 eadem
1222 1185 1349 1221 omnia
1366 1186 1559 1234 patiantur

114 1244 199 1294 ipsi,
229 1257 315 1293 quae
346 1257 404 1281 me
438 1243 546 1280 aiunt
578 1243 774 1287 meruisse,
805 1243 1004 1292 supplicia.
1062 1243 1293 1293 Hujusmodi
1326 1244 1557 1293 hominibus,

113 1311 189 1341 tam
219 1304 388 1354 impuris,
415 1304 618 1353 denegate,
646 1302 813 1353 judices,
834 1303 948 1340 fidem
979 1310 1144 1340 vestram
1177 1303 1420 1354 ipsorumque
1442 1306 1557 1344 fidem

113 1377 244 1414 parum
261 1364 376 1401 fidam
396 1363 549 1401 ducite:
578 1375 638 1399 me
659 1369 786 1399 autem
810 1375 829 1399 e
851 1363 1017 1400 moribus
1039 1370 1078 1400 et
1096 1364 1206 1400 factis
1223 1372 1310 1400 aute
1327 1373 1423 1402 actae
1437 1367 1559 1405 omnis

114 1439 209 1463 meae
240 1425 326 1463 vitae
361 1432 561 1476 spectate;
592 1425 697 1475 quod
730 1437 816 1461 cum
847 1425 1010 1469 facietis,
1041 1433 1121 1461 tum
1156 1425 1468 1475 deprehendetis,
1497 1441 1558 1466 me

115 1501 239 1538 neque
266 1487 355 1525 vitae
386 1488 610 1537 cujusquam
643 1486 811 1522 insidiari
842 1498 966 1535 neque
992 1485 1092 1522 bona
1124 1485 1248 1522 aliena
1275 1493 1468 1536 appetere,
1489 1490 1560 1526 sed.

114 1555 260 1593 contra,
279 1548 501 1598 multasque
522 1547 739 1597 spissasque
761 1546 1065 1582 contributiones
1100 1546 1354 1590 contribuere,
1381 1547 1558 1597 ingentes

113 1609 200 1645 aeris
221 1622 390 1646 summas
409 1608 446 1644 in
467 1606 752 1651 trierarchatus,
773 1619 916 1655 eosque
947 1608 1117 1650 crebros,
1133 1607 1337 1651 insumere,
1357 1607 1560 1656 splendida

113 1683 275 1712 munera
292 1663 511 1720 choregalia
529 1669 656 1714 edere,
679 1668 805 1704 multis
825 1680 1046 1705 succurrere
1067 1668 1243 1716 gratuitis
1264 1668 1312 1705 de
1332 1681 1416 1705 meo
1435 1666 1560 1720 largi-

109 1731 288 1776 tionibus,
310 1744 378 1781 pro
399 1730 542 1774 multis,
563 1729 700 1779 quibus
721 1741 781 1765 me
813 1727 860 1765 de
895 1728 1109 1765 nominibus
1139 1727 1242 1765 haud
1262 1731 1554 1769 contemnendis

112 1791 283 1841 praedem
302 1791 575 1841 praestitissem,
594 1789 697 1826 luere
718 1787 886 1833 solitum,
904 1801 983 1824 rem
1003 1784 1154 1825 auxisse
1183 1801 1261 1825 non
1291 1789 1413 1825 litium
1434 1790 1560 1827 foren-

114 1851 211 1888 sium
249 1851 442 1896 sordibus‚
476 1848 544 1887 sed
580 1849 728 1885 honesti
767 1854 942 1898 quaestus
988 1848 1272 1892 exercitatione,
1309 1850 1443 1886 crebra
1482 1850 1556 1888 diis

116 1911 250 1948 offerre
285 1910 487 1954 sacrificia,
523 1908 750 1957 civilemque
785 1920 844 1944 me
878 1916 914 1945 et
951 1920 1105 1957 aequum
1143 1920 1235 1958 erga
1273 1909 1375 1946 cives
1414 1923 1558 1959 gerere,

113 1971 341 2022 legibusque
362 1971 631 2009 convenienter
650 1976 802 2006 aetatem
823 1969 976 2019 degere.
1019 1968 1122 2006 Talis
1139 1983 1225 2007 cum
1244 1970 1313 2007 sim
1333 1971 1557 2022 fuerimque,

114 2032 230 2070 nolite
246 2045 305 2069 me
320 2031 486 2069 criminis
501 2030 602 2080 impii
618 2029 818 2079 turpisque
840 2029 1114 2066 condemnare.
1163 2029 1279 2072 Quod
1292 2030 1322 2066 si
1336 2038 1557 2082 peremptus

114 2092 178 2129 hie
199 2092 324 2129 adhuc
343 2091 381 2127 in
402 2090 496 2128 vivis
519 2096 751 2140 superesset,
780 2102 854 2125 non
883 2088 973 2125 satis
993 2089 1170 2125 haberem
1206 2102 1267 2126 me
1293 2103 1468 2139 purgare,
1489 2091 1559 2128 sed

115 2152 229 2190 etiam
250 2165 351 2196 eum,
371 2164 524 2201 unaque
543 2151 628 2194 hos,
646 2149 709 2199 qui
739 2149 809 2185 sub
836 2155 1025 2198 praetextu
1048 2149 1280 2186 ulciscendae
1301 2149 1446 2199 injuriae
1466 2150 1557 2188 huic

113 2225 134 2250 a
148 2225 209 2249 me
224 2212 364 2249 oblatae
380 2211 543 2249 latentes
559 2221 767 2259 emungere
780 2222 839 2246 me
853 2209 1016 2245 nummis
1031 2217 1232 2255 conantur,
1245 2209 1557 2259 demonstrarem,

115 2285 181 2324 per
217 2285 409 2309 summum
446 2271 556 2308 nefas
593 2283 653 2307 me
690 2269 890 2306 criminum
929 2282 1058 2306 eorum
1115 2270 1284 2306 omnium
1314 2269 1556 2321 insimulare,

115 2343 276 2383 quorum
296 2344 400 2368 nunc
420 2331 467 2368 ab
492 2331 551 2367 his
579 2329 793 2366 insimulor.
853 2328 993 2366 Verum
1022 2329 1164 2380 majore
1184 2330 1310 2374 etiam,
1331 2343 1446 2379 quam
1467 2345 1560 2382 erga

116 2404 182 2429 eos
221 2391 397 2434 decebat,
433 2391 613 2440 aequitate
651 2396 763 2439 atque
796 2389 976 2426 facilitate
1015 2396 1122 2432 utar3
1161 2390 1412 2426 transmittam
1448 2391 1553 2429 haec:

115 2465 234 2488 unum
253 2451 327 2488 hoc
347 2463 414 2488 vos
435 2451 596 2500 rogabo,
615 2449 679 2498 qui
701 2462 859 2486 summae
880 2462 1003 2486 rerum
1024 2450 1117 2486 estis
1148 2450 1276 2486 arbitri
1308 2458 1424 2500 atque
1454 2464 1558 2487 corn-

115 2518 242 2562 poteS,
264 2518 306 2549 ut
325 2511 456 2548 sinatis
482 2524 549 2548 vos
571 2511 618 2547 ab
638 2509 870 2547 infelicitatis
897 2523 991 2547 meae
1023 2510 1257 2548 immanitate
1277 2513 1326 2549 ad
1345 2512 1558 2549 misericor-

116 2571 219 2609 diam
249 2572 353 2609 flecti
371 2570 669 2620 vulneribusque
690 2571 737 2607 ab
757 2583 803 2607 ea
833 2569 921 2607 mihi
948 2570 1135 2620 impositis
1165 2572 1372 2609 salutarem
1393 2578 1558 2608 vestram

117 2624 271 2669 manum
292 2631 530 2669 admoveatis
546 2644 556 2674 ;
588 2629 717 2675 nolite,
731 2630 870 2679 juncta
888 2643 975 2667 cum
992 2630 1050 2668 his
1072 2631 1212 2669 infesta
1231 2643 1361 2680 opera,
1383 2637 1558 2680 protervo

115 2691 213 2740 pede
227 2692 371 2740 jacenti
390 2691 480 2728 mihi
498 2696 668 2728 ventrem
689 2690 798 2740 quasi
829 2690 1070 2734 conculcare,
1089 2705 1183 2728 neve
1217 2690 1440 2728 committite
1460 2697 1502 2728 ut
1520 2691 1558 2728 hi

117 2763 178 2787 me
195 2752 445 2803 pessumdent
464 2751 579 2789 modo
601 2751 818 2801 turpissimo
850 2751 1076 2802 legibusque
1109 2753 1243 2789 divinis
1275 2752 1417 2801 pariter
1444 2759 1558 2802 atque

117 2810 293 2849 humanis
312 2811 677 2863 repugnantissimo.

826 2884 848 2906 D
