1822 3219
212 143 285 185 166
849 147 1027 186 LYSlAE

203 253 334 298 petere
353 246 449 285 nulli
469 246 711 288 dubitarint?
741 249 1123 289 Lacedaemoniorum
1153 263 1241 290 cum
1260 251 1374 290 sociis
1394 253 1673 304 confligebant,

203 320 281 359 quo
311 308 381 346 hos
409 308 515 360 ipsos
545 310 776 361 quibuscum
805 312 1070 363 confligebant
1099 311 1136 349 in
1164 311 1382 351 libertatem
1403 313 1666 354 vindicarent:

202 370 361 408 victoria
377 371 479 408 enim
497 371 527 410 si
544 372 654 423 potiti
669 373 844 419 fuissent,
860 373 969 414 victis
985 374 1090 426 paria
1106 375 1334 426 secumjura
1347 376 1670 422 contribuissent;

202 432 366 470 adversa
387 440 514 471 autem
547 434 699 472 fortuna
721 435 893 472 subversi
916 443 1062 473 certam
1082 437 1306 475 servitutem
1327 437 1579 488 stabilemque
1597 437 1671 476 Pe-

204 494 404 546 loponnesi
424 495 559 534 incolis
579 509 679 546 pone
701 509 744 534 se
766 496 1016 547 reliquerunt.

264 558 324 595 15.
356 557 434 595 Illis
455 557 583 608 itaque
603 558 772 608 quidem,
793 559 1090 610 Peloponnesiis
1111 566 1218 611 puta,
1250 559 1323 597 hac
1344 566 1446 598 sorte
1464 560 1666 598 utentibus

204 619 281 657 vita
299 619 454 671 quidem
474 619 546 658 fuit
565 620 807 668 miserabilis,
827 634 930 660 mors
959 630 1089 660 autem
1116 622 1319 674 optabilis:
1343 623 1462 660 nostri
1493 635 1598 668 vero,
1632 628 1674 661 et

204 682 334 721 adhuc
367 696 456 721 cum
490 691 740 735 superessent
759 692 799 722 et
830 697 933 723 nunc
954 685 1034 723 fato
1061 698 1132 724 suo
1161 685 1348 731 defuncti,
1369 685 1471 723 beati
1492 693 1585 723 sunt
1603 684 1674 723 ha-

203 747 323 786 bendi
352 753 470 798 atque
503 747 754 799 suspiciendi,
784 755 827 786 ut
855 749 921 800 qui
951 749 988 786 in
1017 749 1128 787 bonis
1162 749 1300 787 virtute
1334 748 1521 799 majorum
1555 748 1674 799 partis

206 808 363 848 educati
393 822 604 860 eorumque
635 809 822 860 exemplis
846 810 1025 855 instituti,
1055 810 1305 862 postmodum
1337 809 1549 848 adultiores
1568 808 1675 855 facti,

205 870 474 922 majorumque
505 871 670 922 gloriam
707 871 854 910 salvam
881 879 1163 910 conservarunt
1187 880 1226 911 et
1257 886 1338 911 suae
1366 872 1520 910 virtutis
1553 871 1676 910 docu-

205 939 338 971 menta
373 932 594 971 ediderunt.
652 932 788 972 Multis
818 934 921 972 enim
952 934 1243 986 splendidisque
1276 934 1479 972 decoribus
1511 933 1675 985 patriam

161 1016 163 1018 ·
206 1001 404 1040 ornarunt,
435 1003 615 1046 acceptas
635 995 762 1033 aliena
783 996 901 1047 culpa
919 996 1028 1035 labes
1049 994 1303 1041 sustulerunt,
1324 995 1470 1033 bellum
1491 1008 1514 1033 a
1535 994 1676 1033 finibus

204 1055 321 1107 longe
353 1057 650 1099 sub1noverunt3
689 1057 780 1095 vitae
811 1058 979 1107 denique
1013 1058 1128 1095 finem
1159 1057 1428 1107 imposuerunt
1459 1068 1560 1100 eum,
1598 1068 1676 1106 quo

206 1118 328 1157 virum
349 1131 543 1170 quemque
561 1119 708 1156 bonum
729 1117 844 1156 decet
858 1131 965 1156 suam
987 1119 1209 1169 obsignare,
1224 1118 1421 1169 persoluta
1434 1111 1567 1169 patriae
1580 1117 1678 1155 edu-

205 1180 368 1220 cationis
389 1179 585 1225 mercede,
608 1192 832 1231 quanquam
855 1193 1017 1218 moerore
1045 1187 1085 1218 et
1103 1180 1211 1218 luctu
1233 1180 1507 1218 educatoribus
1526 1179 1676 1218 relicto.

207 1243 453 1294 Quapropter
472 1254 605 1280 eorum
624 1242 817 1280 desiderio
839 1243 928 1292 angi
951 1243 1178 1293 superstites
1198 1255 1267 1293 par
1287 1250 1346 1280 est
1365 1243 1547 1294 ipsosque
1565 1254 1676 1280 suam

207 1312 353 1343 sortem
384 1304 600 1350 lamentari,
633 1311 900 1355 cognatosque
932 1304 1205 1342 defunctorum
1235 1304 1283 1342 de
1310 1304 1400 1341 vitae
1427 1303 1677 1354 postmodum

209 1366 404 1418 degendae
418 1365 583 1416 caligine
598 1374 714 1417 atque
733 1366 888 1404 tristitia
903 1365 1087 1404 miserari.
1146 1365 1293 1416 Ecquae
1313 1365 1416 1404 enim
1436 1365 1510 1402 illis
1530 1365 1679 1415 reliqua

207 1428 313 1467 sacta
333 1434 393 1467 est
412 1428 619 1466 hilaritas?
649 1429 713 1479 qui
733 1441 800 1466 eos
820 1429 1030 1466 extulerint
1049 1435 1179 1466 tantos
1200 1429 1317 1472 viros,
1339 1428 1420 1478 qui,
1440 1441 1521 1478 prae
1537 1428 1679 1465 virtute

208 1490 320 1541 pensi
339 1490 392 1527 nil
409 1489 612 1534 habentes,
635 1491 751 1527 vitam
785 1489 856 1541 ipsi
876 1502 984 1528 suam
1011 1489 1256 1540 projecerint,
1282 1501 1423 1526 uxores
1445 1488 1591 1525 maritis
1623 1487 1679 1525 vi-

210 1551 382 1599 duarint,
404 1551 546 1589 liberos
566 1550 740 1602 patribus
761 1551 948 1595 orbarint,
983 1550 1122 1588 fratres
1141 1563 1229 1588 cum
1249 1550 1424 1601 patribus
1451 1556 1565 1600 atque
1597 1562 1680 1588 ma-

209 1614 331 1655 tribus
351 1613 526 1652 desertos
556 1619 596 1650 et
620 1613 818 1651 desolatos
842 1612 1074 1663 reliquerint.
1132 1611 1220 1662 Ego
1240 1624 1345 1656 vero,
1367 1612 1405 1649 in
1428 1618 1538 1649 tanta
1557 1610 1679 1648 malo-

209 1688 292 1713 rum
313 1682 351 1713 et
369 1674 619 1712 multitudine
640 1682 679 1711 et
697 1675 912 1718 atrocitate,
935 1673 1074 1710 liberos
1096 1680 1224 1710 tamen
1244 1685 1377 1710 eorum
1399 1672 1527 1710 nullus
1547 1672 1682 1711 dubito

208 1738 346 1775 beatos
376 1735 599 1788 praedicare,
629 1748 839 1786 eorumque
870 1734 962 1772 sorti
988 1734 1169 1780 invidere,
1200 1747 1298 1785 quos
1325 1734 1451 1772 aetatis
1477 1733 1679 1771 infirmitas

203 1801 368 1847 jacturae
399 1811 514 1836 sensu
543 1797 581 1835 in
611 1797 803 1848 ejusmodi
834 1797 1007 1848 patribus
1040 1795 1152 1834 factae
1179 1797 1325 1848 privet:
1357 1803 1397 1834 at
1414 1803 1631 1847 parentum,
1656 1808 1681 1834 a

212 1859 352 1911 quibus
385 1859 426 1896 hi
461 1872 563 1896 nunc
594 1859 742 1897 humati
771 1858 963 1910 procreati
984 1865 1089 1903 sunt,
1116 1870 1177 1896 me
1198 1858 1366 1904 miseret,
1386 1865 1479 1895 natu
1499 1856 1681 1908 grandio-

210 1934 296 1961 rum
320 1933 436 1972 quam
466 1927 510 1958 ut
533 1919 707 1959 oblivisci
731 1933 888 1959 suorum
914 1920 1142 1958 damnorum
1174 1919 1335 1970 possint.
1393 1918 1543 1969 Ecquid
1576 1919 1679 1956 enim

212 1982 424 2034 excogitari
455 1989 574 2034 queat
604 1983 781 2021 acerbius
807 1995 922 2033 quam
951 1982 1040 2027 hoc,
1070 1989 1124 2028 ut,
1154 1994 1268 2032 quem
1299 1990 1340 2019 tu
1371 1980 1548 2031 genueris
1567 1988 1680 2031 atque

212 2045 403 2091 educaris,
431 2045 599 2082 eundem
620 2045 702 2096 ipse
722 2052 805 2082 tute
832 2045 906 2083 tuis
933 2044 1111 2082 manibus
1132 2044 1197 2081 ubi
1218 2043 1452 2088 humaveris,
1488 2056 1555 2094 spe
1575 2043 1681 2082 omni

211 2121 359 2153 careas,
378 2107 549 2145 invalido
568 2120 744 2158 corpore,
766 2107 943 2145 desertus
964 2107 1013 2144 ab
1032 2106 1181 2150 amicis,
1202 2106 1430 2144 necessariis
1450 2105 1538 2143 vitae
1558 2105 1680 2143 adrni-

214 2170 353 2208 niculis
369 2175 520 2215 exutus,
548 2175 601 2214 et,
620 2182 644 2206 a
661 2169 802 2219 quibus
821 2175 935 2206 antea
953 2169 1092 2206 beatus
1114 2167 1252 2205 fuisses
1273 2166 1521 2218 praedicatus,
1540 2178 1680 2203 eorun-

213 2232 303 2269 dem
324 2244 429 2269 nunc
450 2230 783 2268 commiseratione
804 2228 1011 2281 gravatus?
1073 2229 1196 2266 Eccui
1218 2241 1320 2265 mors
1347 2241 1423 2265 non
1445 2228 1496 2265 sit
1515 2227 1581 2265 tali
1601 2227 1682 2264 vita

215 2291 534 2332 desiderabilior?
592 2292 680 2335 Quo
701 2292 801 2329 enim
816 2291 869 2328 illi
888 2291 958 2329 viri
977 2297 1088 2328 erant
1102 2289 1293 2336 fortiores,
1314 2288 1390 2327 hoc
1410 2288 1681 2340 superstitibus

214 2354 342 2393 luctus
375 2355 419 2391 fit
450 2353 634 2391 acerbior.
693 2353 767 2390 Cui
798 2352 920 2390 luctui
951 2352 1092 2402 ecquid
1128 2351 1286 2389 tandem
1317 2364 1434 2388 unum
1469 2357 1540 2395 est,
1577 2349 1683 2400 quod

215 2415 377 2456 modum
408 2416 597 2466 imperare
631 2414 800 2453 debeat?
836 2414 991 2452 ubinam
1021 2427 1086 2452 eos
1116 2413 1308 2465 oportebit
1335 2412 1531 2451 moestitiae
1564 2411 1682 2448 finem

213 2476 374 2518 facere?
431 2477 552 2514 Reine
573 2476 739 2528 publicae
758 2477 797 2514 in
825 2475 964 2514 malis?
1020 2475 1139 2527 Atqui
1161 2475 1397 2513 refricabunt
1416 2475 1501 2512 haec
1525 2471 1683 2524 publica

215 2541 319 2580 mala
343 2538 427 2578 haec
455 2539 606 2591 privata
629 2539 772 2577 ulcera.
831 2539 936 2576 Num
961 2538 1124 2590 publicis
1154 2538 1193 2575 in
1220 2536 1398 2588 gaudiis?
1452 2536 1569 2586 Atqui
1589 2535 1682 2573 satis

216 2605 267 2643 ad
299 2602 522 2642 moestitiam
542 2602 721 2640 ciendam
740 2602 815 2639 hoc
837 2608 910 2647 est,
940 2608 982 2638 ut
1001 2615 1020 2639 e
1047 2600 1251 2638 liberorum
1271 2606 1421 2637 tuorum
1442 2597 1509 2635 tibi
1529 2605 1682 2648 erepto-

215 2679 301 2704 rum
333 2665 472 2703 virtute
503 2663 599 2702 alios
632 2663 765 2701 videas
799 2662 968 2700 fructum
997 2661 1143 2699 laetitiae
1175 2659 1449 2712 percipientes·
1506 2658 1611 2696 Num
1642 2659 1682 2696 in

217 2727 327 2766 malis
355 2727 514 2779 privatis
542 2726 679 2776 cuique
706 2723 815 2762 suis?
847 2724 959 2774 ecqui
983 2723 1174 2768 laetentur,
1199 2721 1390 2766 videntes,
1419 2721 1559 2770 quibus
1590 2720 1682 2757 olim

219 2789 351 2828 amicis
378 2789 436 2827 usi
459 2789 641 2836 fuissent,
661 2800 727 2827 eos
748 2799 854 2824 nunc
872 2791 1140 2837 paupertatem
1163 2791 1279 2834 atque
1301 2783 1550 2821 solitudinem
1571 2794 1682 2820 suam

219 2850 402 2896 devitare,
435 2850 612 2889 inimicos
639 2858 770 2888 autem
804 2846 1089 2886 calamitatibus
1120 2845 1199 2883 suis
1228 2844 1376 2883 illaetari
1409 2845 1457 2882 ab
1482 2844 1605 2894 iisque
1632 2842 1682 2881 ad

214 2913 463 2952 insolentiam
495 2911 648 2952 efferri?
705 2911 794 2950 Una
821 2910 905 2949 haec
938 2908 1029 2948 mihi
1063 2920 1267 2959 superesse
1300 2907 1451 2946 videtur
1479 2905 1587 2953 ratio,
1608 2918 1684 2956 qua
