1822 3219
434 132 506 169 DE
535 131 676 169 PACE
708 132 824 170 CUM
854 130 1301 168 LACEDAEMONIIS.
1509 132 1579 167 127

145 242 347 268 commune
364 230 425 268 sit.
464 232 592 282 Atqui,
607 233 755 277 amabo,
769 244 884 281 quam
902 230 1036 268 duram
1056 230 1109 266 illi
1131 236 1168 267 et
1179 242 1292 279 quam
1305 229 1583 268 intolerabilem

144 290 308 328 fuissent
323 304 344 328 a
357 293 461 329 vobis
481 305 613 343 pacem
634 291 883 344 impetraturi,
896 292 926 328 si
945 291 1003 328 vel
1023 303 1139 327 unum
1153 290 1394 327 solummodo
1413 290 1582 340 praelium

105 378 111 383 -
145 352 390 389 amisissent?
420 353 543 390 Boeoti
563 360 701 398 autem,
720 365 884 403 quonam
904 358 1016 401 pacto
1037 362 1170 401 pacem
1189 349 1411 387 contrahere
1425 350 1585 388 volunt?

146 410 377 449 Orchomeni
402 425 519 450 causa
536 413 676 449 bellum
698 426 782 449 cum
810 412 1086 462 suscepissent,
1104 422 1219 460 quam
1237 409 1316 460 pati
1337 409 1482 446 nollent
1506 423 1585 447 suae

143 473 295 521 spontis
315 485 401 509 esse
419 485 562 522 suoque
576 473 661 522 jure
681 472 779 510 civili
793 472 908 510 libere
922 473 990 516 uti,
1005 485 1120 517 nunc,
1136 478 1192 508 tot
1207 482 1364 507 numero
1380 470 1466 507 viris
1481 470 1585 507 forti-

145 532 218 568 bus
238 532 399 575 amissis‚
419 538 526 581 parte
547 532 626 580 agri
639 531 850 577 devastata,
871 532 1080 580 aerarioque
1100 531 1254 581 publico
1267 529 1470 571 exinanito,
1491 537 1530 566 et
1547 542 1587 567 re

145 591 332 641 cujusque
351 592 496 640 privata
515 591 711 637 exhausta,
730 593 978 642 pecuniisque
997 592 1042 628 iis
1062 591 1236 628 omnibus
1250 591 1445 628 incassum
1460 589 1587 627 effusis

145 658 186 688 et
199 651 367 701 perditis,
385 651 485 689 bello
500 659 675 701 quartum
693 652 730 688 in
749 665 890 689 annum
904 659 1090 697 extracto,
1112 664 1243 701 pacem
1268 650 1475 688 admittunt
1488 651 1587 688 hanc

144 712 182 748 in
203 712 341 761 legem,
361 719 404 749 ut
427 713 694 750 Orchomenus
715 713 834 750 libera
853 712 988 762 suique
1003 713 1099 764 juris
1127 712 1198 750 sit:
1229 712 1371 749 frustra
1388 711 1515 761 itaque
1532 712 1588 749 la-

140 773 338 819 borarunt,
358 774 499 811 frustra
516 775 687 824 jacturas
715 774 796 811 illas
831 787 963 811 omnes
989 774 1232 822 virorumque
1264 772 1589 823 pecuniarumque

143 832 328 878 fecerunt,
356 833 498 871 frustra
518 834 710 871 molestias
735 834 821 871 illas
851 847 983 871 ornnes
1008 833 1262 883 pertulerunt,
1286 834 1351 882 qui
1377 833 1591 883 potuissent

139 890 290 930 damnis
319 893 392 931 illis
424 895 601 932 omnibus
624 907 773 939 vacare,
800 895 831 932 si
855 907 878 932 a
896 895 1084 945 principio
1117 894 1245 931 statim
1272 894 1484 932 libertatem
1513 894 1586 932 Or-

135 952 334 991 chomeno
358 953 464 991 haud
491 955 683 1005 denegare
703 956 852 1005 ipsique
872 955 989 1006 quieti
1003 968 1138 992 vacare
1158 955 1382 992 voluissent.
1439 955 1589 994 Videtis

136 1012 231 1062 jam,
257 1027 334 1063 quo
352 1022 465 1064 pacto
491 1015 614 1052 Boeoti
636 1028 771 1066 pacem
801 1016 1044 1053 contrahant.
1107 1016 1158 1052 At
1184 1016 1371 1052 vobismet
1401 1015 1491 1066 ipsis
1514 1029 1590 1065 quo

143 1079 256 1122 pacto
276 1074 378 1119 licet,
397 1075 664 1121 Athenienses,
684 1075 850 1125 pacisci?
883 1076 1073 1125 Cogitate,
1088 1088 1234 1124 quaeso,
1249 1075 1382 1125 quales
1405 1076 1590 1114 Lacedae-

143 1133 354 1170 moniorum
373 1147 465 1183 erga
483 1147 554 1172 nos
573 1136 715 1185 experti
735 1135 853 1173 simus
875 1136 1021 1173 animos
1041 1142 1156 1185 atque
1173 1148 1310 1180 mores,
1331 1143 1369 1173 et
1395 1136 1529 1185 quales
1550 1137 1590 1174 hi

143 1207 270 1232 rursus
286 1208 378 1245 erga
397 1208 439 1232 se
453 1203 621 1233 nostros.
672 1196 833 1233 Veniam
852 1197 940 1233 huic
958 1196 1139 1234 orationis
1161 1209 1256 1234 meae
1275 1197 1372 1247 parti
1392 1197 1590 1247 deprecor,

146 1254 176 1292 si
194 1268 308 1305 quem
325 1262 492 1293 vestrum
512 1256 726 1293 fortassean
747 1255 939 1294 offensura
965 1257 1038 1294 sit:
1067 1269 1144 1293 non
1168 1256 1267 1294 enim
1287 1257 1427 1302 dicam,
1445 1258 1517 1296 nisi
1536 1258 1588 1304 id,

143 1315 246 1365 quod
278 1328 338 1353 res
367 1323 436 1353 est.
505 1316 639 1354 Classe
672 1316 711 1353 in
745 1316 998 1366 Hellesponto
1032 1317 1172 1354 amissa
1196 1329 1284 1353 cum
1313 1317 1588 1363 obsideremur,

143 1387 349 1424 quamnam
364 1375 414 1412 de
433 1375 543 1412 nobis
557 1376 783 1413 sententiam
801 1377 1093 1425 pronuntiarunt
1105 1376 1157 1421 hi,
1170 1377 1235 1426 qui
1254 1390 1356 1414 nunc
1368 1378 1460 1414 belli
1473 1379 1592 1416 socie-

144 1442 221 1473 tate
235 1436 434 1473 vobiscum
452 1436 620 1486 copulati
643 1444 744 1483 sunt,
771 1443 863 1474 tunc
883 1444 1008 1475 autem
1035 1450 1122 1475 cum
1142 1437 1446 1476 Lacedaemoniis
1469 1439 1589 1477 facie-

142 1495 262 1532 bant?
302 1495 390 1533 Non
409 1496 523 1540 hanc,
544 1503 587 1534 ut
611 1496 716 1534 liberi
740 1504 927 1548 quotquot
948 1504 1079 1535 essent
1097 1511 1166 1548 pro
1188 1499 1384 1549 mancipiis
1400 1500 1590 1538 vaenirent

143 1562 183 1593 et
208 1557 298 1593 urbs
318 1564 449 1594 nostra
473 1557 608 1594 incolis
630 1557 892 1595 desolaretur?
931 1559 1029 1600 Quae
1049 1559 1253 1608 quominus
1268 1559 1414 1605 fierent,
1434 1560 1588 1609 quinam

141 1615 464 1654 intercesserunt?
494 1616 632 1654 Nonne
649 1617 945 1664 Lacedaemonii,
962 1619 1028 1668 qui
1051 1619 1121 1656 soli
1141 1620 1264 1657 socios
1285 1620 1331 1657 ab
1352 1619 1418 1657 illa
1436 1620 1591 1659 funesta

143 1683 183 1712 et
206 1677 351 1714 furiosa
368 1679 559 1715 sententia
578 1684 811 1723 averterunt,
832 1679 905 1729 ipsi
925 1686 1051 1717 autem
1078 1693 1126 1717 ne
1144 1680 1417 1718 commiserunt
1435 1682 1590 1730 quidem

142 1743 187 1774 ut
201 1737 260 1774 vel
276 1737 498 1775 deliberatio
518 1738 758 1779 solummodo
780 1739 829 1777 de
844 1752 883 1777 re
904 1746 983 1777 tam
998 1740 1117 1778 atroci
1137 1740 1440 1790 proponeretur?
1469 1740 1584 1779 Post-

144 1797 315 1842 modum,
330 1797 579 1848 jurejurando
606 1811 692 1836 cum
714 1799 828 1836 fidem
848 1799 940 1850 ipsis
959 1807 1128 1838 nostram
1147 1801 1486 1839 obstrinxissemus
1503 1815 1589 1852 pre-

143 1859 328 1910 cibusque
341 1860 581 1898 conditiones
600 1860 837 1899 induciarum
857 1875 922 1900 eas
943 1864 990 1900 ab
1006 1862 1100 1912 ipsis
1120 1862 1482 1913 impetravissemus‚
1501 1877 1589 1913 quae

143 1922 250 1959 stelae
270 1923 701 1974 insculptaevsupersunt
721 1923 862 1969 adhuc,
881 1924 1024 1962 volenti
1050 1925 1187 1974 cuique
1215 1924 1451 1962 noscitandae
1474 1933 1589 1974 atque

144 1983 334 2033 legendae,
346 1984 461 2021 duras
477 1983 631 2034 quidem
647 1984 731 2021 illas
746 1990 785 2021 et
801 1984 839 2020 in
852 1997 892 2022 se
906 1984 1175 2030 exsecrabiles,
1188 1993 1464 2031 verumtamen,
1478 1993 1590 2034 prout

144 2043 183 2080 in
211 2043 277 2081 illo
308 2050 521 2094 temporum
542 2043 701 2081 articulo
732 2043 871 2081 misera
896 2057 1019 2081 rerum
1049 2051 1129 2081 erat
1153 2044 1335 2089 conditIO,
1360 2044 1451 2081 sat1s
1476 2044 1590 2082 etiam

145 2107 348 2157 optabiles,
363 2108 473 2145 utvel
487 2107 748 2157 congratulari
763 2107 874 2145 nobis
891 2107 1361 2157 deberemus,quodleges
1376 2107 1466 2144 latae
1478 2107 1589 2144 nobis

142 2181 220 2205 non
245 2175 376 2206 essent
399 2168 526 2205 adhuc
546 2168 732 2213 duriores,
753 2168 791 2204 in
811 2168 1010 2205 formulam
1032 2174 1230 2218 pactorum
1252 2167 1515 2205 condictorum
1536 2167 1591 2204 in-

145 2229 277 2266 ducias
290 2230 462 2279 egimus:
493 2228 634 2266 deinde
646 2223 844 2266 contracta
858 2241 944 2265 cum
962 2229 1107 2266 Boeotis
1123 2236 1163 2266 et
1181 2227 1387 2266 Corinthiis
1406 2228 1590 2266 societate

145 2289 245 2333 belli,
260 2302 357 2339 quos
377 2302 399 2326 a
416 2290 598 2327 societate
617 2289 990 2327 Lacedaemoniorum
1003 2290 1326 2334 abstraxeramus,
1344 2289 1589 2339 Argivosque

145 2349 377 2388 innectendo
398 2349 575 2387 amicitiae
594 2350 683 2387 olim
705 2349 910 2398 aliquando
933 2349 1025 2386 diris
1044 2348 1205 2399 publicis
1225 2348 1375 2386 devotae
1396 2355 1512 2398 atque
1531 2349 1588 2385 in-

143 2410 329 2456 terdictae‚
349 2410 626 2447 necessitatem·
637 2409 914 2447 Lacdaemoniis
935 2408 1186 2459 imposuimus
1211 2421 1351 2458 pugnae
1377 2408 1481 2458 apud
1512 2409 1589 2445 Co«

143 2470 312 2507 rinthum
339 2469 635 2507 committendae.
692 2468 895 2506 Persarum
915 2475 1040 2506 autem
1060 2481 1186 2517 regem
1205 2468 1360 2517 quinam
1386 2467 1477 2517 ipsis
1495 2468 1591 2505 infe-

146 2539 245 2568 stum
258 2529 482 2569 reddidere?
497 2530 694 2568 Cononem
708 2530 862 2580 quinam
876 2529 1002 2567 classe
1014 2530 1286 2573 instruxerunt,
1302 2529 1457 2578 quinam
1470 2528 1590 2578 copiis

146 2597 337 2629 armarunt
355 2591 568 2639 navalibus,
588 2597 632 2627 ut
656 2602 702 2627 eo
720 2596 853 2640 posset
869 2589 998 2640 praelio
1018 2589 1142 2627 navali
1169 2587 1482 2626 Lacedaemonios
1497 2600 1589 2627 con-

145 2651 283 2697 cidere,
301 2665 377 2711 quo
391 2652 524 2703 praelio
542 2651 795 2702 principatum
811 2650 924 2688 maris
944 2650 997 2688 illi
1013 2649 1246 2688 amiserunt⁹
1277 2649 1326 2685 Et
1344 2647 1588 2689 nihilominus

146 2717 289 2756 tamen,
306 2699 416 2749 istaec
436 2725 459 2749 a
483 2712 592 2750 nobis
621 2711 738 2762 passi,
764 2710 1043 2748 Lacedaemonii
1072 2710 1183 2747 nobis
1210 2707 1357 2752 eadem,
1386 2721 1472 2757 quae
1495 2712 1588 2748 socii

145 2772 279 2817 nostri,
293 2774 511 2812 concedunt
522 2781 565 2812 ut
576 2774 798 2820 habeamus,
811 2773 1052 2823 offeruntque
1066 2772 1220 2816 moenia,
1234 2770 1410 2816 classem,
1427 2771 1585 2810 insulas.

147 2833 290 2883 Ecquae
303 2833 383 2883 jam
399 2833 469 2872 erit
487 2846 533 2873 ea
550 2847 642 2886 pax,
659 2835 720 2873 cui
740 2847 807 2873 nos
828 2847 896 2885 per
909 2834 1057 2883 legatos
1079 2830 1292 2869 conciliatae
1305 2843 1373 2882 par
1392 2832 1441 2869 sit
1456 2832 1585 2883 acqui-
