1911 3248
266 225 289 260 6
644 216 1014 255 ΑΝΤῙΡΗΟΝΤ18
1047 213 1349 252 ACCUSATIO

265 323 302 359 in
323 324 483 359 buccam
505 321 650 358 veniret
671 319 942 370 interrogante,
964 324 1192 368 cogerentur
1212 316 1259 353 ad
1279 313 1511 365 quaestiones
1532 327 1636 352 meas
1657 327 1715 353 re-

265 382 470 432 spondere,
489 381 557 418 sed
585 380 800 418 sufficiebat
825 379 913 415 mihi
940 391 1044 415 meos
1075 376 1313 414 adversarios
1343 386 1473 412 servos
1501 385 1615 426 super
1642 374 1717 413 illis

266 442 509 480 solummodo
529 442 718 491 capitibus
739 441 972 489 interrogare
993 451 1079 488 quae
1096 438 1129 474 in
1144 436 1290 474 scheda
1308 435 1552 484 scripseram:
1581 435 1654 473 Vel
1670 447 1716 472 ex

266 503 341 540 hoc
360 502 442 539 solo
464 503 696 539 documento
716 500 908 551 aequitatis
930 512 1024 536 meae
1043 505 1210 542 constet,
1228 497 1298 535 nisi
1319 496 1442 541 fallor,
1463 503 1500 534 et
1517 509 1578 533 me
1597 509 1718 535 causa

264 576 350 600 mea
371 562 484 600 fidere
512 569 550 599 et
580 562 664 598 illos
695 574 775 597 suae
804 559 997 601 diffidere:
1030 559 1140 608 ecqui
1170 558 1324 595 tandem
1353 556 1461 593 istaec
1491 556 1652 606 aequitas
1681 562 1720 595 et

263 623 425 660 civilitas
447 631 563 672 atque
585 621 808 671 simplicitas
828 620 984 657 dubium
1008 619 1135 655 adhuc
1157 619 1276 655 ullum
1296 618 1342 654 de
1359 617 1562 654 honestate
1583 623 1620 654 et
1638 629 1723 666 pro-

266 684 464 721 babilitate
484 696 581 719 meae
600 681 869 723 contentionis,
890 679 1115 729 sangninem
1137 685 1339 729 paternum
1364 676 1589 721 ulciscendi,
1609 676 1720 714 relin-

264 743 385 793 quat?
415 751 453 780 et
472 752 642 793 poteram
664 742 794 792 utique
816 740 978 777 fidenter
999 740 1045 776 ad
1068 739 1168 775 illam
1184 737 1401 788 sponsionis
1419 737 1637 787 aequitatem
1655 736 1721 774 de-

264 804 463 841 scendere.
522 804 622 840 Nam
644 805 673 840 si
693 811 758 840 aut
780 815 931 853 prorsus
953 801 1205 838 infitiarentur
1226 800 1323 837 servi
1353 800 1499 836 factum
1526 804 1593 836 aut
1619 811 1718 849 prae-

264 864 475 901 dicationes
501 877 631 901 eorum
661 864 760 901 inter
787 877 827 900 se
847 863 1120 912 discreparent,
1142 868 1269 898 certus
1290 873 1377 897 esse
1401 867 1573 910 poteram
1597 859 1719 910 magi-

265 931 442 969 stratum,
463 938 580 974 penes
600 938 712 974 quem
742 924 841 974 aequi
864 923 960 971 juris
990 930 1048 959 est
1078 921 1370 965 administratio,
1391 920 1508 958 servis
1537 932 1603 958 eos
1633 933 1719 958 esse

264 985 437 1022 stimulos
458 986 718 1029 admotorum,
740 985 804 1035 qui
824 997 887 1021 eos
908 989 1091 1033 cogerent
1110 995 1217 1019 veras
1238 982 1290 1019 rei
1312 989 1429 1031 gestae
1447 981 1614 1019 rationes
1635 993 1722 1031 ape-

265 1045 349 1087 rire,
375 1045 623 1093 quantumvis
653 1046 849 1081 veritatem
879 1044 987 1081 falsis
1013 1042 1192 1079 indicinis
1219 1042 1449 1079 obumbrare
1476 1048 1720 1080 conarentur.

266 1103 344 1140 Fac
365 1110 499 1140 contra
520 1104 691 1140 evenisse
712 1113 828 1153 atque
848 1104 989 1147 evenit,
1004 1117 1079 1140 non
1100 1116 1160 1140 me
1181 1103 1256 1140 illis
1278 1103 1523 1153 sponsionem
1546 1103 1594 1140 de
1615 1116 1721 1141 man-

265 1163 372 1212 cipiis
393 1163 578 1200 dedendis
599 1164 798 1207 detulisse,
822 1164 888 1201 sed
912 1164 996 1200 illos
1016 1163 1129 1205 mihi;
1163 1163 1352 1212 fingamus
1379 1163 1508 1212 itaque
1533 1164 1721 1214 tantisper

266 1223 364 1265 illos,
378 1232 419 1259 ut
440 1225 600 1273 primum
623 1224 723 1261 fama
739 1225 785 1261 ad
804 1238 844 1262 se
861 1224 1017 1261 allatum
1039 1224 1283 1274 accepissent
1300 1236 1359 1260 me
1379 1236 1511 1272 parare
1531 1224 1720 1262 actionem

267 1284 302 1320 in
324 1284 553 1321 homicidam
576 1285 704 1334 patris,
719 1292 890 1321 actutum
912 1297 1062 1321 mecum
1083 1297 1315 1333 congressos
1336 1284 1427 1320 mihi
1446 1284 1720 1335 mancipiorum

268 1344 501 1382 deditionem
522 1345 721 1389 obtulisse,
744 1359 803 1382 me
824 1358 913 1382 vero
933 1345 1107 1395 accipere
1130 1345 1386 1382 detrectasse:
1417 1344 1508 1395 quid
1526 1344 1635 1382 tum?
1666 1346 1723 1383 usi

268 1417 402 1455 nempe
426 1405 499 1443 hoc
522 1406 686 1444 fuissent
713 1406 998 1444 evidentissimo
1025 1407 1193 1444 omniurn
1223 1413 1338 1457 atque
1361 1406 1578 1444 firmissimo
1603 1406 1723 1445 docu-

268 1473 398 1503 mento
419 1466 468 1503 ad
488 1467 735 1512 vincendum,
752 1467 864 1517 culpa
882 1467 1001 1505 caedis
1017 1468 1119 1504 omni
1135 1481 1174 1505 se
1191 1480 1342 1505 vacare.
1400 1467 1515 1505 Nunc
1529 1479 1635 1513 vero,
1649 1481 1722 1519 ego

267 1526 367 1563 enim
388 1527 577 1571 stimulos,
597 1527 668 1564 etsi
688 1534 816 1577 partes
837 1540 942 1564 meas
960 1528 1059 1565 inter
1078 1527 1339 1577 torquendum
1367 1527 1422 1565 eis
1446 1527 1539 1578 ipsis
1569 1527 1722 1579 delego,

267 1587 386 1624 servis
406 1587 599 1624 admoveri
628 1595 741 1638 peto;
773 1600 888 1632 nunc,
910 1587 1011 1633 dico,
1031 1588 1120 1625 mihi
1147 1588 1231 1625 haec
1258 1589 1344 1640 ipsa
1368 1588 1590 1626 testimonio
1619 1595 1723 1635 sunt,

268 1646 382 1696 culpa
406 1647 524 1684 caedis
554 1661 596 1685 se
622 1662 699 1685 non
726 1661 874 1686 vacare.
932 1649 1047 1694 Certe
1067 1649 1182 1694 enim,
1208 1650 1238 1686 si
1259 1650 1331 1700 ipsi
1357 1648 1511 1700 quidem
1531 1650 1725 1700 mancipia

269 1708 465 1744 tormentis
497 1708 597 1745 affici
629 1709 869 1754 obtulissent,
897 1722 971 1759 ego
1002 1722 1092 1746 vero
1120 1709 1319 1759 negotium
1348 1709 1636 1756 detrectassem,
1663 1722 1724 1748 res

267 1769 358 1820 ipsis
381 1769 488 1806 falsae
507 1769 802 1808 insimulationis
829 1770 1051 1808 testimonio
1080 1769 1231 1807 fuisset.
1289 1770 1421 1808 Liceto
1449 1770 1541 1808 mihi
1569 1782 1722 1821 quoque

269 1842 364 1866 meae
383 1841 511 1866 causae
530 1830 728 1868 veritatem
748 1831 822 1868 hoc
842 1831 926 1881 ipso
949 1837 1174 1881 argumento
1195 1830 1333 1869 docere
1352 1839 1469 1881 atque
1490 1831 1721 1881 approbare,

270 1890 334 1938 qui
354 1902 484 1926 servos
505 1890 593 1927 dedi
619 1891 888 1941 postulaverim
919 1892 966 1928 ab
996 1891 1054 1928 his
1085 1891 1226 1929 dedere
1254 1893 1537 1930 recusantibus.
1595 1892 1723 1929 Grave

269 1949 443 1999 profecto
462 1958 501 1987 et
521 1950 718 2000 indignum
738 1952 910 1989 facinus!
942 1952 993 1989 Hi
1014 1965 1080 1989 vos
1105 1960 1256 2001 rogant,
1275 1952 1440 2002 judices,
1461 1959 1502 1989 ut
1527 1965 1569 1989 se
1597 1952 1724 1990 absol-

270 2010 381 2055 vatis,
403 2017 482 2047 eta
501 2011 608 2048 vobis
635 2012 847 2062 precarium
871 2013 935 2063 jus
962 2013 1066 2050 velut
1091 2012 1398 2057 emendicantur,
1418 2013 1497 2063 qui,
1520 2012 1551 2050 si
1581 2012 1724 2050 dedere

272 2085 402 2110 servos
421 2073 715 2124 voluissent‚jus
736 2073 807 2124 ipsi
824 2074 893 2111 sibi
915 2087 983 2124 pro
1003 2074 1155 2111 arbitrio
1171 2087 1240 2111 suo
1254 2074 1394 2119 dicere,
1408 2073 1482 2111 hoc
1502 2080 1575 2120 est,
1592 2086 1723 2112 causae

271 2145 351 2169 suae
368 2134 596 2182 probitatem
619 2142 733 2184 atque
753 2135 1030 2184 legitimitatem
1051 2135 1162 2171 certis
1189 2141 1227 2172 et
1254 2134 1576 2185 irrefragabilibus
1604 2134 1723 2172 docu—

271 2195 408 2231 mentis
427 2196 636 2245 approbare
656 2195 839 2245 vobisque
859 2195 1139 2233 absolutionem
1158 2195 1218 2231 vel
1244 2195 1372 2231 invitis
1400 2201 1625 2245 extorquere
1654 2208 1723 2245 po·

271 2255 449 2292 tuissent.
506 2257 594 2294 Jam
615 2269 705 2306 ergo
725 2269 800 2293 non
828 2257 991 2306 amplius
1020 2256 1227 2292 obscurum
1258 2263 1327 2300 est,
1347 2268 1415 2292 cur
1437 2268 1522 2293 eum
1553 2255 1723 2301 modum,

272 2329 348 2365 quo
369 2317 420 2352 rei
440 2324 560 2365 gestae
575 2317 714 2354 veritas
729 2316 806 2353 erui
824 2323 863 2353 et
876 2316 923 2352 ad
939 2315 1124 2364 liquidum
1143 2314 1298 2364 perduci
1314 2323 1475 2365 poterat,
1489 2314 1721 2365 defugerint.

273 2376 423 2413 Norant
443 2389 592 2426 nempe,
611 2377 699 2414 huic
719 2376 926 2414 discrimini
948 2376 978 2412 si
999 2389 1040 2412 se
1059 2376 1352 2421 committerent,
1372 2376 1541 2413 futurum
1569 2388 1655 2413 esse
1681 2383 1724 2413 ut

271 2444 485 2488 patesceret
505 2438 644 2474 malum
664 2437 766 2474 domi
788 2450 868 2474 suae
888 2449 1006 2488 penes
1027 2449 1069 2473 se
1089 2436 1278 2479 residere3
1310 2449 1427 2486 quare
1447 2436 1550 2474 omni
1569 2444 1726 2474 conten-

273 2498 374 2535 tione
395 2498 431 2534 in
452 2497 525 2534 hoc
546 2497 833 2540 incumbebant,
853 2505 896 2534 ut
917 2509 1111 2535 servorum
1140 2496 1316 2547 quaesitio
1341 2497 1580 2534 omitteretur
1600 2510 1724 2547 eoque

273 2558 363 2609 mali
380 2571 467 2595 vera
483 2559 593 2596 sedes
609 2559 726 2596 tacita
742 2566 781 2596 et
796 2559 926 2608 ignota
941 2565 1125 2595 maneret.
1182 2558 1262 2595 Vos
1277 2558 1583 2608 autemjudices‚
1596 2565 1724 2595 certus

275 2619 376 2656 enirn
397 2631 481 2656 sum
502 2627 639 2656 vestrae
659 2620 858 2670 sapientiae
878 2627 993 2669 atque
1010 2619 1213 2668 aequitatis,
1229 2619 1303 2656 hoc
1318 2618 1484 2669 ipsorum
1506 2618 1722 2668 exemplum

274 2691 349 2715 non
370 2679 618 2724 imitabimini,
635 2680 703 2717 sed
722 2681 850 2731 potius
872 2679 977 2717 ulcus
993 2679 1065 2717 hoc
1087 2679 1342 2716 denudabitis.
1402 2677 1479 2716 Sed
1498 2679 1581 2716 haec
1597 2678 1727 2716 hacte-

276 2751 371 2776 nus:
402 2747 554 2778 transeo
580 2753 683 2777 nunc
710 2741 758 2777 ad
783 2741 942 2777 alteram
969 2747 1114 2790 partem
1141 2740 1310 2777 muneris
1335 2739 1422 2785 mei,
1449 2746 1567 2777 totam
1593 2739 1660 2788 rei,
1682 2747 1725 2777 ut

275 2811 361 2836 vere
390 2807 499 2848 gesta
528 2801 614 2850 fuit,
642 2800 777 2838 seriem
805 2813 932 2838 coram
960 2801 1067 2838 vobis
1095 2807 1359 2838 enarraturus:
1391 2799 1542 2851 justitia
1569 2812 1723 2838 cursum

277 2858 456 2896 orationis
477 2872 573 2896 τηρεε·
593 2861 830 2910 actionisque
849 2868 1028 2898 eventurn
1051 2861 1276 2911 gubernato.

329 2920 365 2955 3.
397 2918 578 2968 Superius
598 2921 736 2958 domus
756 2928 896 2959 nostrae
913 2921 1125 2959 tabulatum
1149 2921 1373 2966 Philoneus,
1393 2921 1542 2971 quoties
1567 2921 1604 2958 in
1630 2920 1724 2958 urbe
