1822 3219
595 170 665 206 DE
697 167 1001 207 MYSTERHS.
1470 166 1518 203 85

77 274 145 311 hos
165 273 348 310 mendacii
380 273 619 315 convincere,
645 268 710 319 qui
744 267 1019 312 commiserint,
1049 272 1091 304 ut
1110 267 1149 304 in
1169 266 1371 304 momentis
1401 278 1517 304 accu-

77 335 235 373 sationis
255 335 368 384 longe
387 331 619 385 gravissimis
644 336 760 379 atque
778 328 983 367 teterrimis
1002 335 1081 366 tam
1105 327 1299 379 perspicui
1330 326 1520 365 mendacii

79 403 343 447 arguerentur.

130 459 169 495 5.
200 456 285 494 Hoc
327 455 439 507 igitur
467 453 582 492 modo
609 457 771 502 quatuor
803 452 917 490 factae
950 457 1041 490 sunt
1071 450 1119 488 de
1152 449 1270 489 sacris
1305 449 1516 500 profanatis

80 517 334 555 indicationes
373 516 446 560 hae,
473 527 569 564 quas
605 512 711 550 dixi:
749 512 963 551 secundum
999 524 1161 562 quarum
1207 522 1520 560 unamquamque

83 579 149 629 qui
186 579 223 615 in
254 576 423 615 exsilium
457 575 596 619 ierunt,
626 586 757 612 eorum
789 574 897 611 vobis
927 572 1085 611 recitavi
1116 571 1284 619 nomina,
1321 578 1363 609 et
1396 578 1517 610 testes

82 641 212 679 testati
232 645 333 677 sunt.
388 637 471 688 Ego
498 650 603 682 vero,
627 649 704 686 quo
732 636 847 674 fidem
874 635 983 673 vobis
1015 647 1140 673 creem
1171 639 1280 672 tanto
1304 633 1520 678 certiorem,

83 708 219 753 praeter
249 700 324 737 ista
352 698 427 737 hoc
455 698 582 736 adhuc
623 697 775 735 faciam.
830 697 987 742 Eorum,
1011 695 1077 746 qui
1106 708 1174 746 per
1199 707 1355 733 causam
1386 694 1522 732 horum

84 773 275 800 sacrorum
295 759 582 811 profanatorum
602 759 640 795 in
659 758 832 796 exsilium
851 758 989 804 ierunt,
1010 757 1072 795 alii
1091 756 1342 795 decesserunt
1357 756 1525 803 exsules,

83 822 146 860 alii
174 835 263 859 vero
295 821 451 859 domum
478 821 674 858 redierunt
698 826 738 857 et
760 820 800 857 in
829 820 922 857 urbe
947 825 1148 858 versantur
1170 825 1209 857 et
1239 831 1263 856 a
1290 831 1352 856 me
1379 818 1526 855 invitati

83 883 160 920 hoc
178 882 218 920 in
234 881 541 933 judicio‘praesto
556 881 647 918 mihi
668 887 772 919 sunt.
829 881 981 918 Horum
994 881 1110 932 igitur
1126 880 1336 930 unicuique
1355 886 1526 931 potesta-

83 950 162 981 tem
175 943 288 988 facio,
304 950 479 981 currente
501 956 604 993 aqua
621 955 719 987 mea,
738 941 927 979 mendacii
945 947 989 979 ut
1011 954 1073 979 me
1092 947 1318 992 coarguant,
1333 936 1527 986 docendo,

84 1011 153 1042 aut
182 1004 355 1055 ipsorum
385 1004 551 1054 aliquem
578 1010 734 1055 propter
758 1017 819 1041 me
845 1003 884 1039 in
914 1003 1089 1041 exsilium
1121 1002 1308 1053 migrasse
1326 1009 1529 1054 propterea

86 1065 192 1115 quod
221 1078 245 1102 a
262 1077 322 1102 me
342 1077 455 1101 suum
474 1077 614 1101 nomen
633 1064 771 1101 fuisset
789 1064 1014 1109 indicatum,
1045 1071 1111 1102 aut
1138 1076 1215 1101 non
1241 1077 1309 1115 per
1328 1063 1411 1100 illas
1429 1076 1527 1114 quas

88 1126 204 1163 modo
223 1125 301 1163 dixi
325 1124 576 1162 indicationes
604 1125 750 1162 factum
782 1137 867 1162 esse
898 1132 943 1162 ut
970 1138 1102 1162 eorum
1129 1124 1273 1175 quique
1292 1125 1330 1162 in
1349 1124 1530 1163 exsilium

88 1187 198 1225 irent.
255 1186 326 1224 His
347 1186 386 1223 in
405 1186 519 1223 rebus
540 1185 570 1222 si
590 1185 654 1235 qui
676 1199 737 1223 me
756 1185 945 1223 mendacii
966 1192 1191 1235 coarguent,
1223 1185 1380 1223 statuite
1401 1185 1449 1223 de
1468 1199 1531 1224 me

87 1248 270 1298 quicquid
282 1248 388 1285 vobis
405 1247 613 1289 allubebit3
636 1252 674 1283 et
694 1247 927 1292 conticesco,
947 1254 987 1284 et
1003 1247 1079 1284 hoc
1099 1245 1247 1284 decedo
1268 1247 1315 1285 de
1329 1253 1528 1297 suggestu,

87 1310 308 1359 quicunque
325 1308 401 1346 huc
421 1307 631 1345 ascendere
658 1308 772 1345 volet.

142 1371 179 1407 6.
211 1371 311 1419 Age,
324 1368 521 1405 videamus
534 1368 629 1418 jam,
642 1368 724 1413 viri,
742 1376 828 1419 post
847 1369 952 1407 istaec
969 1369 1062 1420 quid
1078 1369 1274 1408 evenerit?
1306 1370 1531 1409 Secundum

88 1429 336 1468 indicationes
357 1429 534 1467 videlicet
552 1436 635 1467 orta
653 1436 713 1468 est
741 1430 790 1467 de
822 1431 989 1482 praemiis
1015 1444 1145 1469 earum
1167 1431 1363 1470 contentio
1377 1455 1429 1461 -—-—
1445 1445 1532 1470 nam

89 1505 110 1530 e
130 1491 329 1543 Cleonymi
348 1490 504 1529 decreto
525 1491 628 1529 mille
650 1491 843 1529 drachmae
862 1492 1117 1538 solummodo,
1148 1505 1169 1530 e
1200 1493 1378 1530 Pisandri
1405 1499 1535 1532 autem

90 1552 219 1591 decies
240 1553 341 1590 mille
359 1552 580 1590 constitutae
598 1559 706 1590 erant
726 1552 763 1589 in
777 1553 977 1603 praemium
989 1577 1054 1599 —,
1069 1566 1181 1604 super
1199 1553 1275 1591 hoc
1288 1554 1420 1604 itaque
1434 1568 1534 1606 prae-

89 1614 165 1651 mio
184 1614 281 1652 inter
301 1627 341 1651 se
357 1613 643 1652 contendebant
662 1614 811 1664 ipsique
827 1615 992 1666 judices,
1015 1621 1054 1652 et
1089 1614 1338 1665 Pythonicus,
1358 1615 1445 1654 ideo
1465 1616 1535 1654 sibi

91 1674 289 1725 praemium
304 1687 487 1725 arrogans
506 1675 612 1724 quod
629 1674 774 1725 primus
796 1689 873 1714 rem
894 1676 943 1714 ad
964 1676 1190 1713 concionem
1212 1675 1404 1715 retulisset
1424 1677 1536 1728 eique

92 1736 316 1786 aperuisset,
346 1742 386 1773 et
403 1736 558 1773 tandem
583 1736 796 1774 Androcles
820 1737 886 1787 qui
913 1737 1112 1788 praemium
1135 1736 1210 1775 hoc
1230 1738 1381 1775 senatui
1408 1738 1538 1778 deberi

95 1797 367 1834 contendebat.
424 1797 576 1835 Placuit
599 1798 727 1847 itaque
746 1798 905 1849 populo,
926 1806 968 1836 ut
997 1805 1217 1837 senatorum
1237 1799 1304 1846 illi,
1323 1799 1389 1849 qui
1417 1802 1537 1840 sacris

94 1857 300 1895 Eleusiniis
319 1864 450 1895 essent
466 1857 613 1902 initiati,
630 1858 667 1895 in
687 1859 890 1897 dicasterio
903 1859 1262 1898 Thesmothetarum
1282 1861 1427 1900 indices
1447 1876 1537 1901 exa-

94 1918 284 1956 minarent
303 1932 415 1969 super
434 1919 602 1969 ipsorum
622 1920 930 1966 indicationibus,
948 1933 1142 1971 quemque
1163 1934 1276 1972 super
1301 1935 1383 1968 sua,
1415 1936 1539 1975 eoque

94 1979 196 2016 facto
215 1991 371 2016 causam
399 1980 641 2030 praemiorum
662 1982 874 2019 dandorum
895 1982 968 2033 ipsi
987 1982 1140 2020 arbitrio
1160 1995 1228 2020 suo
1257 1982 1538 2034 disceptarent:

95 2039 151 2077 sic
184 2040 223 2076 hi
256 2047 450 2078 senatores
480 2041 639 2091 primum
674 2049 714 2079 et
748 2042 985 2093 praecipuum
1021 2043 1221 2093 praemium
1252 2044 1539 2092 Andromacho,

95 2100 309 2138 secundum
340 2108 469 2138 autem
489 2102 637 2140 Teucro
659 2103 940 2154 adjudicarunt,
976 2110 1014 2140 et
1032 2103 1094 2141 ille
1115 2104 1269 2154 quidem
1288 2104 1417 2143 decies
1436 2106 1542 2144 mille

94 2162 297 2201 drachmas
318 2163 419 2210 tulit,
448 2163 511 2201 hic
531 2172 659 2202 autem
687 2165 790 2203 mille
811 2165 1068 2204 solummodo.
1124 2166 1212 2204 Cita
1230 2174 1272 2205 tu
1290 2167 1380 2206 mihi
1404 2168 1540 2208 horum

95 2231 228 2263 testes.

718 2321 932 2360 TESTES.

153 2404 189 2440 7.
219 2402 308 2440 Jam
337 2402 384 2441 de
403 2403 558 2441 crimine
585 2417 779 2444 sacrorum
797 2408 1100 2458 profanatorum,
1134 2409 1246 2460 cujus
1264 2409 1430 2450 criminis
1450 2425 1543 2464 ergo

98 2463 198 2501 actio
225 2463 324 2511 haec,
353 2464 392 2501 in
419 2465 505 2516 jure
536 2465 678 2503 forensi
710 2466 856 2513 ἔνδειξις
875 2469 992 2514 dicta,
1024 2469 1062 2506 in
1090 2483 1150 2508 me
1171 2471 1317 2509 intenta
1346 2479 1418 2519 est,
1437 2480 1476 2510 et
1494 2474 1542 2511 de

97 2537 174 2574 quo
201 2537 268 2562 vos
296 2525 362 2574 qui
389 2526 482 2563 estis
500 2526 634 2564 initiati
659 2528 856 2577 cognitum
875 2536 990 2580 atque
1022 2530 1279 2582 disceptatum
1308 2531 1382 2569 hue
1401 2546 1542 2570 conve-

100 2584 222 2630 nistis,
239 2584 396 2636 planum
416 2586 524 2624 vobis
539 2593 801 2639 testatumque
821 2589 905 2636 feci,
926 2603 986 2627 me
1008 2604 1133 2642 neque
1152 2593 1278 2643 ipsum
1298 2593 1389 2631 deos
1409 2594 1542 2644 impie-

102 2651 178 2682 tate
205 2646 370 2685 violasse
401 2661 526 2698 neque
545 2648 642 2686 alios
662 2648 710 2687 de
730 2651 937 2690 commissa
967 2665 1060 2703 erga
1089 2653 1183 2691 deos
1216 2654 1414 2705 impietate
1443 2655 1543 2694 ultro

99 2717 304 2745 accusasse
322 2720 446 2759 neque
464 2709 742 2761 interrogatum
762 2725 849 2750 esse
868 2712 1015 2751 fassum
1035 2713 1082 2751 de
1103 2727 1164 2750 me
1189 2721 1256 2752 aut
1281 2715 1331 2753 de
1350 2728 1544 2767 quoquam

99 2766 176 2802 alio
195 2766 395 2817 impietatis
414 2784 494 2818 reo,
513 2771 676 2823 denique
695 2786 814 2825 penes
842 2787 903 2812 me
924 2775 1075 2825 culpam
1102 2787 1183 2813 esse
1204 2776 1347 2815 nullam
1365 2777 1413 2815 ad
1434 2791 1544 2817 sacra

105 2826 265 2864 dearum
283 2831 534 2878 pertinentem
553 2846 677 2884 neque
713 2834 894 2884 majorem
925 2849 1050 2886 neque
1070 2835 1267 2875 minorem.
1321 2838 1450 2890 Atque
1470 2840 1544 2878 hoc

106 2900 130 2924 a
151 2899 210 2924 me
232 2890 336 2927 vobis
354 2894 571 2942 persuaderi
591 2896 726 2933 summi
748 2897 871 2934 facio:
903 2897 1120 2936 exsultabat
1138 2899 1289 2948 quidem
1310 2899 1382 2938 hoc
1402 2901 1438 2938 in
1459 2900 1543 2940 loco
