1911 3248
227 529 804 578 ANTIPHONTIS
851 528 1390 578 TETRALOGIA
1428 527 1461 573 I.

342 771 376 806 l.
404 768 651 807 AccUSA'rio
681 781 818 807 cffims
849 778 1161 807 VOLUNTARIAE.

338 831 376 866 2.
407 829 631 868 Dnrnnsro
662 842 796 868 cfflms
827 840 1039 869 EJUSDEM.

339 890 376 927 3.
405 891 655 929 AccusArlo
687 903 926 930 Posrmuon
954 901 1152 930 EJUSDEM
1183 899 1334 926 cAEms.

339 952 377 988 4.
408 951 633 990 Dnnssnsro
664 964 902 991 ros'rsmon
933 963 1131 991 EJUSDEM
1164 961 1313 988 czsms.

346 1178 380 1213 1.
411 1176 727 1215 ACCUSATIO
757 1176 930 1213 CAEDIS
961 1172 1340 1212 VOLUNTARIAE.

684 1285 837 1315 ARGUM
846 1285 1002 1315 ENTUM.

173 1368 293 1418 Ubique
309 1367 464 1407 Antiphon
476 1367 606 1397 innatam
622 1378 705 1397 suam
723 1368 783 1398 vim
799 1368 922 1398 dicendi
938 1367 1220 1403 ostendit‚maxime
1236 1375 1308 1395 vero
1321 1365 1352 1394 in
1369 1361 1563 1402 sequentibus

131 1425 257 1460 quatuor
272 1420 468 1455 orationibus,
483 1419 512 1449 in
530 1420 638 1459 quibus
650 1430 752 1449 secum
767 1419 833 1458 ipse
846 1424 970 1459 pugnat.
1016 1421 1100 1449 Duas
1118 1419 1197 1449 enim
1208 1418 1356 1448 orationes
1372 1426 1427 1455 pro
1443 1424 1566 1445 accusa-

131 1475 195 1500 tore
210 1470 351 1506 recitans,
365 1475 395 1500 et
410 1471 484 1500 duas
500 1481 556 1509 pro
572 1481 623 1500 reo
639 1470 754 1506 habuit,
769 1470 799 1500 in
816 1471 958 1500 ambabus
974 1480 1060 1510 aeque
1078 1470 1232 1509 probatus.
1277 1467 1355 1497 Haeo
1374 1466 1452 1496 enim
1470 1464 1566 1495 oratio

133 1521 240 1551 similis
257 1526 303 1551 est
318 1521 446 1551 orationi
463 1521 563 1560 Lysiae
574 1521 611 1550 ad
628 1521 770 1551 Micinem
788 1522 923 1560 scriptae.
953 1522 1169 1561 Argumentum
1183 1521 1248 1558 ejus
1260 1520 1317 1548 hoc
1329 1523 1386 1548 est.
1423 1517 1565 1554 Quidam,

131 1582 149 1602 a
164 1582 250 1603 coena
264 1572 396 1608 rediens,
416 1581 485 1601 cum
501 1572 612 1601 comite
629 1572 749 1602 occisus
768 1572 910 1602 inventus
933 1577 989 1602 est.
1034 1573 1109 1602 Post
1131 1573 1216 1612 cujus
1239 1574 1367 1600 mortem
1388 1569 1510 1608 quidam
1525 1577 1566 1597 ex

131 1623 268 1653 affinibus
283 1623 347 1653 suis
363 1623 516 1653 inimicum
529 1625 594 1662 ejus
611 1628 742 1660 accusat,
758 1629 790 1653 ut
806 1624 893 1665 hujus
907 1624 1063 1654 homicidii
1079 1634 1178 1654 reum:
1204 1623 1254 1652 ille
1275 1622 1432 1651 inficiatur.
1476 1619 1565 1650 Unde

131 1675 305 1713 conjectura
319 1679 414 1703 status
430 1673 617 1712 imperfecta,
628 1685 666 1704 ex
680 1685 738 1704 una
753 1679 867 1704 tantum
878 1685 1005 1714 persona
1015 1679 1167 1705 constans.
1210 1672 1333 1704 Divisio
1349 1671 1492 1702 orationis
1501 1671 1565 1700 haec

131 1730 188 1754 est.
231 1724 267 1754 In
283 1724 431 1764 prooemio
455 1724 702 1754 constitutionem
719 1725 815 1754 oratio
832 1735 889 1754 non
907 1726 1008 1761 habet,
1023 1725 1091 1765 quia
1108 1725 1239 1754 nondum
1254 1723 1349 1753 oratio
1369 1722 1490 1752 dicendi
1511 1721 1566 1750 im-

130 1785 225 1814 pensa
241 1782 322 1805 erat:
348 1774 569 1805 contentionem
586 1776 872 1815 namqueincipiens
884 1776 1012 1816 primum
1029 1777 1230 1806 accusationis
1241 1774 1446 1806 confutatione
1461 1773 1565 1808 utitur,

130 1836 191 1865 qua
214 1826 348 1856 ostendit
365 1826 514 1856 neminem
535 1837 573 1857 ex
589 1827 776 1856 debitoribus
792 1838 828 1857 ne
846 1827 1029 1867 cogitatione
1049 1827 1170 1866 quidem
1191 1825 1393 1857 interfecisse.
1447 1824 1566 1855 Deinde

132 1887 254 1906 eausam
277 1882 376 1916 urget,
402 1878 565 1907 ostendens
592 1887 631 1907 ex
658 1877 779 1909 insidiis
801 1877 990 1908 interfectum
1019 1889 1097 1908 esse.
1149 1877 1289 1916 Denique
1313 1877 1351 1906 ad
1376 1875 1565 1916 propositum

129 1928 248 1964 transit,
261 1927 498 1966 iudiciorumque
511 1928 688 1967 petitionem
706 1928 788 1959 servi
806 1929 980 1959 testimonio
997 1929 1119 1959 refellit.
1165 1929 1285 1960 Deinde
1296 1927 1446 1968 digressio
1458 1931 1487 1956 et
1497 1936 1567 1966 per-

131 1977 227 2007 oratio
244 1979 391 2018 sequitur.

186 2111 291 2153 Qum
319 2111 472 2161 quidem
505 2111 660 2150 fraudes
692 2114 739 2150 ab
768 2112 985 2152 hominibus
1015 2113 1303 2151 contemnendis
1336 2118 1568 2164 comparatae

132 2171 287 2218 fuerint,
301 2185 357 2210 eae
376 2178 466 2209 sunt
484 2172 532 2209 ad
549 2173 836 2224 coarguendum
856 2187 930 2212 non
957 2174 1163 2212 admodum
1189 2174 1384 2212 difficiles:
1414 2174 1566 2212 fraudes

133 2240 260 2270 autem
289 2233 320 2270 si
348 2246 435 2283 quae
466 2240 697 2272 constructae
727 2234 869 2272 fuerint
900 2236 947 2273 ab
978 2235 1195 2274 hominibus
1221 2235 1339 2273 nobili
1365 2236 1450 2274 loco
1469 2235 1568 2273 natis

132 2306 331 2343 rerumque
356 2294 519 2331 civilium
542 2308 612 2332 usu
632 2294 742 2342 tritis,
762 2302 800 2333 et
818 2296 856 2333 id
877 2297 1000 2334 aetatis
1030 2298 1230 2347 agentibus
1248 2310 1324 2347 quo
1343 2297 1500 2351 quisque
1520 2297 1570 2335 ad

132 2354 372 2405 prudentiam
391 2354 672 2393 valentissimus
700 2363 813 2407 atque
844 2357 1137 2396 excitatissimus
1165 2366 1233 2404 est,
1253 2358 1441 2409 ejusmodi
1467 2365 1570 2397 vete·-

134 2422 278 2454 ratores
294 2424 333 2454 et
346 2419 536 2456 noscitare
553 2426 593 2456 et
608 2432 812 2469 coarguere
828 2433 1010 2470 perquam
1027 2428 1086 2458 est
1101 2422 1273 2459 arduum.
1331 2421 1570 2460 Discriminis

135 2477 235 2514 enim
256 2479 372 2528 probe
393 2485 566 2518 tenentes
584 2481 898 2530 magnitudinem,
920 2481 957 2518 in
977 2483 1080 2532 quod
1098 2483 1263 2520 induunt
1289 2490 1419 2533 caput,
1441 2496 1460 2521 e
1487 2483 1569 2520 lon-

133 2539 276 2589 ginquo
302 2539 516 2578 cautionem
537 2541 757 2579 insidiarum
777 2555 871 2591 quas
884 2576 885 2579 ,
897 2551 1031 2592 parant
1049 2544 1234 2590 meditati,
1251 2544 1351 2595 prius
1369 2545 1473 2595 operi
1492 2557 1571 2581 ma-

135 2613 226 2637 num
246 2613 322 2639 non
343 2600 549 2640 admovent
568 2616 682 2653 quam
711 2603 915 2654 suspicioni
942 2606 1044 2643 omni
1068 2606 1211 2644 aditum
1232 2605 1281 2643 ad
1299 2618 1339 2642 se
1358 2605 1569 2655 diligentis-

136 2662 229 2701 sima
249 2663 590 2715 circumspectione
614 2665 855 2704 occluserint.
912 2667 1082 2710 Quorum
1101 2681 1168 2705 vos
1196 2679 1334 2719 gnaros
1361 2673 1474 2718 atque
1492 2681 1570 2707 me-

136 2735 261 2762 mores
279 2732 443 2776 oportet,
458 2739 480 2763 o
494 2726 660 2777 judices,
675 2727 734 2764 vel
754 2727 948 2770 minimum
968 2742 1157 2780 quemque
1176 2729 1323 2766 radium
1343 2729 1569 2780 suspicionis

137 2785 363 2824 allabentem
379 2787 516 2838 cupide
529 2794 683 2839 captare
695 2788 802 2839 eique
815 2795 955 2827 certam
970 2790 1081 2828 fidem
1098 2790 1291 2828 adhibere.
1345 2789 1427 2828 Nos
1441 2797 1570 2830 autem

137 2846 241 2883 hunc
265 2859 369 2885 reum
393 2849 506 2900 hujus
536 2850 651 2888 caedis
678 2855 836 2900 agentes
855 2851 1027 2890 volumus
1048 2851 1153 2890 vobis
1181 2858 1420 2891 accusatores
1444 2853 1571 2892 idonei

139 2915 253 2957 atque
273 2907 437 2958 religiosi
455 2910 593 2955 videri;
622 2924 744 2962 neque
766 2923 898 2949 sumus
918 2925 966 2950 ex
985 2925 1029 2950 eo
1049 2925 1187 2962 genere
1207 2922 1485 2961 accusatorum,
1503 2915 1570 2966 qui
