1822 3219
688 181 870 235 LYS
897 179 1017 232 1AE

299 310 461 360 PRO
512 306 832 357 CALLIAE
885 301 1407 352 SACRILEGIO

685 429 1012 471 APOLOGIA.

178 599 378 635 CALLrAs
400 596 474 634 alia
493 595 672 646 quapiam
693 594 740 632 de
761 607 813 638 re,
835 606 911 631 non
939 593 987 630 de
1008 592 1184 630 libertate
1206 591 1421 637 retinenda,
1441 590 1472 628 si
1493 603 1582 628 con-

120 659 310 703 tenderet,
346 657 562 695 sufficerent
594 656 685 693 mibi
720 657 767 693 ab
797 655 879 692 aliis
913 667 981 704 pro
1008 666 1054 690 eo
1091 653 1221 691 dicta:
1247 652 1327 703 jam
1359 654 1449 690 verb
1469 659 1581 703 turpe

123 719 214 756 mihi
245 719 394 757 videtur
427 731 527 764 esse,
554 716 720 755 hortanti
755 729 816 753 me
842 714 977 752 Calliae
1011 721 1127 765 atque
1151 714 1318 764 roganti,
1348 712 1495 751 homini
1514 713 1579 751 de-

123 781 237 830 nique
257 793 335 817 non
357 779 449 816 mihi
469 779 584 816 modo
604 791 710 816 nunc
730 778 867 823 amico,
889 776 958 814 sed
978 783 1016 813 et
1036 776 1125 813 olim
1147 789 1235 813 cum
1255 784 1362 827 patre
1384 789 1469 814 meo
1489 788 1583 813 con-

115 841 361 893 junctissimo
400 841 523 878 donec
573 846 683 890 pater
722 839 760 875 in
797 837 891 875 vivis
930 844 1161 887 superesset,
1199 843 1238 874 et
1276 837 1432 887 quicum
1470 835 1583 874 nobis

123 903 256 941 multae
275 904 570 941 intercesserunt
587 914 711 938 rerum
731 905 1016 937 contractarum
1036 898 1361 943 necessitudines,
1388 910 1458 949 pro
1489 897 1586 935 virili

125 977 224 1010 mea,
253 965 380 1015 quoad
404 965 469 1014 jus
497 972 535 1001 et
560 963 620 1000 fas
649 963 712 1008 sit,
731 961 834 999 nolle
866 973 1100 998 succurrere.
1158 960 1433 997 Existimabam
1454 960 1585 1010 itaque

126 1025 289 1062 Calliam
324 1025 550 1074 inquilinum
583 1024 682 1060 inter
714 1035 785 1060 nos
819 1029 999 1072 agentem
1027 1022 1081 1059 ita
1107 1034 1148 1058 se
1169 1022 1351 1071 gessisse,
1371 1028 1414 1058 ut
1441 1020 1585 1071 dignus

126 1092 231 1123 esset
272 1093 498 1124 ornamento
535 1085 662 1136 potius
702 1084 830 1134 aliquo
877 1090 993 1134 atque
1032 1082 1290 1120 emolumento
1329 1082 1586 1128 cohonestari,

125 1160 242 1197 quam
264 1160 311 1184 ex
330 1147 517 1196 ejusmodi
546 1146 767 1184 criminibus
787 1152 938 1182 tantum
965 1144 1000 1180 in
1023 1143 1224 1181 discrimen
1256 1144 1420 1194 conjici:
1453 1156 1587 1181 verum

126 1208 228 1245 enim
247 1221 336 1245 vero
355 1208 443 1246 mali
464 1208 575 1245 bonis
595 1207 834 1250 insidiantes,
862 1205 975 1242 vitam
999 1206 1250 1254 suspicio-sam
1268 1212 1382 1255 atque
1397 1203 1590 1255 periculo-

125 1281 206 1305 sam
221 1281 297 1306 non
315 1269 440 1305 minus
461 1268 729 1306 innocentibus
745 1267 914 1304 reddunt
928 1279 1041 1317 quam
1063 1265 1268 1303 multarum
1295 1278 1484 1303 noxarum
1499 1264 1589 1303 reis.

123 1329 205 1367 Vos
234 1338 363 1367 autem
394 1343 471 1367 non
502 1324 840 1367 decet‘servorum
869 1327 1031 1366 orationi
1062 1327 1179 1365 fidem
1213 1327 1410 1371 adhibere,
1450 1327 1587 1365 horum

126 1391 419 1442 [advocatorum
445 1391 598 1440 Calliae]
619 1391 822 1442 derogare,
857 1396 1094 1441 reputanteS,
1121 1390 1169 1427 de
1197 1389 1324 1427 Callia
1343 1389 1499 1440 quidem
1524 1389 1590 1440 qui

126 1460 350 1502 quereretur
368 1454 557 1491 neminem
574 1466 742 1503 unquam
763 1452 883 1489 fuisse
903 1463 1029 1501 neque
1045 1451 1235 1500 privatum
1254 1450 1446 1488 hominem
1462 1463 1589 1501 neque

126 1513 274 1551 honore
295 1514 474 1564 quopiam
504 1515 744 1564 fungentem,
781 1526 947 1562 eumque
979 1512 1027 1549 de
1049 1512 1201 1550 civitate
1229 1520 1373 1558 nostra,
1406 1513 1442 1550 in
1474 1525 1589 1563 quam

126 1574 363 1612 fortunarum
383 1587 537 1611 suarum
561 1574 691 1611 sedem
712 1573 965 1617 transtulerit,
990 1579 1066 1609 tam
1089 1572 1217 1610 multis
1240 1586 1323 1611 esse
1346 1574 1470 1611 modis
1491 1575 1591 1611 bene

127 1636 304 1674 meritum
326 1643 369 1673 ut
389 1636 471 1673 sine
499 1635 732 1686 cujusquam
762 1633 975 1671 offensione
1007 1640 1121 1684 atque
1151 1633 1234 1671 sine
1255 1635 1522 1672 criminatione
1543 1634 1591 1672 ad

127 1698 165 1735 id
195 1698 320 1735 aetatis
346 1698 583 1748 pervenerit3
612 1697 683 1733 hos
705 1702 832 1733 autem
863 1694 1031 1745 [servos]
1051 1694 1224 1732 homines
1245 1696 1430 1747 impuros,
1451 1697 1593 1746 quibus

129 1759 304 1796 universa
328 1758 406 1795 vita
426 1758 638 1795 sceleribus
668 1764 851 1808 cooperta
872 1757 937 1802 sit,
970 1770 1059 1807 quae
1081 1757 1266 1795 molestiis
1297 1766 1414 1809 atque
1444 1760 1595 1797 crucia-

127 1820 230 1857 tibus
264 1818 393 1856 multis
420 1820 648 1869 magnisque
680 1831 838 1870 corpore
872 1818 1085 1856 tolerandis
1112 1818 1278 1864 luerunt,
1307 1833 1411 1858 nunc
1449 1820 1593 1858 audere

127 1880 314 1918 libertatis
337 1881 571 1918 mentionem
592 1882 732 1925 facere,
753 1880 801 1917 ad
822 1893 986 1930 eamque
1007 1880 1217 1930 adspirare,
1252 1882 1362 1932 quasi
1389 1881 1594 1932 praemium

127 1944 294 1992 egregiae
326 1941 530 1992 cujusdam
561 1955 689 1992 operae
722 1955 744 1980 a
777 1955 816 1979 se
843 1941 1063 1992 reipublicae
1090 1951 1243 1979 navatae
1264 1949 1487 1993 poscentes.
1547 1943 1593 1980 Id

128 2004 232 2053 quod
252 2016 327 2053 ego
347 2004 526 2054 equidem
546 2003 584 2040 in
599 2003 675 2041 illis
688 2004 790 2040 haud
810 2016 1004 2053 quaquam
1027 2003 1161 2040 miror:
1182 2011 1325 2041 norunt
1345 2004 1460 2048 enim,
1482 2016 1593 2040 men-

129 2065 227 2102 dacii
256 2066 453 2103 convictos
483 2078 523 2102 se
556 2067 687 2115 pejore
721 2064 944 2102 conditione
976 2077 1051 2101 non
1085 2064 1246 2111 futuros,
1277 2078 1392 2115 quam
1419 2064 1505 2103 haec
1538 2071 1595 2102 est

128 2140 205 2177 qua
223 2141 327 2165 nunc
348 2135 464 2171 sunt3
496 2127 553 2164 sin
574 2134 703 2164 autem
724 2127 832 2165 vobis
852 2126 1049 2177 imponere
1075 2133 1113 2163 et
1134 2128 1250 2164 verba
1271 2127 1363 2164 dare
1383 2126 1592 2177 potuerint,

130 2195 211 2225 tum
232 2202 274 2226 se
301 2189 412 2226 malis
434 2189 692 2239 praesentibus
721 2186 861 2225 liberos
897 2188 992 2225 fore.
1049 2187 1170 2237 Atqui
1205 2188 1395 2239 ejusmodi
1418 2187 1594 2226 homines

132 2256 283 2299 oportet
315 2263 439 2300 neque
471 2251 509 2287 in
539 2257 812 2288 accusatorum
843 2262 1002 2287 numero
1028 2249 1162 2286 haberi
1193 2249 1422 2288 idoneorum
1452 2257 1490 2286 et
1520 2249 1596 2287 fide

131 2310 334 2360 dignorum
355 2324 480 2360 neque
501 2311 539 2348 in
569 2311 723 2348 testium
742 2324 751 2349 z
783 2323 861 2348 non
889 2311 942 2357 hi,
969 2310 1108 2361 quibus
1127 2309 1165 2347 in
1192 2323 1262 2348 sua
1282 2310 1329 2348 de
1351 2310 1434 2348 aliis
1455 2310 1597 2361 praedi-

131 2373 281 2410 catione
302 2385 530 2423 magnorum
552 2373 625 2409 sita
645 2386 732 2424 spes
752 2380 810 2410 est
831 2373 1175 2423 compendiorum;
1208 2372 1278 2410 sed
1311 2371 1364 2409 illi
1397 2372 1524 2423 potius
1546 2371 1596 2409 ad

132 2435 398 2473 accusandum
434 2435 735 2484 testandumque
776 2434 1007 2472 admittendi
1040 2442 1145 2480 sunt,
1182 2434 1249 2485 qui
1282 2433 1396 2471 saluti
1428 2433 1593 2484 publicae

134 2496 381 2534 consulentes
409 2504 524 2547 atque
551 2503 823 2534 succurrentes
852 2496 979 2547 capita
999 2496 1071 2547 ipsi
1100 2510 1168 2534 sua
1195 2494 1478 2533 discriminibus
1499 2493 1595 2544 obji-

136 2556 253 2594 ciunt.
310 2557 432 2596 Recte
452 2571 521 2595 vos
551 2557 645 2594 mihi
670 2556 808 2594 facturi
829 2557 1021 2602 videmini,
1044 2559 1075 2595 si
1097 2570 1254 2596 causam
1283 2556 1384 2593 hanc
1411 2567 1487 2591 non
1516 2554 1594 2604 pri-

138 2623 263 2654 vatam
291 2619 358 2657 sed
400 2620 594 2670 publicam
624 2618 811 2663 habeatis,
843 2617 892 2655 ad
928 2618 1092 2656 salutem
1131 2618 1302 2656 omnium
1337 2621 1528 2665 quotquot
1556 2614 1595 2652 in

138 2677 288 2716 civitate
316 2681 465 2731 degunt
495 2681 772 2732 pertinentem:
802 2693 880 2717 non
913 2680 1013 2718 enim
1046 2680 1105 2717 his
1133 2679 1250 2716 modo
1283 2689 1445 2727 quorum
1477 2690 1597 2714 causa

138 2751 241 2776 nunc
263 2740 385 2790 agitur
416 2751 507 2780 sunt
540 2743 652 2786 servi,
690 2741 760 2779 sed
791 2741 905 2779 etiam
939 2741 1094 2790 reliquis
1115 2739 1309 2782 omnibus,
1329 2738 1393 2788 qui
1423 2737 1535 2784 servi,
1556 2738 1595 2775 in

136 2799 273 2836 horum
295 2802 544 2850 [consortium
566 2802 739 2851 suorum]
760 2802 953 2840 fortunam
973 2801 1184 2846 intuentes,
1198 2812 1275 2837 non
1289 2798 1370 2850 jam
1389 2798 1462 2836 hoc
1478 2805 1598 2849 agent

137 2860 386 2911 imposterum
415 2876 537 2913 neque
569 2865 623 2902 ita
648 2877 779 2902 secum
810 2863 1027 2908 instituent,
1061 2870 1103 2900 ut
1134 2863 1234 2899 bene
1254 2860 1303 2898 de
1324 2860 1489 2898 dominis
1517 2872 1596 2898 me·

137 2921 256 2960 rendo
276 2922 490 2961 libertatem
512 2933 739 2970 mereantur,
761 2925 830 2962 sed
845 2932 887 2961 ut
908 2924 1005 2961 falsa
1025 2923 1072 2960 de
1092 2923 1166 2960 illis
1188 2921 1469 2960 denuntiando.
