1822 3219
702 436 714 439 „
735 409 993 464 LYSIAE

208 543 297 590 IN
357 510 1122 592 CORINTHIORUM
1175 536 1520 588 socios

576 663 808 705 ORATIO
842 662 1162 705 FUNEBRIS.

202 846 235 882 l.
266 843 398 881 me
432 844 464 881 si
487 856 602 895 posse
626 844 815 894 judicem,
847 856 870 881 o
904 856 1059 889 corona,
1088 849 1132 880 ut
1154 842 1233 879 ulla
1264 839 1385 878 oratio
1410 839 1589 876 virtutem

139 905 302 944 virorum
316 905 391 943 hoc
410 912 659 945 monumento
679 905 923 943 conditorum
943 911 1132 955 exaequet,
1147 911 1354 954 questurus
1375 901 1422 939 de
1442 901 1485 938 iis
1506 901 1589 945 sim,

138 967 171 1004 si
187 966 251 1016 qui
265 966 401 1003 laudes
416 979 546 1003 eorum
572 980 618 1003 ex
639 972 824 1017 apparatu
844 978 1052 1016 paucorum
1069 965 1212 1002 dierum
1233 961 1499 1015 praedicandas
1522 961 1590 998 de-

139 1026 344 1063 mandent:
375 1025 553 1075 quoniam
574 1039 662 1063 vero
682 1026 752 1063 toti
774 1026 904 1076 generi
923 1026 1092 1063 humano
1110 1024 1331 1062 universum
1349 1021 1591 1073 quamdatis-

141 1086 234 1123 sime
253 1092 359 1138 patet
372 1100 494 1124 aevum
510 1086 614 1124 haud
636 1086 775 1124 sufficit
795 1087 844 1124 ad
858 1086 1155 1138 comparandam
1172 1086 1381 1124 orationem
1398 1081 1590 1134 praeclaris

139 1147 274 1184 horum
306 1147 418 1184 factis
443 1160 587 1197 parem,
623 1147 712 1185 ideo
730 1160 842 1197 ¹resp.
864 1159 1018 1197 quoque
1047 1146 1140 1184 mihi
1171 1145 1323 1183 videtur
1352 1144 1428 1180 hoc
1456 1156 1476 1179 e
1501 1138 1590 1179 loco

139 1208 296 1245 dicturis
315 1208 505 1257 sapienter
523 1207 724 1244 consulere
741 1219 786 1244 eo
799 1207 917 1256 quod,
936 1219 1076 1243 munus
1092 1205 1248 1243 dicendi
1262 1203 1488 1241 brevissimo
1500 1207 1590 1238 ante

138 1266 369 1312 mandando,
397 1266 686 1317 praeparationis
712 1267 830 1304 otium
852 1266 1047 1311 excludat,
1071 1265 1308 1310 existimans,
1334 1263 1410 1300 hac
1437 1261 1590 1312 potissi·

134 1340 241 1365 mum
261 1327 407 1365 ratione
430 1327 599 1364 futurum
619 1334 662 1364 ut
686 1326 858 1365 dicentes
879 1326 1115 1364 audientium
1133 1325 1283 1363 veniam
1312 1323 1588 1374 adipiscantur.

138 1387 208 1425 Est
225 1388 354 1438 itaque
373 1387 462 1424 mihi
479 1387 526 1424 de
546 1387 604 1425 his
620 1387 769 1425 dicturo
782 1393 975 1425 certamen
990 1386 1242 1437 propositum,
1254 1397 1332 1422 non
1346 1395 1433 1421 cum
1453 1382 1588 1419 horum

136 1448 332 1498 praeclaris
356 1447 600 1494 facinoribus,
626 1448 694 1485 sed
723 1461 811 1486 cum
835 1447 1076 1498 praeconibus
1099 1458 1244 1490 eorum,
1265 1445 1297 1482 si
1319 1444 1383 1495 qui
1409 1450 1497 1480 ante
1527 1455 1589 1479 me

138 1509 189 1546 de
209 1508 254 1545 iis
273 1521 343 1558 pro
362 1508 548 1546 concione
573 1509 690 1546 verba
709 1509 848 1546 fecere.
892 1508 1057 1545 Tantam
1077 1506 1177 1544 enim
1193 1518 1317 1544 rerum
1338 1503 1588 1542 dicendarum

139 1569 287 1618 copiam
309 1568 568 1619 suppeditavit
582 1568 717 1605 horum
731 1568 849 1606 virtus
868 1574 907 1605 et
927 1567 1093 1605 carmine
1112 1566 1334 1617 potentibus
1359 1570 1399 1603 et
1417 1563 1589 1602 oratione

136 1629 262 1666 soluta
277 1629 487 1674 utentibus,
505 1635 557 1673 ut,
569 1629 689 1666 multa
701 1629 886 1678 praeclara
900 1628 948 1665 de
960 1627 1006 1665 iis
1022 1640 1110 1665 cum
1123 1627 1396 1677 praedicassent
1409 1624 1590 1675 majores,

136 1690 258 1727 multa
278 1696 407 1727 tamen
436 1690 546 1726 nobis
576 1689 725 1739 reliqua
744 1689 917 1734 fecerint,
935 1695 974 1725 et
992 1694 1083 1738 post
1108 1700 1179 1725 nos
1207 1699 1366 1737 quoquev
1380 1692 1440 1724 sat
1467 1684 1590 1721 multa

136 1750 215 1786 sint
233 1749 478 1799 superfutura
495 1762 579 1800 quae
598 1749 742 1800 posteri
760 1749 886 1786 verbis
907 1755 1186 1798 exsequantur:
1217 1747 1358 1784 nullius
1378 1746 1477 1783 enim
1499 1749 1590 1781 sunt

136 1821 259 1860 neque
277 1803 508 1848 continentis
528 1822 654 1860 neque
675 1809 800 1860 pelagi
823 1816 1005 1853 exsortes,
1028 1808 1109 1845 sed
1126 1807 1164 1844 in
1196 1807 1348 1857 populis
1378 1811 1482 1849 sunt,
1509 1804 1587 1854 qui,

136 1882 222 1907 cum
254 1871 405 1920 propria
442 1877 481 1908 et
517 1870 665 1921 privata
698 1881 768 1907 sua
798 1868 901 1906 mala
931 1868 1105 1919 lugeant,
1143 1875 1224 1904 tum
1257 1868 1394 1905 horum
1425 1865 1587 1902 virtutes

135 1931 342 1968 celebrent.

188 1993 214 2027 2
244 1991 371 2028 Primo
389 1991 519 2040 itaque
537 1990 624 2027 loco
643 1996 799 2027 vetusta
817 1990 1001 2040 majorum
1027 1988 1234 2027 certamina
1265 1997 1487 2037 persequar,
1506 1997 1587 2021 me-

136 2051 274 2089 morias
294 2064 316 2088 a
334 2051 435 2088 fama
464 2050 632 2100 proditas
652 2050 811 2089 nactus:
840 2050 953 2087 decet
971 2049 1072 2086 enim
1100 2060 1234 2085 omnes
1258 2045 1432 2083 homines
1452 2056 1585 2082 eorum

134 2125 287 2163 quoque
317 2112 548 2157 meminisse,
579 2111 674 2148 alias
704 2111 740 2148 in
767 2110 998 2148 carminibus
1027 2114 1230 2146 cantantes
1255 2119 1388 2145 eorum
1415 2105 1583 2149 nomina,

133 2173 225 2210 alias
238 2173 478 2223 appellantes
491 2173 528 2209 in
543 2171 968 2208 commemorationibus
983 2169 1147 2206 virorum
1162 2168 1327 2211 fortium,
1343 2167 1436 2203 alias
1452 2165 1584 2203 debito

135 2240 410 2283 prosequentes
429 2233 572 2270 honore
597 2232 635 2269 in
665 2231 760 2269 locis
782 2238 821 2268 et
847 2230 1080 2280 temporibus
1113 2228 1202 2265 huic
1225 2233 1358 2264 nostro
1383 2226 1585 2271 similibus,

135 2306 213 2343 quo
233 2292 452 2342 superstites
473 2293 659 2342 exemplis
680 2292 950 2330 defunctorum
966 2290 1190 2327 doceantur.

191 2355 228 2390 3.
258 2353 473 2389 Amazones
501 2352 631 2401 igitur,
652 2353 852 2402 antiquum
881 2363 1018 2400 genus,
1040 2348 1175 2385 Martis
1205 2348 1304 2391 filiae,
1328 2347 1468 2396 quibus
1494 2346 1583 2383 olim

135 2412 183 2450 ad
202 2412 527 2449 Thermodontem
545 2412 703 2449 fiuvium
723 2412 834 2448 sedes
855 2417 975 2454 erant,
991 2408 1162 2458 gentium
1182 2409 1283 2445 circa
1303 2407 1471 2444 omnium
1492 2406 1583 2443 solae

132 2473 231 2511 ferro
243 2474 503 2519 armabantur,
518 2473 726 2523 primaeque
739 2471 911 2522 gentium
926 2477 1118 2520 quotquot
1131 2482 1295 2520 usquam
1311 2474 1401 2505 sunt
1414 2468 1584 2504 omnium

134 2533 172 2569 in
191 2546 311 2583 equos
330 2533 624 2578 inscendebant,
639 2545 753 2584 super
772 2532 908 2582 quibus
929 2532 1057 2568 subito
1074 2530 1238 2568 invectae
1255 2527 1495 2566 adversarios
1511 2538 1584 2564 nec

136 2592 337 2642 opinantes
357 2606 446 2631 cum
465 2593 761 2644 oppressissent,
779 2605 825 2630 eo
851 2598 1019 2629 vecturae
1045 2603 1188 2640 genere
1217 2589 1271 2626 uti
1296 2587 1528 2631 nescientes,
1547 2593 1586 2624 et

136 2651 249 2689 facile
268 2655 606 2703 consequebantur
631 2653 702 2691 hos
731 2653 925 2703 fugientes
952 2659 992 2689 et
1016 2651 1250 2701 effugiebant
1275 2648 1584 2698 persequentium

133 2723 290 2749 manus:
318 2725 397 2762 qua
407 2713 522 2750 animi
536 2713 755 2751 fortitudine
768 2713 842 2750 hoc
859 2719 948 2749 sunt
963 2717 1198 2754 consecutae,
1210 2717 1254 2745 ut
1267 2708 1355 2745 viris
1369 2707 1584 2753 similiores,

138 2784 254 2821 quam
277 2772 498 2811 mulieribus
526 2787 623 2823 quas
652 2780 789 2811 natura
817 2785 883 2810 eas
912 2773 1068 2816 fecerat,
1088 2771 1338 2811 haberentur;
1370 2767 1457 2804 viris
1483 2767 1583 2804 enim

138 2844 207 2881 per
220 2832 433 2870 animorum
446 2832 518 2870 vim
535 2834 761 2872 antecellere
774 2833 909 2882 magis,
924 2845 1036 2881 quam
1054 2843 1120 2881 per
1134 2841 1333 2877 corporum
1347 2827 1583 2864 infirmitates
