1822 3219
555 148 626 185 DE
657 148 814 186 CAEDE
844 145 1104 183 HERODIS.
1511 142 1560 178 53

102 247 187 287 ,mei
202 247 391 285 conscios.
449 248 526 286 Sed
545 248 650 286 aiunt
664 259 686 285 a
703 258 743 285 se
764 251 953 296 repertum
980 246 1017 282 in
1037 246 1189 295 navigio
1208 245 1338 284 nescio
1355 245 1458 296 quod
1478 243 1556 295 epi-

104 307 278 354 stolium,
304 309 407 358 quod
433 321 506 358 ego
529 307 754 346 mittendum
785 307 1037 345 destinassem
1068 306 1116 344 ad
1146 306 1351 356 Lycinum‚
1373 320 1449 356 quo
1474 319 1557 357 per-

113 369 366 419 scripsissem,
389 368 580 407 Herodem
605 381 628 405 a
653 380 711 405 me
741 367 910 405 occisum
942 381 1039 406 esse.
1096 367 1214 417 Atqui
1233 366 1326 416 quid
1354 379 1449 416 opus
1477 374 1558 404 erat

112 442 180 479 per
196 429 412 479 epistolium
432 430 643 479 significare
669 428 720 473 id,
739 429 841 478 quod
862 429 1026 479 perlator
1055 431 1151 477 eJus‚
1176 441 1261 466 cum
1279 429 1395 478 probe
1415 435 1558 473 nosset,

112 497 193 526 tum
222 489 345 528 verbis
378 490 591 539 significare
621 488 782 538 posset?
837 489 913 532 Qui
946 489 1094 527 facinus
1119 489 1201 538 ipse
1230 488 1401 533 fecisset,
1436 487 1556 525 multo

113 557 262 599 poterat
275 550 323 587 de
342 562 387 587 eo
406 556 445 586 et
458 547 647 598 copiosius
663 555 700 586 et
713 549 856 586 certius
877 562 1082 599 exponere,
1099 562 1214 599 quam
1228 548 1390 598 epistola
1406 561 1415 591 ;
1433 561 1558 597 neque

114 611 298 659 ejusmodi
320 618 399 647 erat
417 610 590 659 epistolae
610 617 892 659 argumentum,
913 610 1015 660 quod
1033 610 1259 661 perlatorem
1280 608 1397 646 celari
1410 616 1558 658 oporte-

112 677 194 707 ret:
214 670 307 708 alias
320 683 365 707 ea
380 670 496 707 literis
512 670 694 708 mandata
707 670 851 708 mittere
868 670 1047 715 solemus,
1058 684 1145 720 quae
1159 682 1234 706 non
1249 681 1449 719 possumus
1469 681 1555 706 cum

112 730 362 779 perlatoribus
381 730 683 774 communicare;
712 730 774 767 hic
792 738 918 769 autem
935 732 1099 782 perlator
1118 737 1236 768 totam
1255 742 1332 767 rem
1346 728 1425 779 jam
1446 736 1550 766 tene—

112 790 188 827 bat.
245 791 340 828 Item
361 791 392 828 si
419 791 609 841 copiosius
643 791 768 841 aliqua
794 792 842 829 de
870 805 909 829 re
938 791 1154 830 docendum
1185 791 1246 835 sit,
1275 789 1442 827 solemus
1467 802 1553 827 eam

110 850 356 899 perscribere,
375 858 548 889 verentes
563 865 610 889 ne
627 852 805 890 memoria
821 853 1018 903 perlatoris
1039 853 1121 903 ipsa
1139 864 1271 902 parum
1288 851 1452 888 sufficiat
1474 863 1553 888 am·

110 911 327 961 plectandae
347 919 461 963 atque
489 912 698 950 referendae
720 914 949 950 narrationI:
980 913 1041 950 hic
1063 920 1190 950 autem
1222 911 1316 949 nihil
1343 911 1446 948 aliud
1476 918 1556 948 erat

103 972 413 1010 ‚renunciandum
443 985 557 1023 quam
589 972 662 1010 hoc
686 974 813 1019 breve,
844 974 1036 1012 Herodem
1071 986 1154 1011 esse
1183 978 1445 1023 peremptum;
1477 979 1554 1009 tam

100 1034 223 1070 ,breve
244 1039 510 1083 argumentum
530 1034 626 1071 tanti
645 1047 722 1071 non
742 1042 835 1080 erat,
857 1041 896 1072 ut
916 1035 953 1071 in
972 1034 1096 1072 literas
1119 1034 1332 1072 referretur.
1390 1033 1553 1070 Praeter-

111 1107 158 1131 ea
184 1095 394 1134 meminisse
422 1108 504 1140 vos,
524 1096 690 1146 judices,
712 1096 839 1140 velim,
855 1097 1163 1146 praedicationem
1190 1095 1356 1133 hominis
1373 1096 1420 1132 ab
1441 1108 1554 1144 argu-

110 1161 238 1192 mento
257 1156 525 1193 commentitiae
543 1156 657 1206 hujus
679 1157 851 1206 epistolae
872 1157 1131 1207 discrepasse:
1162 1164 1284 1194 tortus
1305 1156 1405 1192 enim
1425 1156 1553 1192 fassus

110 1222 183 1260 est,
205 1229 244 1253 se
276 1217 421 1253 caedem
440 1224 638 1266 patrasse;
669 1218 883 1266 epistolium
905 1225 1031 1254 auteur
1051 1218 1284 1267 resignatum
1310 1230 1368 1253 me
1394 1216 1553 1253 homici-

111 1275 198 1312 dam
223 1289 308 1313 esse
327 1276 507 1326 prodidit.
564 1277 646 1314 Utri
668 1277 748 1327 jam
775 1284 925 1328 oportet
954 1291 1020 1315 vos
1050 1279 1163 1315 fidem
1194 1276 1365 1314 habere?
1422 1276 1553 1320 Porro,

109 1335 215 1372 initio
242 1336 410 1385 quidem,
441 1343 668 1386 quaerentes,
699 1350 775 1375 non
807 1338 1050 1376 inveniebant
1078 1337 1292 1389 epistolium
1322 1337 1357 1374 in
1385 1336 1553 1386 navigio,

102 1396 356 1445 postmodum
387 1403 512 1434 autem
541 1397 801 1436 inveniebant.
857 1398 960 1440 Quid
982 1398 1064 1435 ita?
1119 1398 1229 1434 Tunc
1250 1397 1438 1442 nimirum,
1466 1409 1554 1434 curr-

109 1457 299 1506 navigium
321 1457 440 1507 prima
453 1458 536 1495 vice
552 1458 865 1508 pervestigarent,
881 1459 1052 1496 nendum
1072 1458 1162 1508 ipsis
1175 1464 1254 1495 tota
1266 1457 1368 1494 fraus
1385 1458 1422 1493 in
1438 1462 1555 1507 caput

110 1529 234 1554 meum
264 1525 346 1555 erat
375 1519 593 1568 excogitata
623 1526 736 1568 atque
767 1527 1011 1570 comparata:
1042 1526 1246 1570 postquam
1279 1526 1406 1556 autem
1438 1518 1551 1555 homo

109 1578 229 1627 primo
247 1578 333 1616 loco
355 1585 475 1616 tortus
496 1579 585 1616 nihil
605 1580 790 1617 indicarat
823 1580 910 1617 mihi
930 1581 1124 1625 infestum,
1151 1579 1222 1629 ipsi
1248 1579 1395 1616 scheda
1420 1592 1483 1616 ma
1511 1592 1552 1616 se

104 1645 303 1676 exaratam
323 1639 543 1690 injiciebant
562 1640 600 1676 in
620 1640 826 1690 navigium,
848 1653 924 1690 quo
949 1641 1135 1678 haberent
1163 1640 1374 1690 speciosam
1395 1652 1552 1677 causam

102 1699 273 1737 >criminis
294 1699 330 1736 in
352 1713 412 1737 me
431 1701 677 1739 conferendi:
708 1702 906 1751 legebatur
925 1702 1157 1752 epistolium,
1174 1703 1280 1740 velut
1299 1715 1344 1739 ex
1359 1702 1552 1752 insperato

109 1759 145 1795 in
167 1772 264 1797 nave
297 1768 507 1810 repertum:
550 1763 796 1811 torquebatur
820 1771 900 1800 turn
927 1776 1057 1800 servus
1087 1764 1300 1814 posterior3
1335 1776 1461 1800 verum
1490 1764 1552 1801 hic

105 1821 284 1869 epistolio
315 1822 453 1859 edebat
482 1836 616 1872 parum
654 1825 957 1862 consentientia:
994 1826 1076 1875 jam
1108 1825 1267 1863 libenter
1293 1825 1554 1865 occultassent

108 1880 324 1930 epistolium
354 1888 394 1919 et
424 1882 619 1920 hominum
648 1884 793 1921 notitiae
826 1884 1079 1935 eripuissent;
1108 1898 1239 1922 verum
1268 1892 1449 1935 negatum
1479 1885 1552 1923 hoc

109 1948 214 1985 erat3
243 1955 329 1980 nam
351 1943 468 1980 semel
498 1944 647 1999 publice
677 1945 874 1982 recitatum
906 1946 1042 1983 fuerat.
1101 1945 1251 1989 Quodsi
1271 1947 1437 1983 futurum
1466 1959 1551 1996 spe-

108 2010 269 2048 rassent,
285 2010 326 2040 ut
345 2017 492 2041 servum
525 2005 650 2041 statim
683 2018 705 2042 a
730 2006 914 2056 principio
947 2007 1171 2044 auctoritate
1201 2019 1270 2043 sua
1288 2014 1554 2056 permoverent

109 2063 157 2100 ad
178 2063 316 2101 falsum
333 2065 591 2102 testimonium
619 2073 753 2104 contra
778 2080 837 2104 me
863 2067 1150 2117 perhibendum,
1184 2067 1312 2117 utique
1338 2067 1553 2105 machinam

104 2124 212 2161 illam
244 2126 483 2176 epistolarem
521 2127 724 2164 commenti
763 2140 839 2165 non
873 2128 1045 2166 fuissent.
1103 2128 1190 2165 Cita
1221 2134 1261 2165 tu
1291 2128 1382 2165 mihi
1418 2127 1550 2166 horum

105 2191 243 2223 testes.

729 2280 938 2318 TESTES.

168 2364 230 2401 10.
260 2362 337 2401 Sed
353 2365 510 2415 eccujus
531 2364 683 2402 tandem
705 2365 756 2403 rei
776 2379 895 2404 causa
915 2379 986 2416 ego
1002 2365 1120 2403 virum
1139 2366 1390 2405 occidissem?
1407 2381 1494 2405 num
1508 2368 1553 2406 si-

108 2425 281 2462 multatis
298 2424 313 2461 ?
367 2425 483 2474 Atqui
503 2426 609 2463 nulla
629 2426 719 2463 mihi
734 2440 821 2464 cum
842 2440 887 2464 eo
909 2427 1183 2465 intercedebat.
1242 2428 1318 2464 Sed
1338 2428 1496 2465 alienam
1513 2431 1550 2466 in

108 2485 269 2534 gratiam
288 2485 395 2524 aiunt
414 2498 473 2522 me
493 2485 544 2522 illi
567 2486 738 2535 spiritum
766 2487 962 2537 eripuisse.
1021 2488 1138 2537 Atqui
1153 2489 1282 2537 ecquis
1303 2489 1457 2526 tandem
1478 2489 1550 2526 hoc

108 2547 255 2584 facinus
281 2559 447 2596 unquam
468 2559 512 2584 eo
536 2546 685 2592 fecerit,
707 2561 782 2597 quo
804 2549 910 2586 alteri
932 2549 1239 2598 gratificaretur?
1269 2550 1352 2599 Ego
1373 2550 1548 2599 equidem

111 2606 242 2655 opinor
257 2608 446 2644 neminem
466 2620 635 2658 unquam
662 2615 740 2645 tam
773 2609 990 2646 dementem
1006 2609 1155 2653 afuisse;
1186 2609 1254 2647 sed
1274 2622 1433 2658 magnas
1453 2610 1550 2648 inter

109 2679 250 2703 caesum
282 2674 320 2704 et
347 2667 588 2705 occidentem
621 2669 881 2707 intercessisse
918 2670 1131 2707 simultates
1170 2682 1329 2707 necesse
1361 2678 1433 2715 est,
1463 2677 1501 2708 et
1528 2684 1549 2708 e

113 2725 241 2763 multiS
261 2728 479 2765 constitisse
498 2728 646 2766 indic-iis
665 2729 818 2775 alterius
842 2730 927 2768 vitae
947 2732 994 2768 ab
1011 2731 1129 2768 altero
1150 2730 1304 2767 insidias
1324 2732 1547 2781 comparari.

113 2786 208 2822 Mihi
230 2795 385 2832 vero,ut
403 2788 590 2833 dixi,cum
611 2790 766 2827 Herode
783 2791 928 2828 discidii
950 2791 1042 2828 nihil
1065 2804 1228 2840 unquam
1250 2791 1334 2827 fuit.
1390 2791 1549 2828 Verum-

108 2853 238 2882 tamen
268 2848 473 2897 cupiditate
500 2849 647 2888 illectus
668 2863 753 2888 eum
772 2852 927 2902 peremi,
950 2865 1105 2902 sperans
1127 2852 1227 2902 apud
1255 2865 1340 2890 eum
1370 2865 1544 2901 nummos
