1822 3219
571 124 676 163 PRO
709 124 1077 163 POLYSTRATO.
1472 123 1546 160 297

102 225 273 263 valerent
291 233 441 265 tantum
468 234 510 265 ut
533 228 692 278 gratiam
721 227 830 266 nobis
857 227 1001 266 meritis
1029 227 1170 263 nostris
1189 226 1393 275 quoesitam
1414 222 1547 261 redde-

102 286 203 323 retis.
261 288 405 325 Verum
425 301 500 326 non
523 290 642 326 nostri
672 288 925 334 solummodo,
956 287 1024 325 sed
1051 286 1209 324 aliorum
1237 298 1404 335 quoque,
1430 293 1551 322 eausa:

103 347 215 385 mites
236 360 302 385 vos
331 356 447 399 atque
473 349 685 400 placabiles
714 356 1038 399 acceptorumque
1063 346 1333 384 beneficiorum
1361 356 1550 383 memores

103 414 142 444 et
174 409 334 458 gratiam
369 410 507 447 referre
538 417 690 460 paratos
721 415 872 462 oportet
901 421 1003 447 esse:
1047 419 1134 445 nam
1168 419 1260 457 erga
1291 418 1361 444 nos
1395 406 1550 455 quidem

103 468 240 518 ingrati
260 470 290 507 si
311 470 406 514 sitis,
428 470 532 508 haud
550 480 736 521 magnum
755 485 801 509 ex
823 483 869 508 ea
887 483 927 508 re
943 469 1212 507 detrimentum
1233 467 1472 517 acceperitis,
1487 467 1551 516 qui

95 529 178 578 jam
197 537 420 581 perceptum
439 530 611 569 babeatis
640 533 789 570 virtutis
816 538 959 569 nostrae
988 531 1155 568 fructum
1182 541 1333 578 usuque
1353 528 1550 577 cognitum

103 597 219 640 atque
239 599 481 643 perspectum
500 600 672 630 nostrum
694 606 785 643 erga
805 605 872 630 vos
896 592 1079 636 animum,
1100 591 1161 627 vel
1182 596 1386 639 antequam
1408 601 1455 626 eo
1477 588 1551 626 loci

103 651 331 689 deveniretis
356 660 396 690 ut
415 666 532 704 opera
553 661 683 691 nostra
699 652 938 703 indigeretis;
962 659 999 688 at
1014 651 1171 689 aliorum
1187 650 1469 689 contentionem
1486 661 1553 687 vos

103 712 344 760 promerendi
365 714 420 750 sic
436 714 714 759 exstinxeritis,
731 726 817 763 quae
831 712 1027 750 'contentio
1043 711 1241 761 diligentia
1261 711 1392 760 gratiae
1413 710 1553 748 meritis

103 774 203 823 paris
234 775 447 812 referendae
474 776 635 814 accendi
657 776 751 813 vult.
810 775 938 813 Nolite
958 774 1159 825 proverbio
1180 773 1233 811 illi
1260 773 1420 824 vulgari,
1449 773 1553 823 quod

103 837 387 886 proverbiorum
420 852 539 876 unum
567 839 734 876 omnium
763 845 823 876 est
850 838 1127 888 nequissimum
1158 844 1273 887 atque
1303 836 1552 881 teterrimum,

102 897 278 948 exemplo
300 906 427 936 vestro
453 899 568 936 fidem
588 908 700 949 atque
722 899 988 936 auctoritatem
1013 898 1231 941 adstruere;
1260 906 1336 946 quo
1356 897 1555 948 proverbio

103 957 223 994 fertur
252 958 351 996 male
384 960 509 1009 passis
541 961 722 997 memoria
752 959 922 997 tenacior
949 971 1061 1008 quam
1096 959 1192 995 bene
1224 957 1348 1007 passis
1379 957 1554 995 insidere.

106 1015 250 1067 Ecquis
270 1018 367 1055 enim
388 1019 638 1070 imposterum
658 1019 748 1057 velit
767 1020 881 1057 horno
903 1019 1001 1069 frugi
1029 1031 1128 1061 esse,
1157 1019 1187 1055 si
1210 1030 1329 1068 penes
1351 1031 1417 1055 vos
1438 1024 1556 1056 torto-

103 1078 208 1115 ribus
228 1079 361 1116 vestris
381 1080 565 1131 ampliora
594 1082 668 1118 sint
689 1092 802 1131 quarn
832 1080 1143 1118 benefactoribus
1167 1079 1320 1129 praemia
1341 1079 1555 1117 consituta?

104 1139 255 1184 Videte,
279 1139 448 1190 judices,
480 1154 557 1190 qua
586 1141 634 1179 de
666 1155 705 1179 re
738 1150 885 1192 agatur.
953 1141 1041 1177 Non
1076 1141 1145 1177 hoc
1176 1140 1300 1189 agitur
1330 1153 1432 1177 nunc
1458 1140 1555 1178 istoc

97 1199 439 1251 judicio‚judices,
468 1209 594 1238 utrum
623 1215 699 1239 rem
731 1202 893 1239 habituri
918 1201 997 1239 sitis
1026 1215 1046 1239 e
1077 1201 1236 1238 fortunis
1264 1200 1404 1238 nostris
1426 1201 1557 1252 ampli—

102 1261 269 1306 ficatam,
289 1262 357 1299 sed
377 1269 502 1299 utrum
531 1276 614 1307 nos,
643 1263 747 1300 cives
775 1264 897 1300 bonos
927 1268 968 1299 et
992 1262 1110 1299 fortes
1132 1261 1324 1310 vestrique
1347 1261 1555 1306 studiosos,

102 1334 239 1359 necne.
309 1323 410 1360 Olim
439 1323 606 1373 quidem,
634 1324 758 1361 donec
785 1323 912 1361 adhuc
938 1336 1013 1374 pax
1043 1329 1138 1368 erat,
1167 1328 1286 1372 pater,
1317 1322 1450 1360 sedulo
1478 1323 1555 1360 fru-

105 1383 318 1433 galiterque
347 1397 426 1421 rem
457 1384 635 1422 rusticam
668 1397 866 1430 exercens,
894 1397 1051 1421 censum
1083 1383 1249 1420 habebat
1277 1383 1311 1419 in
1342 1384 1560 1434 propatulo,

108 1445 247 1482 tabulis
269 1443 429 1495 publicis
451 1445 739 1496 consignatum:
772 1459 817 1483 ex
839 1459 916 1495 quo
938 1452 1065 1483 autem
1085 1444 1216 1481 hostes
1235 1444 1271 1481 in
1293 1445 1388 1481 fines
1408 1445 1558 1483 Atticos

105 1507 335 1558 irruperunt,
358 1509 521 1546 fortunis
541 1509 717 1547 omnibus
738 1509 922 1547 denudati
950 1520 1097 1545 sumus.
1157 1507 1209 1543 Et
1234 1507 1316 1544 haec
1337 1508 1422 1557 ipsa
1441 1521 1559 1546 causa

104 1576 163 1605 est
187 1575 328 1606 nostrae
353 1581 444 1619 erga
469 1582 535 1606 vos
562 1583 765 1620 propensae
786 1569 1015 1607 voluntatis:
1047 1568 1222 1605 novimus
1249 1569 1365 1612 enim,
1396 1570 1559 1608 nummis

106 1629 277 1679 quidem,
309 1629 374 1679 qui
400 1630 495 1667 nulli
524 1631 632 1667 nobis
663 1639 767 1675 sunt,
798 1644 868 1667 nos
901 1643 977 1666 non
1011 1642 1123 1680 posse
1153 1629 1335 1667 muletam
1365 1630 1484 1676 luere,
1519 1638 1558 1668 at

106 1705 219 1741 posse
246 1692 458 1729 fortassean
486 1692 733 1730 contentione
762 1692 878 1729 studii
905 1692 1011 1729 vobis
1031 1690 1280 1734 inservieudi;
1309 1691 1418 1740 cujus
1442 1692 1558 1729 studii

107 1753 226 1789 nostri
245 1752 438 1802 poscimus
460 1766 562 1789 nunc
584 1753 944 1790 remunerationem.

162 1814 199 1850 9.
223 1813 296 1850 Ubi
316 1813 412 1862 quis,
429 1813 555 1850 liberis
577 1827 708 1851 secum
729 1814 832 1850 hunc
852 1813 886 1850 iu
910 1820 1135 1862 suggestum
1158 1812 1336 1849 adductis
1357 1819 1396 1850 et
1415 1813 1558 1851 circum

108 1886 149 1911 se
175 1880 276 1911 stare
297 1874 426 1924 jussis,
447 1887 512 1911 vos
542 1874 670 1911 multis
700 1887 785 1911 cum
816 1874 995 1924 lacrymis
1027 1880 1142 1923 atque
1173 1873 1492 1910 obtestationibus
1523 1882 1562 1912 et

109 1934 284 1972 lamentis
313 1936 487 1981 oraverit,
516 1941 557 1972 ut
582 1936 651 1973 sibi
682 1934 885 1984 liberisque
918 1933 1095 1984 parcatis,
1121 1941 1200 1971 tum
1231 1947 1298 1971 vos
1318 1934 1491 1971 videmus
1522 1935 1559 1971 in

109 1995 269 2045 gratiam
286 1995 489 2033 liberorum
506 1996 678 2046 patribus
699 1995 841 2033 delicta
856 1994 1061 2039 remittere,
1079 1993 1408 2031 commiseratione
1424 2002 1561 2041 motos,

109 2055 140 2092 si
161 2069 235 2093 una
256 2069 344 2093 cum
370 2057 540 2107 patribus
572 2057 708 2093 liberos
739 2068 894 2106 quoque
923 2055 1050 2105 capite
1079 2055 1196 2092 minui
1226 2060 1416 2104 oporteat,
1439 2069 1561 2105 quan-

106 2131 222 2168 quam
242 2119 427 2169 ignoratis
446 2119 593 2169 cujates
615 2118 689 2156 sint
710 2118 747 2155 hi
769 2118 873 2155 liberi
894 2117 1101 2154 adultiores
1123 2117 1214 2154 facti
1234 2116 1367 2160 futuri,
1391 2129 1560 2154 commo-

110 2179 197 2217 dine
219 2186 332 2230 atque
352 2181 568 2230 probabiles
591 2179 706 2224 cives,
736 2192 783 2216 an
805 2179 894 2216 mali
914 2185 952 2216 et
972 2178 1090 2215 noxii:
1122 2177 1170 2214 de
1191 2178 1298 2214 nobis
1320 2185 1449 2215 autem
1469 2177 1560 2215 certi

110 2241 215 2284 estis,
247 2254 324 2278 non
362 2254 432 2278 nos
472 2241 585 2278 modo
619 2247 771 2277 strenue
800 2253 866 2290 pro
898 2252 978 2290 rep.
1012 2239 1246 2283 elaborasse,
1279 2251 1408 2275 verum
1446 2238 1561 2275 etiam

110 2308 257 2350 patrem
288 2302 402 2350 culpa
430 2314 578 2338 vacare.
636 2302 793 2342 Quanto
822 2300 936 2350 igitur
965 2306 1025 2336 est
1053 2299 1216 2348 aequius,
1237 2312 1303 2335 vos
1324 2299 1445 2348 gratia
1466 2299 1563 2335 refe-

110 2361 231 2398 renda
259 2361 345 2398 illos
376 2362 560 2398 demereri
590 2375 751 2411 quorum
782 2361 998 2398 voluntates
1031 2373 1101 2396 usu
1132 2366 1258 2396 vestro
1283 2362 1363 2407 jam
1388 2359 1563 2408 cognitas

112 2428 412 2471 perspectasque
441 2421 629 2466 habeatis,
662 2434 777 2471 quam
811 2422 880 2458 lios
910 2420 1114 2471 promereri
1148 2433 1308 2469 quorum
1345 2420 1391 2456 de
1426 2418 1562 2456 studiis

112 2490 226 2531 atque
247 2483 415 2519 moribus
436 2482 572 2519 futuris
594 2483 684 2519 nihil
706 2483 798 2519 dum
818 2490 924 2520 certo
944 2481 1053 2519 vobis
1075 2480 1249 2519 constet?
1294 2481 1431 2517 Evenit
1453 2481 1562 2517 nobis

113 2550 259 2587 contra,
287 2557 401 2593 quarn
433 2543 514 2580 aliis
545 2543 776 2581 hominibus.
834 2544 909 2580 Alii
934 2556 1001 2592 per
1027 2543 1180 2586 liberos,
1206 2541 1383 2589 utrinque
1410 2540 1562 2577 adstare

103 2602 250 2652 jussos,
271 2616 339 2640 vos
360 2612 539 2640 exorant:
570 2616 639 2641 nos
662 2610 787 2641 autem
807 2611 1030 2653 patremque
1050 2604 1232 2652 ipsosque
1257 2607 1409 2637 nosmet
1428 2600 1564 2638 vestris

113 2660 308 2699 offerimus
329 2664 465 2708 oculis,
487 2664 653 2714 judices,
682 2672 860 2713 rogantes
890 2671 945 2709 ut,
973 2664 1079 2700 civile
1101 2663 1165 2712 jus
1193 2674 1270 2710 quo
1291 2661 1378 2698 olim
1401 2661 1506 2699 salvo
1527 2667 1565 2698 et

111 2724 260 2773 integro
293 2725 350 2761 usi
382 2725 521 2762 fuimus
554 2727 662 2763 nobis
698 2726 934 2769 imminuere,
967 2715 1279 2774 eaque-civitate
1316 2723 1424 2774 cujus
1459 2723 1562 2761 cives

110 2784 253 2822 fuimus
284 2798 354 2822 nos
385 2786 603 2831 excludere,
636 2786 777 2824 nolitis.
836 2785 1100 2823 Misericordia
1130 2784 1255 2834 potius
1288 2796 1352 2821 vos
1384 2785 1562 2834 senisque

112 2845 228 2894 patris
250 2846 444 2895 nostrique
466 2855 628 2884 moveto.
677 2847 816 2894 iniqua
837 2853 964 2884 vestra
984 2845 1218 2896 pessumdati
1241 2846 1444 2891 sententia,
1466 2858 1560 2895 quo-

807 2909 827 2942 ‘2
861 2919 886 2946 Q
