<?xml version="1.0" encoding="UTF-8"?>
<!DOCTYPE html PUBLIC "-//W3C//DTD XHTML 1.0 Transitional//EN"
    "http://www.w3.org/TR/xhtml1/DTD/xhtml1-transitional.dtd">
<html xmlns="http://www.w3.org/1999/xhtml" xml:lang="en" lang="en">
 <head>
  <title>
</title>
<meta http-equiv="Content-Type" content="text/html;charset=utf-8" />
  <meta name='ocr-system' content='tesseract 3.04.00' />
  <meta name='ocr-capabilities' content='ocr_page ocr_carea ocr_par ocr_line ocrx_word'/>
</head>
<body>
  <div class='ocr_page' id='page_1' title='image "./oratoresatticie13dobs_0152.png"; bbox 0 0 1822 3219; ppageno 0'>
   <div class='ocr_carea' id='block_1_1' title="bbox 243 178 1109 219">
    <p class='ocr_par' dir='ltr' id='par_1_1' title="bbox 243 178 1109 219">
     <span class='ocr_line' id='line_1_1' title="bbox 243 178 1109 219; baseline 0.005 -6"><span class='ocrx_word' id='word_1_1' title='bbox 243 178 315 213; x_wconf 80' lang='lat'>140</span> <span class='ocrx_word' id='word_1_2' title='bbox 807 179 1109 219; x_wconf 83' lang='lat' dir='ltr'>ANDOCIDIS</span> 
     </span>
    </p>
   </div>
   <div class='ocr_carea' id='block_1_2' title="bbox 231 277 1695 2975">
    <p class='ocr_par' dir='ltr' id='par_1_2' title="bbox 231 277 1679 1005">
     <span class='ocr_line' id='line_1_2' title="bbox 289 277 1677 334; baseline 0.005 -19"><span class='ocrx_word' id='word_1_3' title='bbox 289 279 327 315; x_wconf 89' lang='lat'>9.</span> <span class='ocrx_word' id='word_1_4' title='bbox 357 277 481 325; x_wconf 90' lang='lat' dir='ltr'><strong>Adde,</strong></span> <span class='ocrx_word' id='word_1_5' title='bbox 491 279 594 330; x_wconf 92' lang='lat' dir='ltr'>quod</span> <span class='ocrx_word' id='word_1_6' title='bbox 609 280 698 327; x_wconf 89' lang='lat' dir='ltr'>sint,</span> <span class='ocrx_word' id='word_1_7' title='bbox 710 294 808 333; x_wconf 90' lang='lat' dir='ltr'>quos</span> <span class='ocrx_word' id='word_1_8' title='bbox 821 282 871 320; x_wconf 90' lang='lat' dir='ltr'>nil</span> <span class='ocrx_word' id='word_1_9' title='bbox 885 282 1028 334; x_wconf 89' lang='lat' dir='ltr'>pudeat</span> <span class='ocrx_word' id='word_1_10' title='bbox 1042 282 1091 320; x_wconf 91' lang='lat' dir='ltr'>de</span> <span class='ocrx_word' id='word_1_11' title='bbox 1102 281 1302 320; x_wconf 79' lang='lat' dir='ltr'>Alcibiade</span> <span class='ocrx_word' id='word_1_12' title='bbox 1317 282 1373 320; x_wconf 87' lang='lat' dir='ltr'>sic</span> <span class='ocrx_word' id='word_1_13' title='bbox 1387 283 1589 326; x_wconf 84' lang='lat' dir='ltr'>affirmare,</span> <span class='ocrx_word' id='word_1_14' title='bbox 1599 296 1677 322; x_wconf 87' lang='lat' dir='ltr'>nou</span> 
     </span>
     <span class='ocr_line' id='line_1_3' title="bbox 236 337 1678 395; baseline 0.006 -20"><span class='ocrx_word' id='word_1_15' title='bbox 236 337 352 377; x_wconf 88' lang='lat' dir='ltr'>fuisse</span> <span class='ocrx_word' id='word_1_16' title='bbox 382 352 548 390; x_wconf 90' lang='lat' dir='ltr'>unquam</span> <span class='ocrx_word' id='word_1_17' title='bbox 581 341 701 380; x_wconf 88' lang='lat' dir='ltr'>civem</span> <span class='ocrx_word' id='word_1_18' title='bbox 727 350 803 380; x_wconf 88' lang='lat' dir='ltr'>tam</span> <span class='ocrx_word' id='word_1_19' title='bbox 834 342 969 380; x_wconf 85' lang='lat' dir='ltr'>fortem</span> <span class='ocrx_word' id='word_1_20' title='bbox 1000 349 1078 380; x_wconf 89' lang='lat' dir='ltr'>tam</span> <span class='ocrx_word' id='word_1_21' title='bbox 1105 342 1364 381; x_wconf 84' lang='lat' dir='ltr'>admirabilem</span> <span class='ocrx_word' id='word_1_22' title='bbox 1395 349 1472 381; x_wconf 89' lang='lat' dir='ltr'>tam</span> <span class='ocrx_word' id='word_1_23' title='bbox 1495 344 1678 395; x_wconf 83' lang='lat' dir='ltr'>praeclare</span> 
     </span>
     <span class='ocr_line' id='line_1_4' title="bbox 235 398 1676 455; baseline 0.006 -19"><span class='ocrx_word' id='word_1_24' title='bbox 235 398 284 437; x_wconf 92' lang='lat' dir='ltr'>de</span> <span class='ocrx_word' id='word_1_25' title='bbox 304 401 426 451; x_wconf 88' lang='lat' dir='ltr'>patria</span> <span class='ocrx_word' id='word_1_26' title='bbox 442 402 616 440; x_wconf 90' lang='lat' dir='ltr'>meritum</span> <span class='ocrx_word' id='word_1_27' title='bbox 637 410 752 454; x_wconf 88' lang='lat' dir='ltr'>atque</span> <span class='ocrx_word' id='word_1_28' title='bbox 766 404 826 442; x_wconf 84' lang='lat' dir='ltr'>hic</span> <span class='ocrx_word' id='word_1_29' title='bbox 846 404 906 441; x_wconf 90' lang='lat' dir='ltr'>sit.</span> <span class='ocrx_word' id='word_1_30' title='bbox 965 404 1048 455; x_wconf 88' lang='lat' dir='ltr'>Ego</span> <span class='ocrx_word' id='word_1_31' title='bbox 1063 417 1151 442; x_wconf 90' lang='lat' dir='ltr'>vero</span> <span class='ocrx_word' id='word_1_32' title='bbox 1168 410 1304 442; x_wconf 88' lang='lat' dir='ltr'>contra</span> <span class='ocrx_word' id='word_1_33' title='bbox 1322 417 1474 450; x_wconf 85' lang='lat' dir='ltr'>censeo,</span> <span class='ocrx_word' id='word_1_34' title='bbox 1488 406 1676 445; x_wconf 89' lang='lat' dir='ltr'>neminem</span> 
     </span>
     <span class='ocr_line' id='line_1_5' title="bbox 234 464 1679 517; baseline 0.005 -19"><span class='ocrx_word' id='word_1_35' title='bbox 234 474 401 513; x_wconf 88' lang='lat' dir='ltr'>unquam</span> <span class='ocrx_word' id='word_1_36' title='bbox 418 464 540 514; x_wconf 86' lang='lat' dir='ltr'>magis</span> <span class='ocrx_word' id='word_1_37' title='bbox 561 471 677 516; x_wconf 91' lang='lat' dir='ltr'>atque</span> <span class='ocrx_word' id='word_1_38' title='bbox 692 465 753 503; x_wconf 93' lang='lat' dir='ltr'>hic</span> <span class='ocrx_word' id='word_1_39' title='bbox 767 465 983 503; x_wconf 81' lang='lat' dir='ltr'>Alcibiades</span> <span class='ocrx_word' id='word_1_40' title='bbox 999 472 1058 504; x_wconf 89' lang='lat' dir='ltr'>est</span> <span class='ocrx_word' id='word_1_41' title='bbox 1076 466 1112 503; x_wconf 90' lang='lat' dir='ltr'>in</span> <span class='ocrx_word' id='word_1_42' title='bbox 1127 466 1259 517; x_wconf 87' lang='lat' dir='ltr'>patriae</span> <span class='ocrx_word' id='word_1_43' title='bbox 1275 473 1419 517; x_wconf 90' lang='lat' dir='ltr'>pestem</span> <span class='ocrx_word' id='word_1_44' title='bbox 1434 474 1565 504; x_wconf 87' lang='lat' dir='ltr'>natum</span> <span class='ocrx_word' id='word_1_45' title='bbox 1578 479 1679 513; x_wconf 82' lang='lat' dir='ltr'>esse,</span> 
     </span>
     <span class='ocr_line' id='line_1_6' title="bbox 233 523 1676 578; baseline 0.002 -17"><span class='ocrx_word' id='word_1_46' title='bbox 233 523 470 575; x_wconf 84' lang='lat' dir='ltr'>patriamque</span> <span class='ocrx_word' id='word_1_47' title='bbox 492 526 538 562; x_wconf 92' lang='lat' dir='ltr'>ab</span> <span class='ocrx_word' id='word_1_48' title='bbox 559 538 604 563; x_wconf 91' lang='lat' dir='ltr'>eo</span> <span class='ocrx_word' id='word_1_49' title='bbox 634 533 762 564; x_wconf 87' lang='lat' dir='ltr'>tantas</span> <span class='ocrx_word' id='word_1_50' title='bbox 782 539 866 564; x_wconf 87' lang='lat' dir='ltr'>esse</span> <span class='ocrx_word' id='word_1_51' title='bbox 885 526 1015 565; x_wconf 86' lang='lat' dir='ltr'>clades</span> <span class='ocrx_word' id='word_1_52' title='bbox 1034 534 1276 578; x_wconf 89' lang='lat' dir='ltr'>accepturam</span> <span class='ocrx_word' id='word_1_53' title='bbox 1305 533 1529 577; x_wconf 85' lang='lat' dir='ltr'>tantamque</span> <span class='ocrx_word' id='word_1_54' title='bbox 1553 539 1676 565; x_wconf 90' lang='lat' dir='ltr'>rerum</span> 
     </span>
     <span class='ocr_line' id='line_1_7' title="bbox 234 584 1678 639; baseline 0.004 -18"><span class='ocrx_word' id='word_1_55' title='bbox 234 584 404 622; x_wconf 90' lang='lat' dir='ltr'>omnium</span> <span class='ocrx_word' id='word_1_56' title='bbox 430 587 754 636; x_wconf 85' lang='lat' dir='ltr'>perturbationem</span> <span class='ocrx_word' id='word_1_57' title='bbox 775 587 877 625; x_wconf 93' lang='lat' dir='ltr'>hunc</span> <span class='ocrx_word' id='word_1_58' title='bbox 904 601 987 626; x_wconf 84' lang='lat' dir='ltr'>esse</span> <span class='ocrx_word' id='word_1_59' title='bbox 1011 596 1241 633; x_wconf 90' lang='lat' dir='ltr'>creaturum,</span> <span class='ocrx_word' id='word_1_60' title='bbox 1262 596 1305 626; x_wconf 87' lang='lat' dir='ltr'>ut</span> <span class='ocrx_word' id='word_1_61' title='bbox 1335 588 1578 639; x_wconf 87' lang='lat' dir='ltr'>pristinorum</span> <span class='ocrx_word' id='word_1_62' title='bbox 1599 602 1678 628; x_wconf 91' lang='lat' dir='ltr'>ma-</span> 
     </span>
     <span class='ocr_line' id='line_1_8' title="bbox 233 643 1678 698; baseline 0.004 -16"><span class='ocrx_word' id='word_1_63' title='bbox 233 643 354 682; x_wconf 86' lang='lat' dir='ltr'>lorum</span> <span class='ocrx_word' id='word_1_64' title='bbox 381 646 564 684; x_wconf 88' lang='lat' dir='ltr'>memoria</span> <span class='ocrx_word' id='word_1_65' title='bbox 583 660 660 698; x_wconf 88' lang='lat' dir='ltr'>prae</span> <span class='ocrx_word' id='word_1_66' title='bbox 679 648 736 685; x_wconf 92' lang='lat' dir='ltr'>his</span> <span class='ocrx_word' id='word_1_67' title='bbox 757 662 844 698; x_wconf 88' lang='lat' dir='ltr'>quae</span> <span class='ocrx_word' id='word_1_68' title='bbox 872 648 933 686; x_wconf 88' lang='lat' dir='ltr'>hic</span> <span class='ocrx_word' id='word_1_69' title='bbox 951 649 1161 687; x_wconf 86' lang='lat' dir='ltr'>concitabit</span> <span class='ocrx_word' id='word_1_70' title='bbox 1179 662 1224 688; x_wconf 90' lang='lat' dir='ltr'>ex</span> <span class='ocrx_word' id='word_1_71' title='bbox 1244 649 1378 687; x_wconf 88' lang='lat' dir='ltr'>animis</span> <span class='ocrx_word' id='word_1_72' title='bbox 1407 649 1603 687; x_wconf 89' lang='lat' dir='ltr'>hominum</span> <span class='ocrx_word' id='word_1_73' title='bbox 1622 650 1678 688; x_wconf 89' lang='lat' dir='ltr'>ef-</span> 
     </span>
     <span class='ocr_line' id='line_1_9' title="bbox 233 705 1678 762; baseline 0.005 -20"><span class='ocrx_word' id='word_1_74' title='bbox 233 705 386 744; x_wconf 87' lang='lat' dir='ltr'>fluxura</span> <span class='ocrx_word' id='word_1_75' title='bbox 404 707 603 746; x_wconf 85' lang='lat' dir='ltr'>videatur:</span> <span class='ocrx_word' id='word_1_76' title='bbox 634 709 800 747; x_wconf 89' lang='lat' dir='ltr'>alienum</span> <span class='ocrx_word' id='word_1_77' title='bbox 821 710 920 747; x_wconf 88' lang='lat' dir='ltr'>enim</span> <span class='ocrx_word' id='word_1_78' title='bbox 943 723 965 748; x_wconf 93' lang='lat' dir='ltr'>a</span> <span class='ocrx_word' id='word_1_79' title='bbox 988 710 1172 761; x_wconf 90' lang='lat' dir='ltr'>probabili</span> <span class='ocrx_word' id='word_1_80' title='bbox 1192 712 1478 762; x_wconf 84' lang='lat' dir='ltr'>exspectatione</span> <span class='ocrx_word' id='word_1_81' title='bbox 1504 724 1580 749; x_wconf 90' lang='lat' dir='ltr'>non</span> <span class='ocrx_word' id='word_1_82' title='bbox 1606 718 1678 756; x_wconf 86' lang='lat' dir='ltr'>est,</span> 
     </span>
     <span class='ocr_line' id='line_1_10' title="bbox 234 769 1678 824; baseline 0.004 -19"><span class='ocrx_word' id='word_1_83' title='bbox 234 774 290 814; x_wconf 94' lang='lat' dir='ltr'>ut,</span> <span class='ocrx_word' id='word_1_84' title='bbox 309 769 384 807; x_wconf 85' lang='lat' dir='ltr'>tale</span> <span class='ocrx_word' id='word_1_85' title='bbox 403 771 469 820; x_wconf 93' lang='lat' dir='ltr'>qui</span> <span class='ocrx_word' id='word_1_86' title='bbox 495 772 565 808; x_wconf 90' lang='lat' dir='ltr'>sibi</span> <span class='ocrx_word' id='word_1_87' title='bbox 585 772 672 809; x_wconf 85' lang='lat' dir='ltr'>vitae</span> <span class='ocrx_word' id='word_1_88' title='bbox 692 772 913 823; x_wconf 84' lang='lat' dir='ltr'>principium</span> <span class='ocrx_word' id='word_1_89' title='bbox 941 773 1156 817; x_wconf 85' lang='lat' dir='ltr'>instituerit,</span> <span class='ocrx_word' id='word_1_90' title='bbox 1173 773 1203 811; x_wconf 90' lang='lat' dir='ltr'>is</span> <span class='ocrx_word' id='word_1_91' title='bbox 1224 773 1393 811; x_wconf 85' lang='lat' dir='ltr'>abnormi</span> <span class='ocrx_word' id='word_1_92' title='bbox 1408 786 1558 824; x_wconf 93' lang='lat' dir='ltr'>quoque</span> <span class='ocrx_word' id='word_1_93' title='bbox 1574 773 1678 811; x_wconf 83' lang='lat' dir='ltr'>exitu</span> 
     </span>
     <span class='ocr_line' id='line_1_11' title="bbox 233 829 1678 885; baseline 0.003 -19"><span class='ocrx_word' id='word_1_94' title='bbox 233 829 315 880; x_wconf 88' lang='lat' dir='ltr'>ejus</span> <span class='ocrx_word' id='word_1_95' title='bbox 335 838 475 869; x_wconf 91' lang='lat' dir='ltr'>utatur.</span> <span class='ocrx_word' id='word_1_96' title='bbox 535 832 611 871; x_wconf 90' lang='lat' dir='ltr'>Sed</span> <span class='ocrx_word' id='word_1_97' title='bbox 632 840 692 870; x_wconf 92' lang='lat' dir='ltr'>est</span> <span class='ocrx_word' id='word_1_98' title='bbox 713 834 906 871; x_wconf 87' lang='lat' dir='ltr'>hominum</span> <span class='ocrx_word' id='word_1_99' title='bbox 929 834 1139 872; x_wconf 87' lang='lat' dir='ltr'>sobriorum</span> <span class='ocrx_word' id='word_1_100' title='bbox 1159 841 1273 884; x_wconf 88' lang='lat' dir='ltr'>atque</span> <span class='ocrx_word' id='word_1_101' title='bbox 1293 834 1534 885; x_wconf 85' lang='lat' dir='ltr'>sapientium,</span> <span class='ocrx_word' id='word_1_102' title='bbox 1553 842 1596 872; x_wconf 90' lang='lat' dir='ltr'>ut</span> <span class='ocrx_word' id='word_1_103' title='bbox 1620 834 1678 871; x_wconf 91' lang='lat' dir='ltr'>in-</span> 
     </span>
     <span class='ocr_line' id='line_1_12' title="bbox 231 893 1678 946; baseline 0.004 -19"><span class='ocrx_word' id='word_1_104' title='bbox 231 899 427 931; x_wconf 89' lang='lat' dir='ltr'>crementa</span> <span class='ocrx_word' id='word_1_105' title='bbox 441 893 578 931; x_wconf 91' lang='lat' dir='ltr'>civium</span> <span class='ocrx_word' id='word_1_106' title='bbox 599 895 753 932; x_wconf 91' lang='lat' dir='ltr'>modum</span> <span class='ocrx_word' id='word_1_107' title='bbox 774 895 1007 933; x_wconf 87' lang='lat' dir='ltr'>excedentia</span> <span class='ocrx_word' id='word_1_108' title='bbox 1027 902 1285 945; x_wconf 78' lang='lat' dir='ltr'>praecaveant,</span> <span class='ocrx_word' id='word_1_109' title='bbox 1300 902 1516 946; x_wconf 86' lang='lat' dir='ltr'>reputantes</span> <span class='ocrx_word' id='word_1_110' title='bbox 1535 907 1678 940; x_wconf 88' lang='lat' dir='ltr'>secum,</span> 
     </span>
     <span class='ocr_line' id='line_1_13' title="bbox 233 953 889 1005; baseline 0.006 -16"><span class='ocrx_word' id='word_1_111' title='bbox 233 963 257 988; x_wconf 86' lang='lat' dir='ltr'>a</span> <span class='ocrx_word' id='word_1_112' title='bbox 271 953 413 991; x_wconf 90' lang='lat' dir='ltr'>talibus</span> <span class='ocrx_word' id='word_1_113' title='bbox 432 955 654 1005; x_wconf 87' lang='lat' dir='ltr'>tyrannidas</span> <span class='ocrx_word' id='word_1_114' title='bbox 673 955 866 993; x_wconf 87' lang='lat' dir='ltr'>constitui.</span> <span class='ocrx_word' id='word_1_115' title='bbox 886 994 889 996; x_wconf 83' lang='grc'>,</span> 
     </span>
    </p>

    <p class='ocr_par' dir='ltr' id='par_1_3' title="bbox 231 1014 1695 2975">
     <span class='ocr_line' id='line_1_14' title="bbox 292 1014 1679 1065; baseline 0.004 -14"><span class='ocrx_word' id='word_1_116' title='bbox 292 1014 352 1051; x_wconf 90' lang='grc'>10.</span> <span class='ocrx_word' id='word_1_117' title='bbox 383 1014 436 1052; x_wconf 89' lang='lat' dir='ltr'>Et</span> <span class='ocrx_word' id='word_1_118' title='bbox 454 1024 544 1052; x_wconf 86' lang='lat' dir='ltr'>sunt</span> <span class='ocrx_word' id='word_1_119' title='bbox 564 1016 647 1053; x_wconf 87' lang='lat' dir='ltr'>haec</span> <span class='ocrx_word' id='word_1_120' title='bbox 667 1016 823 1065; x_wconf 89' lang='lat' dir='ltr'>quidem</span> <span class='ocrx_word' id='word_1_121' title='bbox 843 1023 920 1053; x_wconf 91' lang='lat' dir='ltr'>tam</span> <span class='ocrx_word' id='word_1_122' title='bbox 941 1016 1144 1062; x_wconf 89' lang='lat' dir='ltr'>evidentia,</span> <span class='ocrx_word' id='word_1_123' title='bbox 1165 1024 1208 1054; x_wconf 88' lang='lat' dir='ltr'>ut</span> <span class='ocrx_word' id='word_1_124' title='bbox 1229 1017 1450 1055; x_wconf 89' lang='lat' dir='ltr'>Alcibiades</span> <span class='ocrx_word' id='word_1_125' title='bbox 1479 1017 1527 1055; x_wconf 88' lang='lat' dir='ltr'>ad</span> <span class='ocrx_word' id='word_1_126' title='bbox 1552 1031 1598 1056; x_wconf 89' lang='lat' dir='ltr'>ea</span> <span class='ocrx_word' id='word_1_127' title='bbox 1626 1018 1679 1056; x_wconf 86' lang='lat' dir='ltr'>nil</span> 
     </span>
     <span class='ocr_line' id='line_1_15' title="bbox 231 1073 1680 1131; baseline 0.005 -20"><span class='ocrx_word' id='word_1_128' title='bbox 231 1073 405 1113; x_wconf 86' lang='lat' dir='ltr'>videatur</span> <span class='ocrx_word' id='word_1_129' title='bbox 425 1089 510 1113; x_wconf 91' lang='lat' dir='ltr'>esse</span> <span class='ocrx_word' id='word_1_130' title='bbox 543 1089 817 1127; x_wconf 85' lang='lat' dir='ltr'>responsurus:</span> <span class='ocrx_word' id='word_1_131' title='bbox 860 1084 900 1114; x_wconf 90' lang='lat' dir='ltr'>at</span> <span class='ocrx_word' id='word_1_132' title='bbox 929 1078 1023 1115; x_wconf 89' lang='lat' dir='ltr'>illud</span> <span class='ocrx_word' id='word_1_133' title='bbox 1044 1079 1188 1123; x_wconf 86' lang='lat' dir='ltr'>afferet,</span> <span class='ocrx_word' id='word_1_134' title='bbox 1207 1079 1255 1117; x_wconf 92' lang='lat' dir='ltr'>de</span> <span class='ocrx_word' id='word_1_135' title='bbox 1275 1079 1433 1117; x_wconf 89' lang='lat' dir='ltr'>victoria</span> <span class='ocrx_word' id='word_1_136' title='bbox 1456 1093 1526 1117; x_wconf 92' lang='lat' dir='ltr'>sua</span> <span class='ocrx_word' id='word_1_137' title='bbox 1539 1080 1680 1131; x_wconf 88' lang='lat' dir='ltr'>Olym·</span> 
     </span>
     <span class='ocr_line' id='line_1_16' title="bbox 232 1135 1682 1189; baseline 0.003 -15"><span class='ocrx_word' id='word_1_138' title='bbox 232 1135 357 1187; x_wconf 89' lang='lat' dir='ltr'>piaca,</span> <span class='ocrx_word' id='word_1_139' title='bbox 377 1144 416 1175; x_wconf 91' lang='lat' dir='ltr'>et</span> <span class='ocrx_word' id='word_1_140' title='bbox 443 1136 518 1175; x_wconf 90' lang='lat' dir='ltr'>alia</span> <span class='ocrx_word' id='word_1_141' title='bbox 538 1138 664 1188; x_wconf 88' lang='lat' dir='ltr'>potius</span> <span class='ocrx_word' id='word_1_142' title='bbox 691 1138 822 1176; x_wconf 87' lang='lat' dir='ltr'>omnia</span> <span class='ocrx_word' id='word_1_143' title='bbox 847 1139 1060 1177; x_wconf 88' lang='lat' dir='ltr'>defensioni</span> <span class='ocrx_word' id='word_1_144' title='bbox 1081 1153 1162 1177; x_wconf 85' lang='lat' dir='ltr'>suae</span> <span class='ocrx_word' id='word_1_145' title='bbox 1181 1141 1418 1186; x_wconf 86' lang='lat' dir='ltr'>immiscebit,</span> <span class='ocrx_word' id='word_1_146' title='bbox 1441 1153 1556 1189; x_wconf 90' lang='lat' dir='ltr'>quam</span> <span class='ocrx_word' id='word_1_147' title='bbox 1575 1147 1618 1179; x_wconf 88' lang='lat' dir='ltr'>ut</span> <span class='ocrx_word' id='word_1_148' title='bbox 1636 1154 1682 1180; x_wconf 92' lang='lat' dir='ltr'>ea</span> 
     </span>
     <span class='ocr_line' id='line_1_17' title="bbox 232 1199 1683 1253; baseline 0.005 -18"><span class='ocrx_word' id='word_1_149' title='bbox 232 1205 373 1249; x_wconf 88' lang='lat' dir='ltr'>purget</span> <span class='ocrx_word' id='word_1_150' title='bbox 393 1212 552 1249; x_wconf 89' lang='lat' dir='ltr'>quorum</span> <span class='ocrx_word' id='word_1_151' title='bbox 570 1199 781 1238; x_wconf 85' lang='lat' dir='ltr'>incusatur.</span> <span class='ocrx_word' id='word_1_152' title='bbox 811 1200 1083 1240; x_wconf 86' lang='lat' dir='ltr'>Verumtamen</span> <span class='ocrx_word' id='word_1_153' title='bbox 1100 1202 1158 1240; x_wconf 87' lang='lat' dir='ltr'>vel</span> <span class='ocrx_word' id='word_1_154' title='bbox 1174 1215 1220 1240; x_wconf 88' lang='lat' dir='ltr'>ex</span> <span class='ocrx_word' id='word_1_155' title='bbox 1235 1202 1294 1240; x_wconf 90' lang='lat' dir='ltr'>his</span> <span class='ocrx_word' id='word_1_156' title='bbox 1306 1202 1398 1253; x_wconf 91' lang='lat' dir='ltr'>ipsis</span> <span class='ocrx_word' id='word_1_157' title='bbox 1414 1202 1462 1240; x_wconf 93' lang='lat' dir='ltr'>ab</span> <span class='ocrx_word' id='word_1_158' title='bbox 1477 1201 1549 1240; x_wconf 89' lang='lat' dir='ltr'>hac</span> <span class='ocrx_word' id='word_1_159' title='bbox 1563 1215 1683 1242; x_wconf 85' lang='lat' dir='ltr'>causa</span> 
     </span>
     <span class='ocr_line' id='line_1_18' title="bbox 232 1259 1683 1315; baseline 0.004 -18"><span class='ocrx_word' id='word_1_160' title='bbox 232 1259 381 1306; x_wconf 89' lang='lat' dir='ltr'>alienis,</span> <span class='ocrx_word' id='word_1_161' title='bbox 399 1261 537 1311; x_wconf 91' lang='lat' dir='ltr'>quibus</span> <span class='ocrx_word' id='word_1_162' title='bbox 555 1261 775 1312; x_wconf 83' lang='lat' dir='ltr'>ingerendis</span> <span class='ocrx_word' id='word_1_163' title='bbox 795 1261 858 1299; x_wconf 88' lang='lat' dir='ltr'>ille</span> <span class='ocrx_word' id='word_1_164' title='bbox 878 1274 945 1300; x_wconf 90' lang='lat' dir='ltr'>vos</span> <span class='ocrx_word' id='word_1_165' title='bbox 971 1262 1157 1301; x_wconf 87' lang='lat' dir='ltr'>ludificari</span> <span class='ocrx_word' id='word_1_166' title='bbox 1175 1264 1388 1309; x_wconf 85' lang='lat' dir='ltr'>conabitur,</span> <span class='ocrx_word' id='word_1_167' title='bbox 1409 1264 1562 1315; x_wconf 90' lang='lat' dir='ltr'>planum</span> <span class='ocrx_word' id='word_1_168' title='bbox 1590 1277 1683 1303; x_wconf 91' lang='lat' dir='ltr'>con-</span> 
     </span>
     <span class='ocr_line' id='line_1_19' title="bbox 231 1319 1684 1376; baseline 0.003 -18"><span class='ocrx_word' id='word_1_169' title='bbox 231 1319 311 1360; x_wconf 90' lang='lat' dir='ltr'>fido</span> <span class='ocrx_word' id='word_1_170' title='bbox 323 1334 383 1360; x_wconf 90' lang='lat' dir='ltr'>me</span> <span class='ocrx_word' id='word_1_171' title='bbox 402 1323 607 1368; x_wconf 83' lang='lat' dir='ltr'>facturum,</span> <span class='ocrx_word' id='word_1_172' title='bbox 625 1337 712 1362; x_wconf 89' lang='lat' dir='ltr'>eum</span> <span class='ocrx_word' id='word_1_173' title='bbox 728 1324 848 1362; x_wconf 88' lang='lat' dir='ltr'>multo</span> <span class='ocrx_word' id='word_1_174' title='bbox 867 1337 951 1362; x_wconf 86' lang='lat' dir='ltr'>esse</span> <span class='ocrx_word' id='word_1_175' title='bbox 965 1324 1188 1375; x_wconf 86' lang='lat' dir='ltr'>digniorem,</span> <span class='ocrx_word' id='word_1_176' title='bbox 1206 1326 1270 1376; x_wconf 91' lang='lat' dir='ltr'>qui</span> <span class='ocrx_word' id='word_1_177' title='bbox 1289 1332 1409 1363; x_wconf 87' lang='lat' dir='ltr'>morte</span> <span class='ocrx_word' id='word_1_178' title='bbox 1422 1339 1445 1364; x_wconf 89' lang='lat' dir='ltr'>a</span> <span class='ocrx_word' id='word_1_179' title='bbox 1464 1327 1569 1365; x_wconf 87' lang='lat' dir='ltr'>vobis</span> <span class='ocrx_word' id='word_1_180' title='bbox 1589 1327 1684 1364; x_wconf 90' lang='lat' dir='ltr'>mul-</span> 
     </span>
     <span class='ocr_line' id='line_1_20' title="bbox 236 1384 1680 1438; baseline 0.005 -18"><span class='ocrx_word' id='word_1_181' title='bbox 236 1389 375 1430; x_wconf 89' lang='lat' dir='ltr'>ctetur,</span> <span class='ocrx_word' id='word_1_182' title='bbox 393 1396 507 1434; x_wconf 88' lang='lat' dir='ltr'>quam</span> <span class='ocrx_word' id='word_1_183' title='bbox 535 1384 599 1436; x_wconf 91' lang='lat' dir='ltr'>qui</span> <span class='ocrx_word' id='word_1_184' title='bbox 620 1392 803 1424; x_wconf 88' lang='lat' dir='ltr'>servetur.</span> <span class='ocrx_word' id='word_1_185' title='bbox 862 1386 1036 1424; x_wconf 89' lang='lat' dir='ltr'>Narrabo</span> <span class='ocrx_word' id='word_1_186' title='bbox 1057 1400 1194 1438; x_wconf 89' lang='lat' dir='ltr'>nempe</span> <span class='ocrx_word' id='word_1_187' title='bbox 1213 1400 1292 1425; x_wconf 87' lang='lat' dir='ltr'>rem</span> <span class='ocrx_word' id='word_1_188' title='bbox 1314 1388 1432 1431; x_wconf 88' lang='lat' dir='ltr'>vobis,</span> <span class='ocrx_word' id='word_1_189' title='bbox 1453 1395 1493 1426; x_wconf 89' lang='lat' dir='ltr'>ut</span> <span class='ocrx_word' id='word_1_190' title='bbox 1513 1388 1640 1433; x_wconf 89' lang='lat' dir='ltr'>habet,</span> <span class='ocrx_word' id='word_1_191' title='bbox 1657 1402 1680 1427; x_wconf 89' lang='lat' dir='ltr'>a</span> 
     </span>
     <span class='ocr_line' id='line_1_21' title="bbox 233 1443 1681 1500; baseline 0.005 -19"><span class='ocrx_word' id='word_1_192' title='bbox 233 1443 431 1496; x_wconf 90' lang='lat' dir='ltr'>principio.</span> <span class='ocrx_word' id='word_1_193' title='bbox 469 1446 678 1485; x_wconf 85' lang='lat' dir='ltr'>Diomedes</span> <span class='ocrx_word' id='word_1_194' title='bbox 697 1447 746 1485; x_wconf 88' lang='lat' dir='ltr'>ad</span> <span class='ocrx_word' id='word_1_195' title='bbox 763 1447 979 1499; x_wconf 87' lang='lat' dir='ltr'>Olympiam</span> <span class='ocrx_word' id='word_1_196' title='bbox 996 1447 1252 1486; x_wconf 87' lang='lat' dir='ltr'>descenderat</span> <span class='ocrx_word' id='word_1_197' title='bbox 1265 1461 1331 1500; x_wconf 85' lang='lat' dir='ltr'>par</span> <span class='ocrx_word' id='word_1_198' title='bbox 1347 1461 1532 1499; x_wconf 90' lang='lat' dir='ltr'>equorum</span> <span class='ocrx_word' id='word_1_199' title='bbox 1547 1462 1681 1499; x_wconf 84' lang='lat' dir='ltr'>agens,</span> 
     </span>
     <span class='ocr_line' id='line_1_22' title="bbox 235 1507 1684 1562; baseline 0.003 -18"><span class='ocrx_word' id='word_1_200' title='bbox 235 1513 277 1544; x_wconf 90' lang='lat' dir='ltr'>et</span> <span class='ocrx_word' id='word_1_201' title='bbox 295 1519 315 1544; x_wconf 93' lang='lat' dir='ltr'>e</span> <span class='ocrx_word' id='word_1_202' title='bbox 335 1520 375 1545; x_wconf 92' lang='lat' dir='ltr'>re</span> <span class='ocrx_word' id='word_1_203' title='bbox 400 1507 586 1552; x_wconf 87' lang='lat' dir='ltr'>familiari,</span> <span class='ocrx_word' id='word_1_204' title='bbox 607 1509 782 1559; x_wconf 89' lang='lat' dir='ltr'>quamvis</span> <span class='ocrx_word' id='word_1_205' title='bbox 809 1508 874 1546; x_wconf 88' lang='lat' dir='ltr'>illa</span> <span class='ocrx_word' id='word_1_206' title='bbox 902 1521 1084 1559; x_wconf 87' lang='lat' dir='ltr'>perquam</span> <span class='ocrx_word' id='word_1_207' title='bbox 1112 1509 1307 1554; x_wconf 83' lang='lat' dir='ltr'>mediocri,</span> <span class='ocrx_word' id='word_1_208' title='bbox 1329 1516 1454 1547; x_wconf 82' lang='lat' dir='ltr'>tamen</span> <span class='ocrx_word' id='word_1_209' title='bbox 1475 1510 1594 1548; x_wconf 90' lang='lat' dir='ltr'>decus</span> <span class='ocrx_word' id='word_1_210' title='bbox 1615 1523 1684 1562; x_wconf 87' lang='lat' dir='ltr'>pa-</span> 
     </span>
     <span class='ocr_line' id='line_1_23' title="bbox 234 1567 1684 1622; baseline 0.004 -17"><span class='ocrx_word' id='word_1_211' title='bbox 234 1567 392 1619; x_wconf 83' lang='lat' dir='ltr'>triaeque</span> <span class='ocrx_word' id='word_1_212' title='bbox 414 1568 619 1620; x_wconf 88' lang='lat' dir='ltr'>domuique</span> <span class='ocrx_word' id='word_1_213' title='bbox 639 1583 719 1607; x_wconf 87' lang='lat' dir='ltr'>suae</span> <span class='ocrx_word' id='word_1_214' title='bbox 740 1583 872 1621; x_wconf 84' lang='lat' dir='ltr'>parere</span> <span class='ocrx_word' id='word_1_215' title='bbox 895 1570 1069 1616; x_wconf 85' lang='lat' dir='ltr'>studens,</span> <span class='ocrx_word' id='word_1_216' title='bbox 1088 1570 1229 1621; x_wconf 88' lang='lat' dir='ltr'>quippe</span> <span class='ocrx_word' id='word_1_217' title='bbox 1249 1571 1315 1622; x_wconf 90' lang='lat' dir='ltr'>qui</span> <span class='ocrx_word' id='word_1_218' title='bbox 1335 1584 1464 1609; x_wconf 87' lang='lat' dir='ltr'>secum</span> <span class='ocrx_word' id='word_1_219' title='bbox 1490 1578 1684 1622; x_wconf 87' lang='lat' dir='ltr'>reputaret</span> 
     </span>
     <span class='ocr_line' id='line_1_24' title="bbox 235 1630 1685 1683; baseline 0.003 -15"><span class='ocrx_word' id='word_1_220' title='bbox 235 1630 427 1680; x_wconf 88' lang='lat' dir='ltr'>equestria</span> <span class='ocrx_word' id='word_1_221' title='bbox 445 1631 654 1670; x_wconf 90' lang='lat' dir='ltr'>certamina</span> <span class='ocrx_word' id='word_1_222' title='bbox 671 1646 747 1670; x_wconf 91' lang='lat' dir='ltr'>non</span> <span class='ocrx_word' id='word_1_223' title='bbox 770 1646 793 1671; x_wconf 91' lang='lat' dir='ltr'>a</span> <span class='ocrx_word' id='word_1_224' title='bbox 812 1633 973 1671; x_wconf 85' lang='lat' dir='ltr'>fortunis</span> <span class='ocrx_word' id='word_1_225' title='bbox 1003 1633 1228 1670; x_wconf 87' lang='lat' dir='ltr'>certantium</span> <span class='ocrx_word' id='word_1_226' title='bbox 1251 1633 1466 1683; x_wconf 87' lang='lat' dir='ltr'>gubernari,</span> <span class='ocrx_word' id='word_1_227' title='bbox 1491 1634 1561 1672; x_wconf 92' lang='lat' dir='ltr'>sed</span> <span class='ocrx_word' id='word_1_228' title='bbox 1581 1647 1604 1672; x_wconf 90' lang='lat' dir='ltr'>a</span> <span class='ocrx_word' id='word_1_229' title='bbox 1627 1642 1685 1674; x_wconf 93' lang='lat' dir='ltr'>te-</span> 
     </span>
     <span class='ocr_line' id='line_1_25' title="bbox 235 1691 1685 1747; baseline 0.006 -20"><span class='ocrx_word' id='word_1_230' title='bbox 235 1691 410 1729; x_wconf 88' lang='lat' dir='ltr'>meritate</span> <span class='ocrx_word' id='word_1_231' title='bbox 437 1693 548 1731; x_wconf 88' lang='lat' dir='ltr'>sortis</span> <span class='ocrx_word' id='word_1_232' title='bbox 566 1693 735 1732; x_wconf 84' lang='lat' dir='ltr'>fortuitae</span> <span class='ocrx_word' id='word_1_233' title='bbox 762 1694 980 1745; x_wconf 78' lang='lat' dir='ltr'>disceptari.</span> <span class='ocrx_word' id='word_1_234' title='bbox 1039 1695 1140 1732; x_wconf 92' lang='lat' dir='ltr'>Huic</span> <span class='ocrx_word' id='word_1_235' title='bbox 1169 1695 1349 1734; x_wconf 90' lang='lat' dir='ltr'>Diomedi</span> <span class='ocrx_word' id='word_1_236' title='bbox 1368 1696 1510 1747; x_wconf 91' lang='lat' dir='ltr'>itaque,</span> <span class='ocrx_word' id='word_1_237' title='bbox 1533 1698 1685 1736; x_wconf 89' lang='lat' dir='ltr'>tametsi</span> 
     </span>
     <span class='ocr_line' id='line_1_26' title="bbox 235 1751 1686 1810; baseline 0.005 -20"><span class='ocrx_word' id='word_1_238' title='bbox 235 1751 327 1790; x_wconf 88' lang='lat' dir='ltr'>civis</span> <span class='ocrx_word' id='word_1_239' title='bbox 346 1760 471 1791; x_wconf 90' lang='lat' dir='ltr'>vester</span> <span class='ocrx_word' id='word_1_240' title='bbox 489 1753 521 1791; x_wconf 92' lang='lat' dir='ltr'>is</span> <span class='ocrx_word' id='word_1_241' title='bbox 540 1761 646 1793; x_wconf 85' lang='lat' dir='ltr'>esset</span> <span class='ocrx_word' id='word_1_242' title='bbox 663 1768 787 1806; x_wconf 89' lang='lat' dir='ltr'>neque</span> <span class='ocrx_word' id='word_1_243' title='bbox 807 1756 855 1793; x_wconf 90' lang='lat' dir='ltr'>de</span> <span class='ocrx_word' id='word_1_244' title='bbox 874 1756 1225 1807; x_wconf 88' lang='lat' dir='ltr'>contemptissimis,</span> <span class='ocrx_word' id='word_1_245' title='bbox 1240 1764 1367 1795; x_wconf 89' lang='lat' dir='ltr'>tamen</span> <span class='ocrx_word' id='word_1_246' title='bbox 1385 1757 1602 1797; x_wconf 89' lang='lat' dir='ltr'>Alcibiades</span> <span class='ocrx_word' id='word_1_247' title='bbox 1617 1773 1686 1810; x_wconf 85' lang='lat' dir='ltr'>par</span> 
     </span>
     <span class='ocr_line' id='line_1_27' title="bbox 236 1813 1686 1870; baseline 0.006 -19"><span class='ocrx_word' id='word_1_248' title='bbox 236 1813 331 1852; x_wconf 86' lang='lat' dir='ltr'>illud</span> <span class='ocrx_word' id='word_1_249' title='bbox 351 1827 536 1866; x_wconf 88' lang='lat' dir='ltr'>equorum</span> <span class='ocrx_word' id='word_1_250' title='bbox 552 1816 600 1854; x_wconf 93' lang='lat' dir='ltr'>de</span> <span class='ocrx_word' id='word_1_251' title='bbox 615 1829 690 1867; x_wconf 92' lang='lat' dir='ltr'>quo</span> <span class='ocrx_word' id='word_1_252' title='bbox 710 1817 794 1855; x_wconf 93' lang='lat' dir='ltr'>dico</span> <span class='ocrx_word' id='word_1_253' title='bbox 819 1830 885 1868; x_wconf 87' lang='lat' dir='ltr'>per</span> <span class='ocrx_word' id='word_1_254' title='bbox 900 1818 974 1855; x_wconf 92' lang='lat' dir='ltr'>vim</span> <span class='ocrx_word' id='word_1_255' title='bbox 995 1817 1165 1863; x_wconf 85' lang='lat' dir='ltr'>extorsit,</span> <span class='ocrx_word' id='word_1_256' title='bbox 1186 1818 1308 1869; x_wconf 85' lang='lat' dir='ltr'>gratia</span> <span class='ocrx_word' id='word_1_257' title='bbox 1331 1819 1432 1870; x_wconf 90' lang='lat' dir='ltr'>apud</span> <span class='ocrx_word' id='word_1_258' title='bbox 1453 1821 1686 1860; x_wconf 83' lang='lat' dir='ltr'>munerarios</span> 
     </span>
     <span class='ocr_line' id='line_1_28' title="bbox 238 1877 1686 1931; baseline 0.004 -17"><span class='ocrx_word' id='word_1_259' title='bbox 238 1877 418 1916; x_wconf 90' lang='lat' dir='ltr'>Eleorum</span> <span class='ocrx_word' id='word_1_260' title='bbox 437 1879 664 1929; x_wconf 81' lang='lat' dir='ltr'>praevalens,</span> <span class='ocrx_word' id='word_1_261' title='bbox 685 1886 724 1917; x_wconf 91' lang='lat' dir='ltr'>et</span> <span class='ocrx_word' id='word_1_262' title='bbox 742 1892 809 1930; x_wconf 89' lang='lat' dir='ltr'>pro</span> <span class='ocrx_word' id='word_1_263' title='bbox 825 1879 1013 1918; x_wconf 90' lang='lat' dir='ltr'>Diomede</span> <span class='ocrx_word' id='word_1_264' title='bbox 1026 1880 1107 1931; x_wconf 90' lang='lat' dir='ltr'>ipse</span> <span class='ocrx_word' id='word_1_265' title='bbox 1126 1887 1320 1919; x_wconf 90' lang='lat' dir='ltr'>certamen</span> <span class='ocrx_word' id='word_1_266' title='bbox 1337 1881 1497 1931; x_wconf 85' lang='lat' dir='ltr'>peregit.</span> <span class='ocrx_word' id='word_1_267' title='bbox 1554 1882 1686 1926; x_wconf 90' lang='lat' dir='ltr'>Quan-</span> 
     </span>
     <span class='ocr_line' id='line_1_29' title="bbox 237 1939 1684 1994; baseline 0.004 -18"><span class='ocrx_word' id='word_1_268' title='bbox 237 1939 506 1990; x_wconf 84' lang='lat' dir='ltr'>quam‚civem</span> <span class='ocrx_word' id='word_1_269' title='bbox 528 1947 696 1978; x_wconf 89' lang='lat' dir='ltr'>vestrum</span> <span class='ocrx_word' id='word_1_270' title='bbox 713 1941 777 1991; x_wconf 90' lang='lat' dir='ltr'>qui</span> <span class='ocrx_word' id='word_1_271' title='bbox 807 1942 930 1979; x_wconf 89' lang='lat' dir='ltr'>modis</span> <span class='ocrx_word' id='word_1_272' title='bbox 961 1948 1039 1980; x_wconf 90' lang='lat' dir='ltr'>tam</span> <span class='ocrx_word' id='word_1_273' title='bbox 1066 1941 1233 1992; x_wconf 87' lang='lat' dir='ltr'>indignis</span> <span class='ocrx_word' id='word_1_274' title='bbox 1263 1943 1453 1989; x_wconf 89' lang='lat' dir='ltr'>tractavit,</span> <span class='ocrx_word' id='word_1_275' title='bbox 1485 1943 1684 1994; x_wconf 84' lang='lat' dir='ltr'>quid-eum</span> 
     </span>
     <span class='ocr_line' id='line_1_30' title="bbox 238 2001 1685 2054; baseline 0.004 -16"><span class='ocrx_word' id='word_1_276' title='bbox 238 2001 430 2038; x_wconf 91' lang='lat' dir='ltr'>facturum</span> <span class='ocrx_word' id='word_1_277' title='bbox 451 2001 677 2041; x_wconf 87' lang='lat' dir='ltr'>existimatis</span> <span class='ocrx_word' id='word_1_278' title='bbox 706 2003 836 2049; x_wconf 86' lang='lat' dir='ltr'>fuisse,</span> <span class='ocrx_word' id='word_1_279' title='bbox 858 2003 888 2041; x_wconf 92' lang='lat' dir='ltr'>si</span> <span class='ocrx_word' id='word_1_280' title='bbox 919 2003 1003 2054; x_wconf 89' lang='lat' dir='ltr'>quis</span> <span class='ocrx_word' id='word_1_281' title='bbox 1024 2003 1121 2047; x_wconf 80' lang='lat' dir='ltr'>alius</span> <span class='ocrx_word' id='word_1_282' title='bbox 1154 2004 1342 2042; x_wconf 88' lang='lat' dir='ltr'>sociorum</span> <span class='ocrx_word' id='word_1_283' title='bbox 1362 2012 1573 2043; x_wconf 84' lang='lat' dir='ltr'>vestrorum</span> <span class='ocrx_word' id='word_1_284' title='bbox 1597 2019 1685 2044; x_wconf 91' lang='lat' dir='ltr'>cum</span> 
     </span>
     <span class='ocr_line' id='line_1_31' title="bbox 238 2062 1689 2118; baseline 0.003 -18"><span class='ocrx_word' id='word_1_285' title='bbox 238 2062 338 2113; x_wconf 86' lang='lat' dir='ltr'>bigis</span> <span class='ocrx_word' id='word_1_286' title='bbox 358 2075 538 2114; x_wconf 89' lang='lat' dir='ltr'>equorum</span> <span class='ocrx_word' id='word_1_287' title='bbox 559 2071 704 2102; x_wconf 86' lang='lat' dir='ltr'>certare</span> <span class='ocrx_word' id='word_1_288' title='bbox 718 2065 918 2103; x_wconf 88' lang='lat' dir='ltr'>doctorum</span> <span class='ocrx_word' id='word_1_289' title='bbox 936 2065 985 2102; x_wconf 92' lang='lat' dir='ltr'>ad</span> <span class='ocrx_word' id='word_1_290' title='bbox 997 2064 1214 2116; x_wconf 89' lang='lat' dir='ltr'>Olympiam</span> <span class='ocrx_word' id='word_1_291' title='bbox 1233 2066 1426 2105; x_wconf 76' lang='lat' dir='ltr'>venisset?</span> <span class='ocrx_word' id='word_1_292' title='bbox 1456 2067 1689 2118; x_wconf 88' lang='lat' dir='ltr'>Unquamne</span> 
     </span>
     <span class='ocr_line' id='line_1_32' title="bbox 240 2124 1687 2180; baseline 0.005 -19"><span class='ocrx_word' id='word_1_293' title='bbox 240 2124 272 2162; x_wconf 90' lang='lat' dir='ltr'>is</span> <span class='ocrx_word' id='word_1_294' title='bbox 291 2124 547 2176; x_wconf 89' lang='lat' dir='ltr'>permissurus</span> <span class='ocrx_word' id='word_1_295' title='bbox 567 2126 687 2164; x_wconf 86' lang='lat' dir='ltr'>fuisse</span> <span class='ocrx_word' id='word_1_296' title='bbox 703 2126 809 2165; x_wconf 91' lang='lat' dir='ltr'>vobis</span> <span class='ocrx_word' id='word_1_297' title='bbox 824 2127 985 2172; x_wconf 89' lang='lat' dir='ltr'>videtur,</span> <span class='ocrx_word' id='word_1_298' title='bbox 1003 2133 1044 2164; x_wconf 94' lang='lat' dir='ltr'>ut</span> <span class='ocrx_word' id='word_1_299' title='bbox 1058 2127 1246 2165; x_wconf 89' lang='lat' dir='ltr'>sociorum</span> <span class='ocrx_word' id='word_1_300' title='bbox 1261 2134 1470 2166; x_wconf 89' lang='lat' dir='ltr'>vestrorum</span> <span class='ocrx_word' id='word_1_301' title='bbox 1487 2129 1687 2180; x_wconf 84' lang='lat' dir='ltr'>quisquam</span> 
     </span>
     <span class='ocr_line' id='line_1_33' title="bbox 241 2186 1689 2239; baseline 0.003 -16"><span class='ocrx_word' id='word_1_302' title='bbox 241 2199 289 2224; x_wconf 87' lang='lat' dir='ltr'>ex</span> <span class='ocrx_word' id='word_1_303' title='bbox 313 2186 475 2224; x_wconf 87' lang='lat' dir='ltr'>adverso</span> <span class='ocrx_word' id='word_1_304' title='bbox 507 2200 638 2225; x_wconf 85' lang='lat' dir='ltr'>secum</span> <span class='ocrx_word' id='word_1_305' title='bbox 669 2201 782 2226; x_wconf 88' lang='lat' dir='ltr'>cursu</span> <span class='ocrx_word' id='word_1_306' title='bbox 804 2188 973 2239; x_wconf 87' lang='lat' dir='ltr'>equestri</span> <span class='ocrx_word' id='word_1_307' title='bbox 1002 2188 1265 2234; x_wconf 87' lang='lat' dir='ltr'>contenderet,</span> <span class='ocrx_word' id='word_1_308' title='bbox 1285 2189 1364 2239; x_wconf 82' lang='lat' dir='ltr'>qui,</span> <span class='ocrx_word' id='word_1_309' title='bbox 1384 2190 1492 2239; x_wconf 84' lang='lat' dir='ltr'>bigas</span> <span class='ocrx_word' id='word_1_310' title='bbox 1511 2202 1598 2227; x_wconf 90' lang='lat' dir='ltr'>cum</span> <span class='ocrx_word' id='word_1_311' title='bbox 1617 2191 1689 2228; x_wconf 91' lang='lat' dir='ltr'>civi</span> 
     </span>
     <span class='ocr_line' id='line_1_34' title="bbox 241 2247 1688 2299; baseline 0.004 -16"><span class='ocrx_word' id='word_1_312' title='bbox 241 2252 367 2284; x_wconf 90' lang='lat' dir='ltr'>vestro</span> <span class='ocrx_word' id='word_1_313' title='bbox 385 2259 453 2297; x_wconf 90' lang='lat' dir='ltr'>per</span> <span class='ocrx_word' id='word_1_314' title='bbox 473 2247 544 2284; x_wconf 90' lang='lat' dir='ltr'>vim</span> <span class='ocrx_word' id='word_1_315' title='bbox 569 2247 782 2298; x_wconf 86' lang='lat' dir='ltr'>eripuisset,</span> <span class='ocrx_word' id='word_1_316' title='bbox 798 2249 940 2286; x_wconf 73' lang='lat' dir='ltr'>‘alienis</span> <span class='ocrx_word' id='word_1_317' title='bbox 961 2249 998 2285; x_wconf 94' lang='lat' dir='ltr'>in</span> <span class='ocrx_word' id='word_1_318' title='bbox 1027 2249 1135 2299; x_wconf 91' lang='lat' dir='ltr'>equis</span> <span class='ocrx_word' id='word_1_319' title='bbox 1155 2248 1361 2287; x_wconf 89' lang='lat' dir='ltr'>discrimen</span> <span class='ocrx_word' id='word_1_320' title='bbox 1389 2250 1602 2288; x_wconf 91' lang='lat' dir='ltr'>certaminis</span> <span class='ocrx_word' id='word_1_321' title='bbox 1622 2264 1688 2289; x_wconf 87' lang='lat' dir='ltr'>ex-</span> 
     </span>
     <span class='ocr_line' id='line_1_35' title="bbox 241 2307 1688 2361; baseline 0.003 -16"><span class='ocrx_word' id='word_1_322' title='bbox 241 2307 355 2358; x_wconf 88' lang='lat' dir='ltr'>periri</span> <span class='ocrx_word' id='word_1_323' title='bbox 372 2307 497 2345; x_wconf 90' lang='lat' dir='ltr'>nullus</span> <span class='ocrx_word' id='word_1_324' title='bbox 513 2308 727 2346; x_wconf 77' lang='lat' dir='ltr'>dubitavit?</span> <span class='ocrx_word' id='word_1_325' title='bbox 755 2322 832 2359; x_wconf 90' lang='lat' dir='ltr'>quo</span> <span class='ocrx_word' id='word_1_326' title='bbox 847 2310 1006 2347; x_wconf 85' lang='lat' dir='ltr'>Graecos</span> <span class='ocrx_word' id='word_1_327' title='bbox 1022 2309 1153 2347; x_wconf 92' lang='lat' dir='ltr'>docuit</span> <span class='ocrx_word' id='word_1_328' title='bbox 1167 2309 1217 2346; x_wconf 92' lang='lat' dir='ltr'>nil</span> <span class='ocrx_word' id='word_1_329' title='bbox 1234 2310 1372 2355; x_wconf 87' lang='lat' dir='ltr'>mirari,</span> <span class='ocrx_word' id='word_1_330' title='bbox 1388 2310 1543 2361; x_wconf 83' lang='lat' dir='ltr'>siquem</span> <span class='ocrx_word' id='word_1_331' title='bbox 1557 2325 1688 2350; x_wconf 89' lang='lat' dir='ltr'>eorum</span> 
     </span>
     <span class='ocr_line' id='line_1_36' title="bbox 243 2369 1690 2422; baseline 0.003 -16"><span class='ocrx_word' id='word_1_332' title='bbox 243 2382 311 2421; x_wconf 90' lang='lat' dir='ltr'>per</span> <span class='ocrx_word' id='word_1_333' title='bbox 329 2369 404 2406; x_wconf 92' lang='lat' dir='ltr'>vim</span> <span class='ocrx_word' id='word_1_334' title='bbox 420 2376 535 2420; x_wconf 84' lang='lat' dir='ltr'>atque</span> <span class='ocrx_word' id='word_1_335' title='bbox 556 2370 662 2407; x_wconf 87' lang='lat' dir='ltr'>nefas</span> <span class='ocrx_word' id='word_1_336' title='bbox 677 2370 821 2421; x_wconf 87' lang='lat' dir='ltr'>injuriis</span> <span class='ocrx_word' id='word_1_337' title='bbox 842 2378 966 2415; x_wconf 86' lang='lat' dir='ltr'>vexet,</span> <span class='ocrx_word' id='word_1_338' title='bbox 981 2371 1120 2422; x_wconf 84' lang='lat' dir='ltr'>quippe</span> <span class='ocrx_word' id='word_1_339' title='bbox 1135 2371 1198 2421; x_wconf 94' lang='lat' dir='ltr'>qui</span> <span class='ocrx_word' id='word_1_340' title='bbox 1214 2385 1260 2409; x_wconf 91' lang='lat' dir='ltr'>ne</span> <span class='ocrx_word' id='word_1_341' title='bbox 1276 2372 1420 2409; x_wconf 90' lang='lat' dir='ltr'>civibus</span> <span class='ocrx_word' id='word_1_342' title='bbox 1443 2372 1595 2422; x_wconf 88' lang='lat' dir='ltr'>quidem</span> <span class='ocrx_word' id='word_1_343' title='bbox 1611 2374 1690 2412; x_wconf 89' lang='lat' dir='ltr'>suis</span> 
     </span>
     <span class='ocr_line' id='line_1_37' title="bbox 243 2431 1689 2485; baseline 0.003 -18"><span class='ocrx_word' id='word_1_344' title='bbox 243 2431 343 2481; x_wconf 84' lang='lat' dir='ltr'>aequi</span> <span class='ocrx_word' id='word_1_345' title='bbox 362 2443 492 2468; x_wconf 91' lang='lat' dir='ltr'>secum</span> <span class='ocrx_word' id='word_1_346' title='bbox 516 2432 612 2481; x_wconf 87' lang='lat' dir='ltr'>juris</span> <span class='ocrx_word' id='word_1_347' title='bbox 633 2444 786 2469; x_wconf 88' lang='lat' dir='ltr'>usuram</span> <span class='ocrx_word' id='word_1_348' title='bbox 809 2432 1012 2483; x_wconf 85' lang='lat' dir='ltr'>relinquat,</span> <span class='ocrx_word' id='word_1_349' title='bbox 1036 2432 1105 2470; x_wconf 87' lang='lat' dir='ltr'>sed</span> <span class='ocrx_word' id='word_1_350' title='bbox 1135 2433 1216 2470; x_wconf 92' lang='lat' dir='ltr'>aliis</span> <span class='ocrx_word' id='word_1_351' title='bbox 1237 2433 1339 2471; x_wconf 92' lang='lat' dir='ltr'>bona</span> <span class='ocrx_word' id='word_1_352' title='bbox 1364 2447 1433 2485; x_wconf 85' lang='lat' dir='ltr'>per</span> <span class='ocrx_word' id='word_1_353' title='bbox 1453 2434 1525 2471; x_wconf 87' lang='lat' dir='ltr'>vim</span> <span class='ocrx_word' id='word_1_354' title='bbox 1545 2434 1689 2485; x_wconf 91' lang='lat' dir='ltr'>eripiat,</span> 
     </span>
     <span class='ocr_line' id='line_1_38' title="bbox 243 2488 1690 2543; baseline 0.003 -13"><span class='ocrx_word' id='word_1_355' title='bbox 243 2492 336 2531; x_wconf 90' lang='lat' dir='ltr'>alios</span> <span class='ocrx_word' id='word_1_356' title='bbox 356 2492 494 2543; x_wconf 86' lang='lat' dir='ltr'>pugnis</span> <span class='ocrx_word' id='word_1_357' title='bbox 510 2499 550 2529; x_wconf 89' lang='lat' dir='ltr'>et</span> <span class='ocrx_word' id='word_1_358' title='bbox 568 2493 786 2531; x_wconf 87' lang='lat' dir='ltr'>verberibus</span> <span class='ocrx_word' id='word_1_359' title='bbox 807 2493 1000 2540; x_wconf 89' lang='lat' dir='ltr'>concidat,</span> <span class='ocrx_word' id='word_1_360' title='bbox 1016 2488 1234 2532; x_wconf 81' lang='lat' dir='ltr'>alios&#39;domi</span> <span class='ocrx_word' id='word_1_361' title='bbox 1250 2507 1329 2532; x_wconf 82' lang='lat' dir='ltr'>suae</span> <span class='ocrx_word' id='word_1_362' title='bbox 1345 2495 1532 2533; x_wconf 91' lang='lat' dir='ltr'>coercitos</span> <span class='ocrx_word' id='word_1_363' title='bbox 1549 2502 1690 2542; x_wconf 86' lang='lat' dir='ltr'>teneat,</span> 
     </span>
     <span class='ocr_line' id='line_1_39' title="bbox 245 2551 1690 2608; baseline 0.003 -17"><span class='ocrx_word' id='word_1_364' title='bbox 245 2553 294 2591; x_wconf 91' lang='lat' dir='ltr'>ab</span> <span class='ocrx_word' id='word_1_365' title='bbox 323 2552 403 2591; x_wconf 91' lang='lat' dir='ltr'>aliis</span> <span class='ocrx_word' id='word_1_366' title='bbox 423 2553 548 2590; x_wconf 90' lang='lat' dir='ltr'>invitis</span> <span class='ocrx_word' id='word_1_367' title='bbox 569 2551 751 2604; x_wconf 86' lang='lat' dir='ltr'>pecunias</span> <span class='ocrx_word' id='word_1_368' title='bbox 772 2561 1018 2606; x_wconf 85' lang='lat' dir='ltr'>extorqueat:</span> <span class='ocrx_word' id='word_1_369' title='bbox 1049 2556 1188 2606; x_wconf 89' lang='lat' dir='ltr'>quibus</span> <span class='ocrx_word' id='word_1_370' title='bbox 1216 2557 1328 2593; x_wconf 86' lang='lat' dir='ltr'>rebus</span> <span class='ocrx_word' id='word_1_371' title='bbox 1348 2557 1522 2594; x_wconf 85' lang='lat' dir='ltr'>omnibus</span> <span class='ocrx_word' id='word_1_372' title='bbox 1542 2558 1690 2608; x_wconf 88' lang='lat' dir='ltr'>perspi-</span> 
     </span>
     <span class='ocr_line' id='line_1_40' title="bbox 246 2616 1693 2668; baseline 0.003 -15"><span class='ocrx_word' id='word_1_373' title='bbox 246 2628 363 2653; x_wconf 87' lang='lat' dir='ltr'>cuum</span> <span class='ocrx_word' id='word_1_374' title='bbox 395 2620 511 2665; x_wconf 91' lang='lat' dir='ltr'>atque</span> <span class='ocrx_word' id='word_1_375' title='bbox 540 2621 722 2652; x_wconf 84' lang='lat' dir='ltr'>testatum</span> <span class='ocrx_word' id='word_1_376' title='bbox 754 2616 846 2654; x_wconf 85' lang='lat' dir='ltr'>facit</span> <span class='ocrx_word' id='word_1_377' title='bbox 875 2617 1064 2662; x_wconf 87' lang='lat' dir='ltr'>omnibus,</span> <span class='ocrx_word' id='word_1_378' title='bbox 1086 2630 1229 2654; x_wconf 90' lang='lat' dir='ltr'>merum</span> <span class='ocrx_word' id='word_1_379' title='bbox 1251 2617 1431 2655; x_wconf 90' lang='lat' dir='ltr'>orationis</span> <span class='ocrx_word' id='word_1_380' title='bbox 1443 2618 1693 2668; x_wconf 87' lang='lat' dir='ltr'>jactabundae</span> 
     </span>
     <span class='ocr_line' id='line_1_41' title="bbox 246 2675 1693 2729; baseline 0.004 -16"><span class='ocrx_word' id='word_1_381' title='bbox 246 2676 451 2714; x_wconf 90' lang='lat' dir='ltr'>ludibrium</span> <span class='ocrx_word' id='word_1_382' title='bbox 483 2689 569 2714; x_wconf 86' lang='lat' dir='ltr'>esse</span> <span class='ocrx_word' id='word_1_383' title='bbox 592 2675 694 2714; x_wconf 87' lang='lat' dir='ltr'>illam</span> <span class='ocrx_word' id='word_1_384' title='bbox 716 2683 878 2714; x_wconf 90' lang='lat' dir='ltr'>vestram</span> <span class='ocrx_word' id='word_1_385' title='bbox 910 2685 1108 2729; x_wconf 86' lang='lat' dir='ltr'>tantopere</span> <span class='ocrx_word' id='word_1_386' title='bbox 1142 2678 1373 2716; x_wconf 89' lang='lat' dir='ltr'>celebratam</span> <span class='ocrx_word' id='word_1_387' title='bbox 1406 2678 1693 2726; x_wconf 87' lang='lat' dir='ltr'>democratiam,</span> 
     </span>
     <span class='ocr_line' id='line_1_42' title="bbox 249 2737 1692 2789; baseline 0.003 -15"><span class='ocrx_word' id='word_1_388' title='bbox 249 2750 387 2775; x_wconf 87' lang='lat' dir='ltr'>nomen</span> <span class='ocrx_word' id='word_1_389' title='bbox 409 2738 640 2789; x_wconf 88' lang='lat' dir='ltr'>speciosum,</span> <span class='ocrx_word' id='word_1_390' title='bbox 661 2737 728 2776; x_wconf 89' lang='lat' dir='ltr'>sed</span> <span class='ocrx_word' id='word_1_391' title='bbox 749 2752 788 2776; x_wconf 90' lang='lat' dir='ltr'>re</span> <span class='ocrx_word' id='word_1_392' title='bbox 805 2752 955 2776; x_wconf 91' lang='lat' dir='ltr'>cassum</span> <span class='ocrx_word' id='word_1_393' title='bbox 986 2747 1025 2777; x_wconf 89' lang='lat' dir='ltr'>et</span> <span class='ocrx_word' id='word_1_394' title='bbox 1045 2740 1138 2777; x_wconf 89' lang='lat' dir='ltr'>tanti</span> <span class='ocrx_word' id='word_1_395' title='bbox 1158 2753 1234 2777; x_wconf 90' lang='lat' dir='ltr'>non</span> <span class='ocrx_word' id='word_1_396' title='bbox 1253 2739 1494 2778; x_wconf 84' lang='lat' dir='ltr'>faciendum:</span> <span class='ocrx_word' id='word_1_397' title='bbox 1523 2741 1692 2779; x_wconf 89' lang='lat' dir='ltr'>oratione</span> 
     </span>
     <span class='ocr_line' id='line_1_43' title="bbox 249 2799 1695 2852; baseline 0.003 -17"><span class='ocrx_word' id='word_1_398' title='bbox 249 2811 336 2836; x_wconf 89' lang='lat' dir='ltr'>cum</span> <span class='ocrx_word' id='word_1_399' title='bbox 350 2799 398 2836; x_wconf 92' lang='lat' dir='ltr'>ad</span> <span class='ocrx_word' id='word_1_400' title='bbox 411 2812 476 2837; x_wconf 90' lang='lat' dir='ltr'>vos</span> <span class='ocrx_word' id='word_1_401' title='bbox 489 2800 524 2837; x_wconf 92' lang='lat' dir='ltr'>in</span> <span class='ocrx_word' id='word_1_402' title='bbox 538 2799 786 2838; x_wconf 90' lang='lat' dir='ltr'>concionibus</span> <span class='ocrx_word' id='word_1_403' title='bbox 803 2807 931 2838; x_wconf 88' lang='lat' dir='ltr'>utatur</span> <span class='ocrx_word' id='word_1_404' title='bbox 946 2800 1169 2847; x_wconf 89' lang='lat' dir='ltr'>adulatoris,</span> <span class='ocrx_word' id='word_1_405' title='bbox 1179 2814 1280 2838; x_wconf 88' lang='lat' dir='ltr'>aurae</span> <span class='ocrx_word' id='word_1_406' title='bbox 1291 2801 1464 2852; x_wconf 89' lang='lat' dir='ltr'>populari</span> <span class='ocrx_word' id='word_1_407' title='bbox 1480 2802 1695 2848; x_wconf 88' lang='lat' dir='ltr'>servientis,</span> 
     </span>
     <span class='ocr_line' id='line_1_44' title="bbox 249 2861 1693 2913; baseline 0.002 -15"><span class='ocrx_word' id='word_1_408' title='bbox 249 2868 328 2898; x_wconf 88' lang='lat' dir='ltr'>tum</span> <span class='ocrx_word' id='word_1_409' title='bbox 348 2861 516 2900; x_wconf 88' lang='lat' dir='ltr'>facinora</span> <span class='ocrx_word' id='word_1_410' title='bbox 531 2863 578 2901; x_wconf 92' lang='lat' dir='ltr'>de</span> <span class='ocrx_word' id='word_1_411' title='bbox 595 2876 635 2900; x_wconf 91' lang='lat' dir='ltr'>se</span> <span class='ocrx_word' id='word_1_412' title='bbox 655 2863 735 2900; x_wconf 91' lang='lat' dir='ltr'>edit</span> <span class='ocrx_word' id='word_1_413' title='bbox 752 2869 957 2913; x_wconf 84' lang='lat' dir='ltr'>tyrannum</span> <span class='ocrx_word' id='word_1_414' title='bbox 975 2862 1197 2913; x_wconf 88' lang='lat' dir='ltr'>prodentia;</span> <span class='ocrx_word' id='word_1_415' title='bbox 1232 2875 1306 2900; x_wconf 90' lang='lat' dir='ltr'>non</span> <span class='ocrx_word' id='word_1_416' title='bbox 1328 2875 1489 2900; x_wconf 89' lang='lat' dir='ltr'>ausurus</span> <span class='ocrx_word' id='word_1_417' title='bbox 1502 2863 1541 2901; x_wconf 91' lang='lat' dir='ltr'>id</span> <span class='ocrx_word' id='word_1_418' title='bbox 1555 2863 1693 2907; x_wconf 86' lang='lat' dir='ltr'>facere,</span> 
     </span>
     <span class='ocr_line' id='line_1_45' title="bbox 253 2922 1694 2975; baseline 0.001 -16"><span class='ocrx_word' id='word_1_419' title='bbox 253 2922 321 2961; x_wconf 88' lang='lat' dir='ltr'>nisi</span> <span class='ocrx_word' id='word_1_420' title='bbox 352 2935 423 2960; x_wconf 90' lang='lat' dir='ltr'>usu</span> <span class='ocrx_word' id='word_1_421' title='bbox 456 2936 526 2961; x_wconf 88' lang='lat' dir='ltr'>suo</span> <span class='ocrx_word' id='word_1_422' title='bbox 556 2923 767 2968; x_wconf 87' lang='lat' dir='ltr'>didicisset,</span> <span class='ocrx_word' id='word_1_423' title='bbox 794 2936 859 2961; x_wconf 87' lang='lat' dir='ltr'>vos</span> <span class='ocrx_word' id='word_1_424' title='bbox 886 2922 1060 2961; x_wconf 88' lang='lat' dir='ltr'>vocabuli</span> <span class='ocrx_word' id='word_1_425' title='bbox 1095 2922 1374 2973; x_wconf 88' lang='lat' dir='ltr'>[democratiae]</span> <span class='ocrx_word' id='word_1_426' title='bbox 1408 2923 1610 2975; x_wconf 81' lang='lat' dir='ltr'>praestigiis</span> <span class='ocrx_word' id='word_1_427' title='bbox 1638 2923 1694 2961; x_wconf 91' lang='lat' dir='ltr'>in-</span> 
     </span>
    </p>
   </div>
  </div>
 </body>
</html>
