1911 3248
408 175 565 211 NECIS
598 172 895 229 VENEFICIO
928 172 1211 210 PATRATAE.
1516 172 1535 207 7

91 281 233 325 ageret,
263 274 424 312 incolere
455 275 618 319 solebat,
643 274 698 310 vir
722 273 907 309 honestus
933 280 972 308 et
998 271 1110 320 frugi,
1136 284 1213 320 quo
1241 280 1347 321 pater
1379 271 1541 309 familia-

89 334 233 375 rissime
264 334 467 371 utebatur:
506 339 588 370 erat
619 332 673 369 illi
710 331 897 368 Philoneo
935 331 1076 381 pellex,
1105 343 1220 380 quam
1253 330 1473 367 decreverat
1500 331 1539 367 in

89 393 264 444 lupanari
288 394 531 444 prostituere.
588 392 714 429 Mater
738 392 860 429 fratris
884 393 971 441 [seu
998 403 1162 428 noverca
1190 389 1290 437 mea]
1320 403 1407 427 cum
1435 404 1543 439 quae-

91 454 210 492 rendo
239 453 503 497 intellexisset,
527 452 615 503 cuja
640 458 753 496 esset,
784 451 1104 489 consuetudinem
1133 457 1219 486 cum
1259 462 1304 485 ea
1340 449 1543 486 contrahe-

91 517 168 553 bat.
226 515 288 553 Sic
318 516 477 561 factum,
506 520 548 550 ut
575 526 662 550 cum
690 525 854 549 noverca
886 512 1068 548 sensisset
1100 523 1213 559 quam
1247 516 1414 546 atrocem
1446 509 1544 559 inju-

94 575 185 613 riam
206 576 412 614 Philoneos
431 573 559 623 pellici
578 586 658 611 suae
678 573 847 610 oblatum
868 572 951 616 iret,
973 570 1149 621 pellicem
1175 569 1221 606 ad
1249 582 1289 606 se
1316 578 1545 607 arcesseret:

94 636 272 674 veniebat
301 635 455 686 pellex:
491 633 587 671 inter
617 646 813 670 sermones
846 632 1043 682 aperiebat
1070 643 1236 667 noverca
1268 628 1395 679 pellici
1429 643 1544 679 quam

95 696 284 746 insignem
311 695 485 746 injuriam
506 693 714 731 Philoneos
735 694 767 730 ei
793 699 944 743 pararet
964 692 1177 742 injungere,
1199 702 1351 738 unaque
1371 689 1420 726 de
1441 697 1548 739 patre

98 770 182 795 meo
213 758 463 806 querebatur3
495 755 541 792 ab
567 767 612 791 eo
641 768 682 792 se
710 754 853 791 duriter
879 761 918 791 et
946 753 1111 802 indignis
1142 751 1264 788 modis
1292 751 1448 788 haberi:
1479 753 1548 789 sed

97 818 136 854 in
163 824 342 867 promptu
372 816 444 853 sibi
469 828 553 853 esse
579 828 685 852 arma
710 816 842 852 ambos
875 813 1100 856 ulciscendi,
1129 813 1190 849 vel
1222 811 1347 861 potius
1377 819 1478 849 artes
1508 825 1548 850 se

100 884 241 929 tenere,
272 877 409 927 quibus
447 877 645 913 amborum
679 888 771 925 erga
801 888 843 912 se
875 873 989 911 animi
1024 874 1077 910 ita
1107 879 1357 917 mutarentur,
1389 879 1432 908 ut
1462 884 1548 908 cum

99 935 309 977 Philoneus
336 937 409 987 ipsi
435 936 610 986 [pellici],
634 943 713 973 tum
737 942 843 986 pater
863 948 972 972 meus
994 934 1064 972 sibi
1085 931 1310 984 [novercae]‚
1336 932 1553 982 placaretur

100 1005 215 1047 atque
246 997 570 1042 reconciliaretur,
601 996 717 1033 modo
749 996 815 1033 illa
844 995 1007 1046 [pellex]
1036 995 1071 1031 in
1105 1007 1174 1031 sua
1203 993 1417 1043 [novercae]
1446 1000 1552 1043 pote-

103 1065 200 1096 state
232 1070 318 1095 esse
346 1057 484 1101 vellet3
525 1070 631 1094 suam
665 1056 745 1094 fore
774 1056 917 1093 inventi
951 1056 1124 1106 gloriam,
1157 1054 1275 1105 ipsius
1313 1053 1393 1090 sore
1426 1060 1553 1103 partes

105 1118 315 1156 famulandi
347 1125 386 1155 et
411 1118 522 1169 jussa
552 1117 802 1168 exsequendi.
858 1117 966 1154 Tune
1000 1129 1106 1166 ergo,
1129 1116 1194 1161 ait,
1218 1115 1310 1152 mihi
1340 1114 1554 1152 ministrare

105 1178 237 1218 voles?
264 1178 376 1216 Velle
394 1178 447 1215 ait
465 1178 596 1224 altera,
616 1177 669 1214 nil
689 1178 888 1225 haesitans,
906 1184 950 1214 ut
969 1176 1080 1214 facile
1101 1183 1160 1213 est
1180 1175 1411 1213 existimatu.
1469 1174 1557 1211 Dis-

108 1251 261 1277 cessum
283 1245 362 1275 tum
385 1238 457 1275 fuit
470 1250 584 1288 super
603 1238 662 1274 bis
682 1237 805 1287 pactis
825 1236 1027 1274 condictis.
1084 1236 1201 1272 Haud
1223 1235 1340 1271 multo
1360 1242 1449 1284 post
1467 1233 1559 1271 inci-

104 1299 222 1336 debat
239 1306 278 1335 et
294 1298 478 1335 Philoneo
499 1297 725 1342 necessitas,
741 1305 782 1334 ut
796 1297 914 1334 sacris
935 1297 1139 1334 interesset
1158 1309 1244 1345 quae
1262 1295 1351 1333 Jovi
1368 1295 1500 1332 Ctesio
1520 1295 1557 1331 in

106 1362 252 1399 Piraeeo
271 1360 423 1411 publice
442 1360 600 1405 fiebant,
620 1367 658 1396 et
677 1359 773 1409 patri
803 1359 873 1396 iter
901 1371 967 1408 per
996 1370 1099 1396 mare
1129 1358 1177 1394 ad
1207 1356 1370 1394 insulam
1399 1357 1556 1393 Naxum

106 1420 351 1471 suscipiendi.
424 1418 834 1457 convenientissimum
870 1418 999 1468 itaque
1031 1418 1232 1455 videbatur
1265 1416 1468 1461 Philoneo‚
1496 1417 1559 1453 cui

107 1482 224 1520 semel
243 1494 287 1519 ex
309 1482 400 1519 urbe
419 1481 458 1517 in
485 1480 673 1518 Piraeeum
705 1487 808 1517 esset
833 1479 1160 1523 descendendum,
1180 1478 1314 1515 eadem
1344 1490 1472 1527 opera,
1494 1490 1561 1526 per

107 1542 376 1594 compendium
398 1542 541 1579 itineris
565 1541 751 1589 ejusdem,
772 1547 915 1591 patrem
942 1552 1094 1589 quoque
1122 1551 1262 1582 meum,
1282 1537 1560 1587 profectionem

108 1603 212 1642 illam
233 1603 457 1641 maritimam
474 1602 755 1652 ingredientem
775 1610 814 1638 et
833 1600 880 1638 ad
895 1608 1045 1651 portum
1062 1599 1202 1650 pariter
1217 1599 1455 1643 tendentem,
1468 1599 1562 1635 ami-

112 1666 212 1703 citiae
241 1672 280 1702 et
306 1664 584 1702 benevolentiae
613 1676 705 1713 ergo
734 1661 926 1699 testandae
955 1660 1147 1711 prosequi,
1167 1666 1207 1696 et
1236 1658 1352 1695 sacris
1383 1659 1563 1708 peractis,

111 1726 226 1764 lautis
247 1725 370 1776 epulis
390 1724 654 1762 cohonestare.
710 1722 841 1760 Pellex
861 1722 1092 1759 Philoneum
1109 1720 1244 1758 eodem
1261 1719 1562 1769 prosequebatur

112 1787 326 1824 necessario
347 1797 538 1822 sacrorum
560 1796 694 1828 causa,
717 1790 757 1820 ut
777 1783 819 1819 iis
841 1782 1042 1832 epulisque
1070 1780 1282 1818 necessaria
1304 1779 1562 1817 ministraret:

108 1848 189 1897 jam
221 1853 330 1883 erant
357 1845 471 1883 ambo
498 1844 537 1881 in
563 1844 725 1889 Piraeeo,
745 1844 842 1894 jam,
864 1850 907 1879 ut
933 1855 1001 1893 par
1029 1849 1110 1879 erat
1145 1840 1262 1878 sacris
1294 1840 1565 1890 operabantur.

117 1907 243 1945 Sacris
257 1906 437 1956 peractis,
443 1905 525 1955 jam
540 1904 746 1955 incipiebat
760 1903 883 1954 pellex
897 1915 1026 1940 secum
1043 1901 1268 1946 deliberare,
1279 1899 1345 1950 qui
1356 1907 1395 1937 et
1410 1899 1566 1949 quando

117 1967 309 2017 potionem
338 1973 564 2004 venenatam
593 1964 686 2015 ipsis
716 1964 925 2015 praeberet;
969 1976 1060 2000 num
1094 1969 1183 2000 ante
1215 1959 1360 2011 epulas,
1386 1972 1435 1996 an
1467 1967 1569 2010 post.

117 2027 270 2065 Placuit
288 2027 445 2064 tandem
465 2033 554 2077 post
573 2026 708 2076 epulas
728 2025 833 2069 dare,
849 2024 952 2074 quod
973 2025 1026 2061 ita
1047 2022 1245 2073 praeceptis
1261 2034 1436 2058 novercae
1456 2034 1567 2066 meae,

118 2089 255 2127 nobilis
280 2088 379 2125 illius
405 2088 724 2138 Clytaemnestrae‚
745 2092 851 2122 esset
877 2087 1122 2122 obsecutura.
1180 2082 1277 2125 Quae
1308 2081 1372 2118 illo
1405 2081 1444 2117 in
1475 2093 1570 2118 con·

117 2150 215 2187 vivio
232 2149 438 2194 evenerint,
455 2147 623 2197 mihique
643 2147 802 2196 longum
823 2152 939 2195 atque
960 2144 1163 2182 taediosum
1183 2142 1233 2179 sit
1252 2153 1428 2179 enarrare
1443 2141 1571 2178 vobis-

119 2224 193 2262 que
223 2210 374 2247 audire:
421 2222 469 2247 ea
495 2220 600 2254 vero,
629 2221 715 2257 quae
744 2219 859 2243 nosse
891 2206 1021 2250 refert,
1049 2203 1244 2254 quomodo
1273 2214 1413 2252 nempe
1439 2201 1571 2239 datum

121 2271 232 2309 fuerit
269 2283 472 2314 venenum,
505 2267 745 2319 paucissimis
785 2279 982 2316 exsequar.
1057 2264 1235 2315 Dapibus
1269 2263 1384 2313 igitur
1421 2262 1571 2307 amotis,

121 2331 293 2368 libabant
313 2330 400 2376 diis,
418 2337 456 2367 et
477 2330 589 2367 thura
618 2341 734 2379 super
763 2340 802 2364 se
831 2327 993 2376 quisque
1017 2339 1093 2364 arae
1119 2325 1381 2375 imponebant,
1401 2323 1439 2361 id
1467 2324 1573 2373 quod

122 2405 189 2431 eos
221 2392 348 2430 facere
379 2404 447 2442 par
476 2398 571 2435 erat,
596 2402 758 2440 quorum
787 2388 883 2426 alter
914 2400 992 2424 una
1023 2386 1186 2436 Jovique
1217 2385 1346 2423 Ctesio
1376 2397 1487 2422 sacra
1515 2384 1573 2421 fa-

123 2458 229 2490 ceret
259 2451 500 2501 amicumque
531 2449 756 2488 solennibus
783 2448 904 2498 epulis
937 2448 1133 2497 exciperet
1161 2459 1249 2483 mox
1283 2446 1353 2482 iter
1378 2444 1574 2494 ingressu-

124 2526 221 2558 rum,
247 2513 342 2550 alter
365 2512 469 2561 apud
496 2510 659 2549 amicum
687 2509 920 2559 epularetur,
948 2508 1010 2545 cui
1034 2507 1119 2545 vale
1146 2507 1272 2544 dicere
1302 2513 1456 2556 pararet
1484 2517 1572 2541 mox

123 2586 211 2611 cum
231 2586 329 2610 nave
350 2573 607 2611 discessurus.
665 2569 885 2607 Libationes
905 2568 1129 2613 infundens,
1149 2568 1267 2606 veluti
1295 2567 1474 2612 ministra,
1493 2566 1575 2616 pel-⁴

125 2634 202 2679 lex,
223 2633 297 2671 illis
317 2640 405 2671 vota
423 2632 650 2669 facientibus
671 2639 787 2680 atque
807 2630 899 2668 deos
919 2629 1054 2667 surdos
1075 2642 1120 2666 ea
1139 2629 1378 2679 rogantibus,
1392 2639 1478 2676 quae
1497 2639 1574 2664 non

127 2702 260 2732 essent
287 2693 432 2731 exitum
463 2693 655 2737 habitura,
684 2703 874 2729 venenum
908 2690 1167 2732 immiscebat3
1217 2697 1253 2726 et
1287 2687 1462 2725 Philonei
1492 2687 1575 2737 qui-

131 2754 216 2790 dem
235 2754 375 2804 poculo
397 2753 610 2804 portionem
639 2752 773 2790 veneni
803 2751 923 2788 multo
951 2751 1170 2801 spissiorem
1199 2749 1410 2798 ingerebat,
1431 2747 1469 2785 in
1499 2762 1576 2799 quo

129 2815 214 2865 ipsa
233 2815 302 2851 sibi
324 2815 416 2852 mire
434 2815 626 2865 placebat,
645 2813 763 2851 veluti
784 2820 1000 2851 commento
1027 2812 1195 2862 quodam
1225 2823 1247 2846 a
1273 2823 1315 2848 se
1341 2810 1513 2849 sollerter
1540 2817 1578 2847 et

128 2874 266 2912 callide
295 2876 774 2925 excogitato—sperabat
802 2873 901 2911 enim
932 2874 1099 2911 futurum
1120 2878 1175 2916 ut,
1198 2884 1274 2920 quo
1304 2871 1389 2921 plus
1414 2871 1578 2921 potionis
