<?xml version="1.0" encoding="UTF-8"?>
<!DOCTYPE html PUBLIC "-//W3C//DTD XHTML 1.0 Transitional//EN"
    "http://www.w3.org/TR/xhtml1/DTD/xhtml1-transitional.dtd">
<html xmlns="http://www.w3.org/1999/xhtml" xml:lang="en" lang="en">
 <head>
  <title>
</title>
<meta http-equiv="Content-Type" content="text/html;charset=utf-8" />
  <meta name='ocr-system' content='tesseract 3.04.00' />
  <meta name='ocr-capabilities' content='ocr_page ocr_carea ocr_par ocr_line ocrx_word'/>
</head>
<body>
  <div class='ocr_page' id='page_1' title='image "./oratoresatticie13dobs_0100.png"; bbox 0 0 1822 3219; ppageno 0'>
   <div class='ocr_carea' id='block_1_1' title="bbox 235 151 1116 189">
    <p class='ocr_par' dir='ltr' id='par_1_1' title="bbox 235 151 1116 189">
     <span class='ocr_line' id='line_1_1' title="bbox 235 151 1116 189; baseline -0.007 4"><span class='ocrx_word' id='word_1_1' title='bbox 235 153 283 187; x_wconf 84' lang='lat'>88</span> <span class='ocrx_word' id='word_1_2' title='bbox 814 151 1116 189; x_wconf 88' lang='lat' dir='ltr'>ANDOClDlS</span> 
     </span>
    </p>
   </div>
   <div class='ocr_carea' id='block_1_2' title="bbox 184 255 1702 2962">
    <p class='ocr_par' dir='ltr' id='par_1_2' title="bbox 184 255 1702 2962">
     <span class='ocr_line' id='line_1_2' title="bbox 233 255 1681 303; baseline 0.002 -10"><span class='ocrx_word' id='word_1_3' title='bbox 233 268 326 294; x_wconf 82' lang='lat' dir='ltr'>vera</span> <span class='ocrx_word' id='word_1_4' title='bbox 344 255 484 303; x_wconf 84' lang='lat' dir='ltr'>dicam,</span> <span class='ocrx_word' id='word_1_5' title='bbox 503 263 544 296; x_wconf 88' lang='lat' dir='ltr'>et</span> <span class='ocrx_word' id='word_1_6' title='bbox 571 263 614 296; x_wconf 91' lang='lat' dir='ltr'>ut</span> <span class='ocrx_word' id='word_1_7' title='bbox 643 258 706 296; x_wconf 91' lang='lat' dir='ltr'>alii</span> <span class='ocrx_word' id='word_1_8' title='bbox 736 259 879 297; x_wconf 91' lang='lat' dir='ltr'>conscii</span> <span class='ocrx_word' id='word_1_9' title='bbox 910 258 1044 296; x_wconf 87' lang='lat' dir='ltr'>harum</span> <span class='ocrx_word' id='word_1_10' title='bbox 1065 269 1191 294; x_wconf 83' lang='lat' dir='ltr'>rerum</span> <span class='ocrx_word' id='word_1_11' title='bbox 1227 257 1322 296; x_wconf 87' lang='lat' dir='ltr'>alios</span> <span class='ocrx_word' id='word_1_12' title='bbox 1350 264 1517 296; x_wconf 82' lang='lat' dir='ltr'>vestrum</span> <span class='ocrx_word' id='word_1_13' title='bbox 1553 257 1681 296; x_wconf 87' lang='lat' dir='ltr'>adhuc</span> 
     </span>
     <span class='ocr_line' id='line_1_3' title="bbox 232 318 1684 370; baseline 0.001 -15"><span class='ocrx_word' id='word_1_14' title='bbox 232 318 387 368; x_wconf 86' lang='lat' dir='ltr'>ignaros</span> <span class='ocrx_word' id='word_1_15' title='bbox 407 319 601 358; x_wconf 87' lang='lat' dir='ltr'>doceant:</span> <span class='ocrx_word' id='word_1_16' title='bbox 630 320 714 358; x_wconf 87' lang='lat' dir='ltr'>haec</span> <span class='ocrx_word' id='word_1_17' title='bbox 742 321 842 358; x_wconf 90' lang='lat' dir='ltr'>enim</span> <span class='ocrx_word' id='word_1_18' title='bbox 875 333 962 370; x_wconf 84' lang='lat' dir='ltr'>quae</span> <span class='ocrx_word' id='word_1_19' title='bbox 983 321 1106 358; x_wconf 81' lang='lat' dir='ltr'>refero</span> <span class='ocrx_word' id='word_1_20' title='bbox 1128 320 1163 357; x_wconf 89' lang='lat' dir='ltr'>in</span> <span class='ocrx_word' id='word_1_21' title='bbox 1184 319 1349 370; x_wconf 84' lang='lat' dir='ltr'>collegio</span> <span class='ocrx_word' id='word_1_22' title='bbox 1370 327 1495 358; x_wconf 86' lang='lat' dir='ltr'>vestro</span> <span class='ocrx_word' id='word_1_23' title='bbox 1521 320 1625 358; x_wconf 85' lang='lat' dir='ltr'>dicta</span> <span class='ocrx_word' id='word_1_24' title='bbox 1644 326 1684 357; x_wconf 84' lang='lat' dir='ltr'>et</span> 
     </span>
     <span class='ocr_line' id='line_1_4' title="bbox 234 380 1682 432; baseline -0.003 -12"><span class='ocrx_word' id='word_1_25' title='bbox 234 388 345 432; x_wconf 85' lang='lat' dir='ltr'>gesta</span> <span class='ocrx_word' id='word_1_26' title='bbox 364 392 468 426; x_wconf 88' lang='lat' dir='ltr'>sunt,</span> <span class='ocrx_word' id='word_1_27' title='bbox 487 389 527 420; x_wconf 90' lang='lat' dir='ltr'>et</span> <span class='ocrx_word' id='word_1_28' title='bbox 545 395 612 420; x_wconf 90' lang='lat' dir='ltr'>vos</span> <span class='ocrx_word' id='word_1_29' title='bbox 632 382 768 420; x_wconf 88' lang='lat' dir='ltr'>horum</span> <span class='ocrx_word' id='word_1_30' title='bbox 789 382 879 419; x_wconf 86' lang='lat' dir='ltr'>mihi</span> <span class='ocrx_word' id='word_1_31' title='bbox 901 389 1020 419; x_wconf 89' lang='lat' dir='ltr'>testes</span> <span class='ocrx_word' id='word_1_32' title='bbox 1040 382 1146 419; x_wconf 86' lang='lat' dir='ltr'>estis.</span> <span class='ocrx_word' id='word_1_33' title='bbox 1202 380 1397 418; x_wconf 86' lang='lat' dir='ltr'>Dioclides</span> <span class='ocrx_word' id='word_1_34' title='bbox 1416 380 1591 419; x_wconf 89' lang='lat' dir='ltr'>nimirum</span> <span class='ocrx_word' id='word_1_35' title='bbox 1611 380 1682 418; x_wconf 88' lang='lat' dir='ltr'>sibi</span> 
     </span>
     <span class='ocr_line' id='line_1_5' title="bbox 235 441 1684 494; baseline -0.001 -13"><span class='ocrx_word' id='word_1_36' title='bbox 235 456 387 481; x_wconf 90' lang='lat' dir='ltr'>servum</span> <span class='ocrx_word' id='word_1_37' title='bbox 423 444 550 481; x_wconf 87' lang='lat' dir='ltr'>aiebat</span> <span class='ocrx_word' id='word_1_38' title='bbox 588 456 674 482; x_wconf 90' lang='lat' dir='ltr'>esse</span> <span class='ocrx_word' id='word_1_39' title='bbox 710 456 827 494; x_wconf 88' lang='lat' dir='ltr'>super</span> <span class='ocrx_word' id='word_1_40' title='bbox 858 442 1137 493; x_wconf 88' lang='lat' dir='ltr'>argentifodina</span> <span class='ocrx_word' id='word_1_41' title='bbox 1170 454 1242 480; x_wconf 88' lang='lat' dir='ltr'>sua</span> <span class='ocrx_word' id='word_1_42' title='bbox 1272 442 1307 479; x_wconf 90' lang='lat' dir='ltr'>in</span> <span class='ocrx_word' id='word_1_43' title='bbox 1343 441 1512 480; x_wconf 80' lang='lat' dir='ltr'>Laui-io:</span> <span class='ocrx_word' id='word_1_44' title='bbox 1540 443 1590 480; x_wconf 87' lang='lat' dir='ltr'>ab</span> <span class='ocrx_word' id='word_1_45' title='bbox 1617 441 1684 479; x_wconf 91' lang='lat' dir='ltr'>illo</span> 
     </span>
     <span class='ocr_line' id='line_1_6' title="bbox 237 502 1687 553; baseline -0.002 -10"><span class='ocrx_word' id='word_1_46' title='bbox 237 517 347 543; x_wconf 86' lang='lat' dir='ltr'>servo</span> <span class='ocrx_word' id='word_1_47' title='bbox 388 505 459 543; x_wconf 86' lang='lat' dir='ltr'>sibi</span> <span class='ocrx_word' id='word_1_48' title='bbox 496 511 578 542; x_wconf 86' lang='lat' dir='ltr'>tum</span> <span class='ocrx_word' id='word_1_49' title='bbox 626 504 747 542; x_wconf 83' lang='lat' dir='ltr'>fuisse</span> <span class='ocrx_word' id='word_1_50' title='bbox 787 503 1049 542; x_wconf 87' lang='lat' dir='ltr'>aufferendam</span> <span class='ocrx_word' id='word_1_51' title='bbox 1086 511 1207 541; x_wconf 88' lang='lat' dir='ltr'>ratam</span> <span class='ocrx_word' id='word_1_52' title='bbox 1249 503 1460 553; x_wconf 88' lang='lat' dir='ltr'>portionem</span> <span class='ocrx_word' id='word_1_53' title='bbox 1499 502 1687 540; x_wconf 82' lang='lat' dir='ltr'>mercedis</span> 
     </span>
     <span class='ocr_line' id='line_1_7' title="bbox 234 564 1685 617; baseline -0.001 -14"><span class='ocrx_word' id='word_1_54' title='bbox 234 578 373 604; x_wconf 78' lang='lat' dir='ltr'>annuae</span> <span class='ocrx_word' id='word_1_55' title='bbox 406 573 531 617; x_wconf 78' lang='lat' dir='ltr'>pactae</span> <span class='ocrx_word' id='word_1_56' title='bbox 566 579 613 603; x_wconf 84' lang='lat' dir='ltr'>ex</span> <span class='ocrx_word' id='word_1_57' title='bbox 645 566 747 604; x_wconf 92' lang='lat' dir='ltr'>illius</span> <span class='ocrx_word' id='word_1_58' title='bbox 785 565 1076 616; x_wconf 72' lang='lat' dir='ltr'>argentifodinae</span> <span class='ocrx_word' id='word_1_59' title='bbox 1111 566 1312 604; x_wconf 85' lang='lat' dir='ltr'>fructibus.</span> <span class='ocrx_word' id='word_1_60' title='bbox 1368 566 1457 607; x_wconf 87' lang='lat' dir='ltr'>Quo</span> <span class='ocrx_word' id='word_1_61' title='bbox 1488 565 1617 615; x_wconf 87' lang='lat' dir='ltr'>itaque</span> <span class='ocrx_word' id='word_1_62' title='bbox 1647 564 1685 601; x_wconf 89' lang='lat' dir='ltr'>in</span> 
     </span>
     <span class='ocr_line' id='line_1_8' title="bbox 235 625 1685 678; baseline -0.001 -14"><span class='ocrx_word' id='word_1_63' title='bbox 235 626 416 665; x_wconf 89' lang='lat' dir='ltr'>Laurium</span> <span class='ocrx_word' id='word_1_64' title='bbox 434 628 506 665; x_wconf 90' lang='lat' dir='ltr'>iret</span> <span class='ocrx_word' id='word_1_65' title='bbox 524 627 706 677; x_wconf 89' lang='lat' dir='ltr'>illamque</span> <span class='ocrx_word' id='word_1_66' title='bbox 734 628 920 666; x_wconf 85' lang='lat' dir='ltr'>mercedis</span> <span class='ocrx_word' id='word_1_67' title='bbox 953 628 1174 678; x_wconf 88' lang='lat' dir='ltr'>pensionem</span> <span class='ocrx_word' id='word_1_68' title='bbox 1204 640 1228 665; x_wconf 88' lang='lat' dir='ltr'>a</span> <span class='ocrx_word' id='word_1_69' title='bbox 1260 640 1371 665; x_wconf 87' lang='lat' dir='ltr'>servo</span> <span class='ocrx_word' id='word_1_70' title='bbox 1402 640 1473 664; x_wconf 93' lang='lat' dir='ltr'>suo</span> <span class='ocrx_word' id='word_1_71' title='bbox 1501 625 1685 676; x_wconf 85' lang='lat' dir='ltr'>exigeret,</span> 
     </span>
     <span class='ocr_line' id='line_1_9' title="bbox 234 689 1685 740; baseline -0.002 -13"><span class='ocrx_word' id='word_1_72' title='bbox 234 702 348 727; x_wconf 89' lang='lat' dir='ltr'>mane</span> <span class='ocrx_word' id='word_1_73' title='bbox 361 702 402 727; x_wconf 88' lang='lat' dir='ltr'>se</span> <span class='ocrx_word' id='word_1_74' title='bbox 416 689 626 727; x_wconf 85' lang='lat' dir='ltr'>surrexisse</span> <span class='ocrx_word' id='word_1_75' title='bbox 641 696 757 740; x_wconf 88' lang='lat' dir='ltr'>atque</span> <span class='ocrx_word' id='word_1_76' title='bbox 773 690 811 727; x_wconf 90' lang='lat' dir='ltr'>in</span> <span class='ocrx_word' id='word_1_77' title='bbox 826 689 926 727; x_wconf 87' lang='lat' dir='ltr'>viam</span> <span class='ocrx_word' id='word_1_78' title='bbox 939 702 980 727; x_wconf 91' lang='lat' dir='ltr'>se</span> <span class='ocrx_word' id='word_1_79' title='bbox 997 689 1150 728; x_wconf 89' lang='lat' dir='ltr'>dedisse</span> <span class='ocrx_word' id='word_1_80' title='bbox 1169 689 1280 726; x_wconf 91' lang='lat' dir='ltr'>citius</span> <span class='ocrx_word' id='word_1_81' title='bbox 1292 702 1407 739; x_wconf 90' lang='lat' dir='ltr'>quam</span> <span class='ocrx_word' id='word_1_82' title='bbox 1427 695 1685 739; x_wconf 89' lang='lat' dir='ltr'>opportunum</span> 
     </span>
     <span class='ocr_line' id='line_1_10' title="bbox 234 749 1685 801; baseline -0.002 -13"><span class='ocrx_word' id='word_1_83' title='bbox 234 750 388 796; x_wconf 87' lang='lat' dir='ltr'>suisset,</span> <span class='ocrx_word' id='word_1_84' title='bbox 407 750 498 801; x_wconf 85' lang='lat' dir='ltr'>quia</span> <span class='ocrx_word' id='word_1_85' title='bbox 525 750 565 788; x_wconf 91' lang='lat' dir='ltr'>in</span> <span class='ocrx_word' id='word_1_86' title='bbox 594 758 767 801; x_wconf 88' lang='lat' dir='ltr'>tempore</span> <span class='ocrx_word' id='word_1_87' title='bbox 799 751 924 789; x_wconf 92' lang='lat' dir='ltr'>noctis</span> <span class='ocrx_word' id='word_1_88' title='bbox 957 759 1127 794; x_wconf 86' lang='lat' dir='ltr'>erasset;</span> <span class='ocrx_word' id='word_1_89' title='bbox 1170 750 1239 788; x_wconf 90' lang='lat' dir='ltr'>sed</span> <span class='ocrx_word' id='word_1_90' title='bbox 1266 750 1386 788; x_wconf 85' lang='lat' dir='ltr'>fuisse</span> <span class='ocrx_word' id='word_1_91' title='bbox 1417 749 1685 801; x_wconf 87' lang='lat' dir='ltr'>plenilunium.</span> 
     </span>
     <span class='ocr_line' id='line_1_11' title="bbox 184 809 1686 864; baseline -0.002 -15"><span class='ocrx_word' id='word_1_92' title='bbox 184 816 187 823; x_wconf 90' lang='lat'>&#39;</span> <span class='ocrx_word' id='word_1_93' title='bbox 237 813 312 851; x_wconf 92' lang='lat' dir='ltr'>Ubi</span> <span class='ocrx_word' id='word_1_94' title='bbox 332 825 424 863; x_wconf 85' lang='lat' dir='ltr'>ergo</span> <span class='ocrx_word' id='word_1_95' title='bbox 444 812 495 850; x_wconf 88' lang='lat' dir='ltr'>ad</span> <span class='ocrx_word' id='word_1_96' title='bbox 514 811 760 864; x_wconf 87' lang='lat' dir='ltr'>Propylaeum</span> <span class='ocrx_word' id='word_1_97' title='bbox 779 813 858 851; x_wconf 86' lang='lat' dir='ltr'>fani</span> <span class='ocrx_word' id='word_1_98' title='bbox 881 812 1025 851; x_wconf 89' lang='lat' dir='ltr'>Bacchi</span> <span class='ocrx_word' id='word_1_99' title='bbox 1044 812 1226 857; x_wconf 89' lang='lat' dir='ltr'>venisset,</span> <span class='ocrx_word' id='word_1_100' title='bbox 1241 811 1383 849; x_wconf 84' lang='lat' dir='ltr'>vidisse</span> <span class='ocrx_word' id='word_1_101' title='bbox 1403 809 1686 848; x_wconf 80' lang='lat' dir='ltr'>multitudinem</span> 
     </span>
     <span class='ocr_line' id='line_1_12' title="bbox 235 873 1687 922; baseline -0.002 -11"><span class='ocrx_word' id='word_1_102' title='bbox 235 874 434 913; x_wconf 88' lang='lat' dir='ltr'>hominum</span> <span class='ocrx_word' id='word_1_103' title='bbox 459 875 507 912; x_wconf 89' lang='lat' dir='ltr'>ab</span> <span class='ocrx_word' id='word_1_104' title='bbox 528 873 628 912; x_wconf 92' lang='lat' dir='ltr'>odeo</span> <span class='ocrx_word' id='word_1_105' title='bbox 648 873 966 912; x_wconf 85' lang='lat' dir='ltr'>descendentium</span> <span class='ocrx_word' id='word_1_106' title='bbox 991 874 1028 910; x_wconf 90' lang='lat' dir='ltr'>in</span> <span class='ocrx_word' id='word_1_107' title='bbox 1049 873 1307 916; x_wconf 83' lang='lat' dir='ltr'>orchestram;</span> <span class='ocrx_word' id='word_1_108' title='bbox 1334 885 1498 922; x_wconf 90' lang='lat' dir='ltr'>quorum</span> <span class='ocrx_word' id='word_1_109' title='bbox 1517 877 1623 909; x_wconf 91' lang='lat' dir='ltr'>metu</span> <span class='ocrx_word' id='word_1_110' title='bbox 1645 883 1687 908; x_wconf 90' lang='lat' dir='ltr'>se</span> 
     </span>
     <span class='ocr_line' id='line_1_13' title="bbox 234 932 1686 986; baseline -0.003 -13"><span class='ocrx_word' id='word_1_111' title='bbox 234 936 276 973; x_wconf 90' lang='lat' dir='ltr'>in</span> <span class='ocrx_word' id='word_1_112' title='bbox 293 935 426 973; x_wconf 89' lang='lat' dir='ltr'>fanum</span> <span class='ocrx_word' id='word_1_113' title='bbox 442 935 657 986; x_wconf 86' lang='lat' dir='ltr'>ingressum</span> <span class='ocrx_word' id='word_1_114' title='bbox 675 935 713 972; x_wconf 90' lang='lat' dir='ltr'>in</span> <span class='ocrx_word' id='word_1_115' title='bbox 731 936 865 973; x_wconf 88' lang='lat' dir='ltr'>umbra</span> <span class='ocrx_word' id='word_1_116' title='bbox 884 935 1119 980; x_wconf 88' lang='lat' dir='ltr'>consedisse,</span> <span class='ocrx_word' id='word_1_117' title='bbox 1139 935 1238 972; x_wconf 89' lang='lat' dir='ltr'>intra</span> <span class='ocrx_word' id='word_1_118' title='bbox 1257 934 1474 972; x_wconf 89' lang='lat' dir='ltr'>columnam</span> <span class='ocrx_word' id='word_1_119' title='bbox 1503 941 1543 971; x_wconf 92' lang='lat' dir='ltr'>et</span> <span class='ocrx_word' id='word_1_120' title='bbox 1571 932 1686 983; x_wconf 88' lang='lat' dir='ltr'>pilam</span> 
     </span>
     <span class='ocr_line' id='line_1_14' title="bbox 235 994 1686 1047; baseline -0.003 -13"><span class='ocrx_word' id='word_1_121' title='bbox 235 996 342 1034; x_wconf 85' lang='lat' dir='ltr'>illam</span> <span class='ocrx_word' id='word_1_122' title='bbox 359 1009 474 1047; x_wconf 93' lang='lat' dir='ltr'>super</span> <span class='ocrx_word' id='word_1_123' title='bbox 500 1009 579 1046; x_wconf 87' lang='lat' dir='ltr'>qua</span> <span class='ocrx_word' id='word_1_124' title='bbox 597 1003 792 1046; x_wconf 85' lang='lat' dir='ltr'>strategus</span> <span class='ocrx_word' id='word_1_125' title='bbox 813 1004 890 1034; x_wconf 86' lang='lat' dir='ltr'>stat</span> <span class='ocrx_word' id='word_1_126' title='bbox 908 996 972 1035; x_wconf 88' lang='lat' dir='ltr'>ille</span> <span class='ocrx_word' id='word_1_127' title='bbox 989 1009 1137 1034; x_wconf 85' lang='lat' dir='ltr'>aeneus.</span> <span class='ocrx_word' id='word_1_128' title='bbox 1194 996 1250 1033; x_wconf 94' lang='lat' dir='ltr'>lbi</span> <span class='ocrx_word' id='word_1_129' title='bbox 1271 1008 1313 1033; x_wconf 91' lang='lat' dir='ltr'>se</span> <span class='ocrx_word' id='word_1_130' title='bbox 1329 995 1470 1033; x_wconf 90' lang='lat' dir='ltr'>vidisse</span> <span class='ocrx_word' id='word_1_131' title='bbox 1489 994 1686 1032; x_wconf 90' lang='lat' dir='ltr'>hominum</span> 
     </span>
     <span class='ocr_line' id='line_1_15' title="bbox 236 1056 1685 1107; baseline -0.001 -12"><span class='ocrx_word' id='word_1_132' title='bbox 236 1057 288 1095; x_wconf 89' lang='lat' dir='ltr'>ad</span> <span class='ocrx_word' id='word_1_133' title='bbox 322 1063 529 1101; x_wconf 85' lang='lat' dir='ltr'>trecentos,</span> <span class='ocrx_word' id='word_1_134' title='bbox 562 1057 748 1107; x_wconf 81' lang='lat' dir='ltr'>globatim</span> <span class='ocrx_word' id='word_1_135' title='bbox 777 1064 936 1102; x_wconf 88' lang='lat' dir='ltr'>stantes,</span> <span class='ocrx_word' id='word_1_136' title='bbox 968 1057 1060 1095; x_wconf 85' lang='lat' dir='ltr'>alias</span> <span class='ocrx_word' id='word_1_137' title='bbox 1089 1056 1362 1107; x_wconf 88' lang='lat' dir='ltr'>quinosdenos,</span> <span class='ocrx_word' id='word_1_138' title='bbox 1382 1056 1487 1094; x_wconf 80' lang='lat' dir='ltr'>alias&#39;</span> <span class='ocrx_word' id='word_1_139' title='bbox 1507 1056 1685 1094; x_wconf 86' lang='lat' dir='ltr'>vicenos:</span> 
     </span>
     <span class='ocr_line' id='line_1_16' title="bbox 235 1115 1687 1169; baseline -0.002 -13"><span class='ocrx_word' id='word_1_140' title='bbox 235 1118 330 1157; x_wconf 90' lang='lat' dir='ltr'>luna</span> <span class='ocrx_word' id='word_1_141' title='bbox 348 1118 385 1155; x_wconf 90' lang='lat' dir='ltr'>in</span> <span class='ocrx_word' id='word_1_142' title='bbox 404 1131 471 1156; x_wconf 84' lang='lat' dir='ltr'>ora</span> <span class='ocrx_word' id='word_1_143' title='bbox 487 1119 657 1169; x_wconf 88' lang='lat' dir='ltr'>ipsorum</span> <span class='ocrx_word' id='word_1_144' title='bbox 676 1118 895 1164; x_wconf 87' lang='lat' dir='ltr'>irradiante,</span> <span class='ocrx_word' id='word_1_145' title='bbox 925 1131 966 1156; x_wconf 91' lang='lat' dir='ltr'>se</span> <span class='ocrx_word' id='word_1_146' title='bbox 985 1131 1032 1155; x_wconf 87' lang='lat' dir='ltr'>ex</span> <span class='ocrx_word' id='word_1_147' title='bbox 1052 1119 1189 1156; x_wconf 90' lang='lat' dir='ltr'>umbra</span> <span class='ocrx_word' id='word_1_148' title='bbox 1213 1124 1526 1169; x_wconf 85' lang='lat' dir='ltr'>prospectantem</span> <span class='ocrx_word' id='word_1_149' title='bbox 1558 1115 1687 1154; x_wconf 87' lang='lat' dir='ltr'>nosci-</span> 
     </span>
     <span class='ocr_line' id='line_1_17' title="bbox 237 1177 1687 1231; baseline -0.003 -13"><span class='ocrx_word' id='word_1_150' title='bbox 237 1187 342 1218; x_wconf 88' lang='lat' dir='ltr'>tasse</span> <span class='ocrx_word' id='word_1_151' title='bbox 361 1180 577 1231; x_wconf 89' lang='lat' dir='ltr'>plerosque.</span> <span class='ocrx_word' id='word_1_152' title='bbox 633 1180 654 1217; x_wconf 87' lang='lat' dir='ltr'>J</span> <span class='ocrx_word' id='word_1_153' title='bbox 662 1192 723 1217; x_wconf 90' lang='lat' dir='ltr'>am</span> <span class='ocrx_word' id='word_1_154' title='bbox 751 1179 844 1216; x_wconf 84' lang='grc'><strong>1111111</strong></span> <span class='ocrx_word' id='word_1_155' title='bbox 873 1180 1055 1230; x_wconf 87' lang='lat' dir='ltr'>cogitate,</span> <span class='ocrx_word' id='word_1_156' title='bbox 1074 1192 1224 1230; x_wconf 82' lang='lat' dir='ltr'>quaeso,</span> <span class='ocrx_word' id='word_1_157' title='bbox 1244 1178 1323 1224; x_wconf 89' lang='lat' dir='ltr'>viri,</span> <span class='ocrx_word' id='word_1_158' title='bbox 1343 1179 1430 1223; x_wconf 83' lang='lat' dir='ltr'>hoc,</span> <span class='ocrx_word' id='word_1_159' title='bbox 1450 1190 1565 1228; x_wconf 90' lang='lat' dir='ltr'>quam</span> <span class='ocrx_word' id='word_1_160' title='bbox 1594 1177 1687 1217; x_wconf 76' lang='lat' dir='ltr'>dirae</span> 
     </span>
     <span class='ocr_line' id='line_1_18' title="bbox 238 1239 1688 1292; baseline -0.003 -12"><span class='ocrx_word' id='word_1_161' title='bbox 238 1249 278 1280; x_wconf 84' lang='lat' dir='ltr'>et</span> <span class='ocrx_word' id='word_1_162' title='bbox 295 1255 411 1292; x_wconf 87' lang='lat' dir='ltr'>quam</span> <span class='ocrx_word' id='word_1_163' title='bbox 428 1241 682 1280; x_wconf 68' lang='lat' dir='ltr'>formidandae</span> <span class='ocrx_word' id='word_1_164' title='bbox 703 1241 756 1278; x_wconf 88' lang='lat' dir='ltr'>rei</span> <span class='ocrx_word' id='word_1_165' title='bbox 777 1241 1052 1279; x_wconf 87' lang='lat' dir='ltr'>documentum</span> <span class='ocrx_word' id='word_1_166' title='bbox 1066 1248 1180 1291; x_wconf 92' lang='lat' dir='ltr'>atque</span> <span class='ocrx_word' id='word_1_167' title='bbox 1197 1239 1411 1291; x_wconf 85' lang='lat' dir='ltr'>exemplum</span> <span class='ocrx_word' id='word_1_168' title='bbox 1434 1239 1688 1290; x_wconf 85' lang='lat' dir='ltr'>proposuerit,</span> 
     </span>
     <span class='ocr_line' id='line_1_19' title="bbox 239 1301 1684 1353; baseline -0.001 -13"><span class='ocrx_word' id='word_1_169' title='bbox 239 1303 303 1353; x_wconf 89' lang='lat' dir='ltr'>qui</span> <span class='ocrx_word' id='word_1_170' title='bbox 323 1316 389 1353; x_wconf 89' lang='lat' dir='ltr'>pro</span> <span class='ocrx_word' id='word_1_171' title='bbox 409 1315 595 1340; x_wconf 89' lang='lat' dir='ltr'>concesso</span> <span class='ocrx_word' id='word_1_172' title='bbox 616 1310 731 1352; x_wconf 89' lang='lat' dir='ltr'>atque</span> <span class='ocrx_word' id='word_1_173' title='bbox 751 1302 854 1339; x_wconf 90' lang='lat' dir='ltr'>licito</span> <span class='ocrx_word' id='word_1_174' title='bbox 873 1301 946 1340; x_wconf 90' lang='lat' dir='ltr'>sibi</span> <span class='ocrx_word' id='word_1_175' title='bbox 966 1302 1172 1353; x_wconf 83' lang='lat' dir='ltr'>sumpserit</span> <span class='ocrx_word' id='word_1_176' title='bbox 1189 1301 1276 1347; x_wconf 88' lang='grc'><strong>1100,</strong></span> <span class='ocrx_word' id='word_1_177' title='bbox 1306 1308 1348 1338; x_wconf 87' lang='grc'>111</span> <span class='ocrx_word' id='word_1_178' title='bbox 1369 1313 1488 1351; x_wconf 88' lang='lat' dir='ltr'>penes</span> <span class='ocrx_word' id='word_1_179' title='bbox 1507 1314 1547 1339; x_wconf 85' lang='lat' dir='ltr'>se</span> <span class='ocrx_word' id='word_1_180' title='bbox 1568 1308 1684 1344; x_wconf 86' lang='lat' dir='ltr'>essct,</span> 
     </span>
     <span class='ocr_line' id='line_1_20' title="bbox 240 1361 1686 1415; baseline -0.003 -13"><span class='ocrx_word' id='word_1_181' title='bbox 240 1378 356 1415; x_wconf 89' lang='lat' dir='ltr'>quem</span> <span class='ocrx_word' id='word_1_182' title='bbox 375 1365 498 1403; x_wconf 90' lang='lat' dir='ltr'>civem</span> <span class='ocrx_word' id='word_1_183' title='bbox 518 1364 790 1401; x_wconf 87' lang='lat' dir='ltr'>Atheniensem</span> <span class='ocrx_word' id='word_1_184' title='bbox 824 1363 895 1414; x_wconf 89' lang='lat' dir='ltr'>ipsi</span> <span class='ocrx_word' id='word_1_185' title='bbox 927 1363 1156 1409; x_wconf 80' lang='lat' dir='ltr'>allibuisset,</span> <span class='ocrx_word' id='word_1_186' title='bbox 1185 1363 1218 1400; x_wconf 89' lang='lat' dir='ltr'>ei</span> <span class='ocrx_word' id='word_1_187' title='bbox 1253 1362 1371 1413; x_wconf 85' lang='lat' dir='ltr'>globo</span> <span class='ocrx_word' id='word_1_188' title='bbox 1401 1361 1686 1413; x_wconf 84' lang='lat' dir='ltr'>conjuratorum</span> 
     </span>
     <span class='ocr_line' id='line_1_21' title="bbox 239 1423 1688 1475; baseline -0.004 -10"><span class='ocrx_word' id='word_1_189' title='bbox 239 1427 460 1465; x_wconf 74' lang='lat' dir='ltr'>interFuisse</span> <span class='ocrx_word' id='word_1_190' title='bbox 490 1427 691 1472; x_wconf 83' lang='lat' dir='ltr'>affirmare,</span> <span class='ocrx_word' id='word_1_191' title='bbox 712 1433 750 1464; x_wconf 90' lang='lat' dir='ltr'>et</span> <span class='ocrx_word' id='word_1_192' title='bbox 767 1438 898 1463; x_wconf 88' lang='lat' dir='ltr'>rursus</span> <span class='ocrx_word' id='word_1_193' title='bbox 920 1438 1062 1475; x_wconf 86' lang='lat' dir='ltr'>negare</span> <span class='ocrx_word' id='word_1_194' title='bbox 1092 1423 1325 1470; x_wconf 87' lang='lat' dir='ltr'>interfuisse,</span> <span class='ocrx_word' id='word_1_195' title='bbox 1355 1423 1385 1460; x_wconf 92' lang='lat' dir='ltr'>si</span> <span class='ocrx_word' id='word_1_196' title='bbox 1404 1435 1518 1472; x_wconf 91' lang='lat' dir='ltr'>quem</span> <span class='ocrx_word' id='word_1_197' title='bbox 1547 1435 1688 1473; x_wconf 80' lang='lat' dir='ltr'>negare</span> 
     </span>
     <span class='ocr_line' id='line_1_22' title="bbox 232 1483 1690 1541; baseline -0.003 -14"><span class='ocrx_word' id='word_1_198' title='bbox 232 1490 422 1541; x_wconf 80' lang='lat' dir='ltr'>placeret.</span> <span class='ocrx_word' id='word_1_199' title='bbox 479 1488 552 1526; x_wconf 87' lang='lat' dir='ltr'>Sed</span> <span class='ocrx_word' id='word_1_200' title='bbox 580 1500 700 1538; x_wconf 86' lang='lat' dir='ltr'>pergo</span> <span class='ocrx_word' id='word_1_201' title='bbox 724 1500 889 1526; x_wconf 80' lang='lat' dir='ltr'>narrare.</span> <span class='ocrx_word' id='word_1_202' title='bbox 947 1486 1145 1524; x_wconf 90' lang='lat' dir='ltr'>Dioclides</span> <span class='ocrx_word' id='word_1_203' title='bbox 1165 1486 1295 1536; x_wconf 86' lang='lat' dir='ltr'>itaque</span> <span class='ocrx_word' id='word_1_204' title='bbox 1315 1485 1390 1523; x_wconf 86' lang='lat' dir='ltr'>ista</span> <span class='ocrx_word' id='word_1_205' title='bbox 1409 1497 1498 1522; x_wconf 91' lang='lat' dir='ltr'>cum</span> <span class='ocrx_word' id='word_1_206' title='bbox 1517 1483 1690 1531; x_wconf 90' lang='lat' dir='ltr'>vidisset,</span> 
     </span>
     <span class='ocr_line' id='line_1_23' title="bbox 241 1546 1690 1600; baseline -0.003 -12"><span class='ocrx_word' id='word_1_207' title='bbox 241 1551 291 1589; x_wconf 85' lang='lat' dir='ltr'>ad</span> <span class='ocrx_word' id='word_1_208' title='bbox 306 1551 485 1588; x_wconf 85' lang='lat' dir='ltr'>Laurium</span> <span class='ocrx_word' id='word_1_209' title='bbox 504 1563 545 1587; x_wconf 85' lang='lat' dir='ltr'>se</span> <span class='ocrx_word' id='word_1_210' title='bbox 564 1550 688 1587; x_wconf 89' lang='lat' dir='ltr'>aiebat</span> <span class='ocrx_word' id='word_1_211' title='bbox 706 1550 757 1587; x_wconf 85' lang='lat' dir='ltr'>ire</span> <span class='ocrx_word' id='word_1_212' title='bbox 778 1548 987 1600; x_wconf 86' lang='lat' dir='ltr'>perrexisse</span> <span class='ocrx_word' id='word_1_213' title='bbox 1003 1562 1012 1591; x_wconf 95' lang='grc'><strong>;</strong></span> <span class='ocrx_word' id='word_1_214' title='bbox 1043 1556 1123 1585; x_wconf 82' lang='grc'><strong>111111</strong></span> <span class='ocrx_word' id='word_1_215' title='bbox 1141 1547 1202 1585; x_wconf 91' lang='lat' dir='ltr'>die</span> <span class='ocrx_word' id='word_1_216' title='bbox 1217 1548 1328 1585; x_wconf 84' lang='lat' dir='ltr'>istam</span> <span class='ocrx_word' id='word_1_217' title='bbox 1347 1554 1500 1585; x_wconf 89' lang='lat' dir='ltr'>noctem</span> <span class='ocrx_word' id='word_1_218' title='bbox 1515 1546 1690 1585; x_wconf 86' lang='lat' dir='ltr'>insecuta</span> 
     </span>
     <span class='ocr_line' id='line_1_24' title="bbox 240 1609 1692 1661; baseline -0.001 -12"><span class='ocrx_word' id='word_1_219' title='bbox 240 1613 384 1650; x_wconf 87' lang='lat' dir='ltr'>famam</span> <span class='ocrx_word' id='word_1_220' title='bbox 418 1611 466 1649; x_wconf 89' lang='lat' dir='ltr'>de</span> <span class='ocrx_word' id='word_1_221' title='bbox 499 1610 652 1648; x_wconf 89' lang='lat' dir='ltr'>Hermis</span> <span class='ocrx_word' id='word_1_222' title='bbox 683 1610 899 1648; x_wconf 90' lang='lat' dir='ltr'>mutilitatis</span> <span class='ocrx_word' id='word_1_223' title='bbox 931 1609 1151 1661; x_wconf 82' lang='lat' dir='ltr'>accepisse:</span> <span class='ocrx_word' id='word_1_224' title='bbox 1181 1609 1231 1646; x_wconf 91' lang='lat' dir='ltr'>ibi</span> <span class='ocrx_word' id='word_1_225' title='bbox 1252 1609 1381 1647; x_wconf 86' lang='lat' dir='ltr'>statim</span> <span class='ocrx_word' id='word_1_226' title='bbox 1402 1609 1619 1659; x_wconf 83' lang='lat' dir='ltr'>agnovisse,</span> <span class='ocrx_word' id='word_1_227' title='bbox 1639 1609 1692 1647; x_wconf 84' lang='lat' dir='ltr'>fa-</span> 
     </span>
     <span class='ocr_line' id='line_1_25' title="bbox 240 1670 1688 1723; baseline -0.002 -12"><span class='ocrx_word' id='word_1_228' title='bbox 240 1674 349 1712; x_wconf 88' lang='lat' dir='ltr'>cinus</span> <span class='ocrx_word' id='word_1_229' title='bbox 369 1673 517 1711; x_wconf 88' lang='lat' dir='ltr'>illorum</span> <span class='ocrx_word' id='word_1_230' title='bbox 539 1685 636 1723; x_wconf 91' lang='lat' dir='ltr'>quos</span> <span class='ocrx_word' id='word_1_231' title='bbox 656 1671 815 1709; x_wconf 87' lang='lat' dir='ltr'>vidisset</span> <span class='ocrx_word' id='word_1_232' title='bbox 844 1673 1010 1709; x_wconf 71' lang='lat' dir='ltr'>virorum</span> <span class='ocrx_word' id='word_1_233' title='bbox 1039 1684 1136 1709; x_wconf 84' lang='lat' dir='ltr'>esse.</span> <span class='ocrx_word' id='word_1_234' title='bbox 1193 1670 1447 1708; x_wconf 89' lang='lat' dir='ltr'>Postmodum</span> <span class='ocrx_word' id='word_1_235' title='bbox 1482 1670 1520 1707; x_wconf 91' lang='lat' dir='ltr'>in</span> <span class='ocrx_word' id='word_1_236' title='bbox 1555 1671 1688 1708; x_wconf 89' lang='lat' dir='ltr'>urbem</span> 
     </span>
     <span class='ocr_line' id='line_1_26' title="bbox 239 1733 1690 1785; baseline -0.002 -12"><span class='ocrx_word' id='word_1_237' title='bbox 239 1749 436 1774; x_wconf 81' lang='lat' dir='ltr'>reversum</span> <span class='ocrx_word' id='word_1_238' title='bbox 455 1749 494 1773; x_wconf 91' lang='lat' dir='ltr'>se</span> <span class='ocrx_word' id='word_1_239' title='bbox 523 1734 819 1785; x_wconf 83' lang='lat' dir='ltr'>deprehendisse</span> <span class='ocrx_word' id='word_1_240' title='bbox 838 1734 1064 1784; x_wconf 76' lang='lat' dir='ltr'>quaesitores</span> <span class='ocrx_word' id='word_1_241' title='bbox 1097 1733 1321 1782; x_wconf 84' lang='lat' dir='ltr'>deputatos,</span> <span class='ocrx_word' id='word_1_242' title='bbox 1344 1739 1383 1770; x_wconf 89' lang='lat' dir='ltr'>et</span> <span class='ocrx_word' id='word_1_243' title='bbox 1411 1733 1608 1783; x_wconf 86' lang='lat' dir='ltr'>praemium</span> <span class='ocrx_word' id='word_1_244' title='bbox 1631 1733 1690 1771; x_wconf 91' lang='lat' dir='ltr'>in-</span> 
     </span>
     <span class='ocr_line' id='line_1_27' title="bbox 242 1793 1690 1847; baseline -0.003 -12"><span class='ocrx_word' id='word_1_245' title='bbox 242 1798 381 1836; x_wconf 84' lang='lat' dir='ltr'>dicinae</span> <span class='ocrx_word' id='word_1_246' title='bbox 401 1796 554 1847; x_wconf 88' lang='lat' dir='ltr'>publice</span> <span class='ocrx_word' id='word_1_247' title='bbox 587 1795 771 1846; x_wconf 81' lang='lat' dir='ltr'>praeconis</span> <span class='ocrx_word' id='word_1_248' title='bbox 805 1808 900 1833; x_wconf 91' lang='lat' dir='ltr'>voce</span> <span class='ocrx_word' id='word_1_249' title='bbox 933 1794 1233 1846; x_wconf 82' lang='lat' dir='ltr'>promulgatum,</span> <span class='ocrx_word' id='word_1_250' title='bbox 1254 1801 1406 1832; x_wconf 87' lang='lat' dir='ltr'>centum</span> <span class='ocrx_word' id='word_1_251' title='bbox 1438 1793 1575 1831; x_wconf 86' lang='lat' dir='ltr'>minas.</span> <span class='ocrx_word' id='word_1_252' title='bbox 1631 1794 1690 1831; x_wconf 92' lang='lat' dir='ltr'>Ibi</span> 
     </span>
     <span class='ocr_line' id='line_1_28' title="bbox 242 1855 1691 1909; baseline -0.003 -12"><span class='ocrx_word' id='word_1_253' title='bbox 242 1872 331 1897; x_wconf 91' lang='lat' dir='ltr'>cum</span> <span class='ocrx_word' id='word_1_254' title='bbox 365 1858 606 1909; x_wconf 90' lang='lat' dir='ltr'>Euphemum</span> <span class='ocrx_word' id='word_1_255' title='bbox 637 1857 807 1902; x_wconf 86' lang='lat' dir='ltr'>vidisset,</span> <span class='ocrx_word' id='word_1_256' title='bbox 830 1857 964 1894; x_wconf 79' lang='lat' dir='ltr'>Calliae</span> <span class='ocrx_word' id='word_1_257' title='bbox 1000 1857 1170 1902; x_wconf 81' lang='lat' dir='ltr'>fratrem,</span> <span class='ocrx_word' id='word_1_258' title='bbox 1189 1855 1354 1894; x_wconf 91' lang='lat' dir='ltr'>Teleclis</span> <span class='ocrx_word' id='word_1_259' title='bbox 1382 1855 1462 1900; x_wconf 88' lang='lat' dir='ltr'>filii,</span> <span class='ocrx_word' id='word_1_260' title='bbox 1482 1855 1518 1892; x_wconf 91' lang='lat' dir='ltr'>in</span> <span class='ocrx_word' id='word_1_261' title='bbox 1539 1855 1691 1894; x_wconf 89' lang='lat' dir='ltr'>officina</span> 
     </span>
     <span class='ocr_line' id='line_1_29' title="bbox 245 1916 1690 1967; baseline -0.004 -7"><span class='ocrx_word' id='word_1_262' title='bbox 245 1921 369 1960; x_wconf 83' lang='lat' dir='ltr'>fabrili</span> <span class='ocrx_word' id='word_1_263' title='bbox 389 1921 543 1959; x_wconf 85' lang='lat' dir='ltr'>ferraria</span> <span class='ocrx_word' id='word_1_264' title='bbox 567 1919 780 1965; x_wconf 88' lang='lat' dir='ltr'>sedentem,</span> <span class='ocrx_word' id='word_1_265' title='bbox 801 1919 1008 1957; x_wconf 83' lang='lat' dir='ltr'>abduxisse</span> <span class='ocrx_word' id='word_1_266' title='bbox 1028 1931 1115 1956; x_wconf 85' lang='lat' dir='ltr'>eum</span> <span class='ocrx_word' id='word_1_267' title='bbox 1146 1919 1184 1956; x_wconf 87' lang='lat' dir='ltr'>in</span> <span class='ocrx_word' id='word_1_268' title='bbox 1204 1918 1337 1955; x_wconf 89' lang='lat' dir='ltr'>fanum</span> <span class='ocrx_word' id='word_1_269' title='bbox 1356 1916 1531 1961; x_wconf 88' lang='lat' dir='ltr'>Vulcani,</span> <span class='ocrx_word' id='word_1_270' title='bbox 1561 1916 1690 1967; x_wconf 90' lang='lat' dir='ltr'>ibique</span> 
     </span>
     <span class='ocr_line' id='line_1_30' title="bbox 242 1978 1692 2032; baseline -0.003 -11"><span class='ocrx_word' id='word_1_271' title='bbox 242 1984 279 2022; x_wconf 87' lang='lat' dir='ltr'>ei</span> <span class='ocrx_word' id='word_1_272' title='bbox 297 1982 432 2021; x_wconf 87' lang='lat' dir='ltr'>eadem</span> <span class='ocrx_word' id='word_1_273' title='bbox 451 1982 597 2020; x_wconf 87' lang='lat' dir='ltr'>dixisse</span> <span class='ocrx_word' id='word_1_274' title='bbox 623 1995 710 2032; x_wconf 87' lang='lat' dir='ltr'>quae</span> <span class='ocrx_word' id='word_1_275' title='bbox 730 1994 803 2032; x_wconf 89' lang='lat' dir='ltr'>ego</span> <span class='ocrx_word' id='word_1_276' title='bbox 822 1982 928 2019; x_wconf 92' lang='lat' dir='ltr'>vobis</span> <span class='ocrx_word' id='word_1_277' title='bbox 949 1980 1064 2031; x_wconf 90' lang='lat' dir='ltr'>paulo</span> <span class='ocrx_word' id='word_1_278' title='bbox 1085 1988 1173 2020; x_wconf 88' lang='lat' dir='ltr'>ante</span> <span class='ocrx_word' id='word_1_279' title='bbox 1194 1980 1421 2026; x_wconf 86' lang='lat' dir='ltr'>referebam,</span> <span class='ocrx_word' id='word_1_280' title='bbox 1449 1978 1555 2029; x_wconf 90' lang='lat' dir='ltr'>quod</span> <span class='ocrx_word' id='word_1_281' title='bbox 1581 1979 1692 2016; x_wconf 86' lang='lat' dir='ltr'>nimi-</span> 
     </span>
     <span class='ocr_line' id='line_1_31' title="bbox 244 2040 1694 2091; baseline -0.003 -8"><span class='ocrx_word' id='word_1_282' title='bbox 244 2059 328 2084; x_wconf 84' lang='lat' dir='ltr'>rum</span> <span class='ocrx_word' id='word_1_283' title='bbox 347 2045 414 2082; x_wconf 85' lang='lat' dir='ltr'>illa</span> <span class='ocrx_word' id='word_1_284' title='bbox 432 2051 546 2082; x_wconf 89' lang='lat' dir='ltr'>nocte</span> <span class='ocrx_word' id='word_1_285' title='bbox 565 2057 636 2082; x_wconf 93' lang='grc'><strong>1105</strong></span> <span class='ocrx_word' id='word_1_286' title='bbox 658 2043 842 2081; x_wconf 85' lang='grc' dir='ltr'><strong>ν11115501;</strong></span> <span class='ocrx_word' id='word_1_287' title='bbox 874 2055 1003 2080; x_wconf 80' lang='lat' dir='ltr'>causae</span> <span class='ocrx_word' id='word_1_288' title='bbox 1025 2042 1095 2080; x_wconf 93' lang='lat' dir='ltr'>sibi</span> <span class='ocrx_word' id='word_1_289' title='bbox 1115 2042 1209 2080; x_wconf 88' lang='lat' dir='ltr'>nihil</span> <span class='ocrx_word' id='word_1_290' title='bbox 1230 2055 1328 2086; x_wconf 86' lang='lat' dir='ltr'>esse,</span> <span class='ocrx_word' id='word_1_291' title='bbox 1350 2054 1418 2079; x_wconf 89' lang='grc'><strong>0111·</strong></span> <span class='ocrx_word' id='word_1_292' title='bbox 1432 2054 1454 2079; x_wconf 91' lang='lat' dir='ltr'>a</span> <span class='ocrx_word' id='word_1_293' title='bbox 1468 2054 1548 2091; x_wconf 89' lang='lat' dir='ltr'>rep.</span> <span class='ocrx_word' id='word_1_294' title='bbox 1562 2040 1694 2078; x_wconf 88' lang='lat' dir='ltr'>mallet</span> 
     </span>
     <span class='ocr_line' id='line_1_32' title="bbox 245 2102 1694 2159; baseline -0.003 -14"><span class='ocrx_word' id='word_1_295' title='bbox 245 2107 447 2159; x_wconf 89' lang='lat' dir='ltr'>pecuniam</span> <span class='ocrx_word' id='word_1_296' title='bbox 474 2119 591 2156; x_wconf 86' lang='lat' dir='ltr'>quam</span> <span class='ocrx_word' id='word_1_297' title='bbox 609 2118 632 2143; x_wconf 87' lang='lat' dir='ltr'>a</span> <span class='ocrx_word' id='word_1_298' title='bbox 651 2105 762 2143; x_wconf 92' lang='lat' dir='ltr'>nobis</span> <span class='ocrx_word' id='word_1_299' title='bbox 784 2104 959 2151; x_wconf 82' lang='lat' dir='ltr'>aufferre,</span> <span class='ocrx_word' id='word_1_300' title='bbox 977 2105 1190 2155; x_wconf 81' lang='lat' dir='ltr'>praesertim</span> <span class='ocrx_word' id='word_1_301' title='bbox 1217 2105 1248 2141; x_wconf 91' lang='lat' dir='ltr'>si</span> <span class='ocrx_word' id='word_1_302' title='bbox 1267 2110 1403 2155; x_wconf 89' lang='lat' dir='ltr'>posset</span> <span class='ocrx_word' id='word_1_303' title='bbox 1421 2102 1559 2140; x_wconf 81' lang='lat' dir='ltr'>eadem</span> <span class='ocrx_word' id='word_1_304' title='bbox 1577 2115 1694 2152; x_wconf 86' lang='lat' dir='ltr'>opera</span> 
     </span>
     <span class='ocr_line' id='line_1_33' title="bbox 245 2162 1693 2218; baseline -0.005 -11"><span class='ocrx_word' id='word_1_305' title='bbox 245 2176 416 2208; x_wconf 86' lang='lat' dir='ltr'>nostram</span> <span class='ocrx_word' id='word_1_306' title='bbox 449 2180 606 2218; x_wconf 92' lang='lat' dir='ltr'>quoque</span> <span class='ocrx_word' id='word_1_307' title='bbox 639 2167 733 2204; x_wconf 88' lang='lat' dir='ltr'>inire</span> <span class='ocrx_word' id='word_1_308' title='bbox 765 2173 939 2217; x_wconf 84' lang='lat' dir='ltr'>gratiam.</span> <span class='ocrx_word' id='word_1_309' title='bbox 996 2166 1239 2217; x_wconf 87' lang='lat' dir='ltr'>Euphemum</span> <span class='ocrx_word' id='word_1_310' title='bbox 1272 2165 1321 2201; x_wconf 84' lang='lat' dir='ltr'>ad</span> <span class='ocrx_word' id='word_1_311' title='bbox 1353 2163 1436 2200; x_wconf 87' lang='lat' dir='ltr'>haec</span> <span class='ocrx_word' id='word_1_312' title='bbox 1469 2162 1693 2213; x_wconf 85' lang='lat' dir='ltr'>subjecisse,</span> 
     </span>
     <span class='ocr_line' id='line_1_34' title="bbox 245 2225 1695 2279; baseline -0.006 -9"><span class='ocrx_word' id='word_1_313' title='bbox 245 2240 350 2271; x_wconf 87' lang='lat' dir='ltr'>recte</span> <span class='ocrx_word' id='word_1_314' title='bbox 371 2232 497 2269; x_wconf 88' lang='lat' dir='ltr'>facere</span> <span class='ocrx_word' id='word_1_315' title='bbox 518 2229 733 2268; x_wconf 90' lang='lat' dir='ltr'>Dioclidem</span> <span class='ocrx_word' id='word_1_316' title='bbox 754 2229 859 2279; x_wconf 92' lang='lat' dir='ltr'>quod</span> <span class='ocrx_word' id='word_1_317' title='bbox 878 2229 992 2279; x_wconf 90' lang='lat' dir='ltr'>hujus</span> <span class='ocrx_word' id='word_1_318' title='bbox 1012 2229 1065 2266; x_wconf 87' lang='lat' dir='ltr'>rei</span> <span class='ocrx_word' id='word_1_319' title='bbox 1086 2242 1127 2266; x_wconf 86' lang='lat' dir='ltr'>se</span> <span class='ocrx_word' id='word_1_320' title='bbox 1148 2228 1346 2265; x_wconf 85' lang='lat' dir='ltr'>certiorem</span> <span class='ocrx_word' id='word_1_321' title='bbox 1379 2226 1549 2271; x_wconf 82' lang='lat' dir='ltr'>fecisset,</span> <span class='ocrx_word' id='word_1_322' title='bbox 1567 2225 1695 2263; x_wconf 83' lang='lat' dir='ltr'>horta-</span> 
     </span>
     <span class='ocr_line' id='line_1_35' title="bbox 245 2287 1695 2344; baseline -0.006 -12"><span class='ocrx_word' id='word_1_323' title='bbox 245 2302 405 2344; x_wconf 84' lang='lat' dir='ltr'>tumque</span> <span class='ocrx_word' id='word_1_324' title='bbox 428 2292 547 2330; x_wconf 88' lang='lat' dir='ltr'>fuisse</span> <span class='ocrx_word' id='word_1_325' title='bbox 567 2299 610 2328; x_wconf 93' lang='lat' dir='ltr'>ut</span> <span class='ocrx_word' id='word_1_326' title='bbox 632 2292 712 2342; x_wconf 88' lang='lat' dir='ltr'>jam</span> <span class='ocrx_word' id='word_1_327' title='bbox 732 2290 860 2328; x_wconf 86' lang='lat' dir='ltr'>statim</span> <span class='ocrx_word' id='word_1_328' title='bbox 880 2303 1008 2329; x_wconf 89' lang='lat' dir='ltr'>secum</span> <span class='ocrx_word' id='word_1_329' title='bbox 1034 2290 1082 2327; x_wconf 88' lang='lat' dir='ltr'>ad</span> <span class='ocrx_word' id='word_1_330' title='bbox 1104 2289 1208 2327; x_wconf 86' lang='lat' dir='ltr'>aedes</span> <span class='ocrx_word' id='word_1_331' title='bbox 1226 2288 1417 2339; x_wconf 84' lang='lat' dir='ltr'>Leogorae</span> <span class='ocrx_word' id='word_1_332' title='bbox 1442 2287 1586 2331; x_wconf 86' lang='lat' dir='ltr'>adiret;</span> <span class='ocrx_word' id='word_1_333' title='bbox 1617 2300 1695 2337; x_wconf 92' lang='lat' dir='ltr'>quo</span> 
     </span>
     <span class='ocr_line' id='line_1_36' title="bbox 245 2350 1694 2405; baseline -0.008 -10"><span class='ocrx_word' id='word_1_334' title='bbox 245 2356 297 2395; x_wconf 82' lang='lat' dir='ltr'>ibi</span> <span class='ocrx_word' id='word_1_335' title='bbox 328 2354 465 2405; x_wconf 85' lang='lat' dir='ltr'>possis,</span> <span class='ocrx_word' id='word_1_336' title='bbox 485 2353 623 2403; x_wconf 88' lang='lat' dir='ltr'>inquit,</span> <span class='ocrx_word' id='word_1_337' title='bbox 640 2351 777 2402; x_wconf 89' lang='lat' dir='ltr'>(reddo</span> <span class='ocrx_word' id='word_1_338' title='bbox 797 2350 914 2402; x_wconf 90' lang='lat' dir='ltr'>ipsius</span> <span class='ocrx_word' id='word_1_339' title='bbox 937 2351 1127 2401; x_wconf 88' lang='lat' dir='ltr'>Euphemi</span> <span class='ocrx_word' id='word_1_340' title='bbox 1145 2351 1279 2397; x_wconf 88' lang='lat' dir='ltr'>verba)</span> <span class='ocrx_word' id='word_1_341' title='bbox 1302 2362 1453 2387; x_wconf 89' lang='lat' dir='ltr'>mecum</span> <span class='ocrx_word' id='word_1_342' title='bbox 1473 2361 1585 2399; x_wconf 82' lang='lat' dir='ltr'>agere</span> <span class='ocrx_word' id='word_1_343' title='bbox 1605 2361 1694 2385; x_wconf 90' lang='lat' dir='ltr'>cum</span> 
     </span>
     <span class='ocr_line' id='line_1_37' title="bbox 247 2409 1696 2464; baseline -0.005 -10"><span class='ocrx_word' id='word_1_344' title='bbox 247 2415 450 2455; x_wconf 85' lang='lat' dir='ltr'>Andocide</span> <span class='ocrx_word' id='word_1_345' title='bbox 469 2422 611 2453; x_wconf 89' lang='lat' dir='ltr'>etcum</span> <span class='ocrx_word' id='word_1_346' title='bbox 631 2413 786 2464; x_wconf 88' lang='lat' dir='ltr'>reliquis</span> <span class='ocrx_word' id='word_1_347' title='bbox 811 2426 972 2464; x_wconf 85' lang='lat' dir='ltr'>quorum</span> <span class='ocrx_word' id='word_1_348' title='bbox 1005 2414 1175 2451; x_wconf 89' lang='lat' dir='ltr'>interest.</span> <span class='ocrx_word' id='word_1_349' title='bbox 1233 2411 1311 2449; x_wconf 86' lang='lat' dir='ltr'>Sed</span> <span class='ocrx_word' id='word_1_350' title='bbox 1330 2410 1578 2462; x_wconf 86' lang='lat' dir='ltr'>promittebat</span> <span class='ocrx_word' id='word_1_351' title='bbox 1598 2409 1696 2448; x_wconf 89' lang='lat' dir='ltr'>Dio-</span> 
     </span>
     <span class='ocr_line' id='line_1_38' title="bbox 246 2471 1697 2528; baseline -0.006 -12"><span class='ocrx_word' id='word_1_352' title='bbox 246 2478 370 2517; x_wconf 90' lang='lat' dir='ltr'>·clides</span> <span class='ocrx_word' id='word_1_353' title='bbox 389 2477 450 2515; x_wconf 92' lang='lat' dir='ltr'>die</span> <span class='ocrx_word' id='word_1_354' title='bbox 471 2485 624 2528; x_wconf 86' lang='lat' dir='ltr'>postera</span> <span class='ocrx_word' id='word_1_355' title='bbox 641 2483 871 2513; x_wconf 86' lang='lat' dir='ltr'>venturum:</span> <span class='ocrx_word' id='word_1_356' title='bbox 901 2475 1050 2513; x_wconf 80' lang='lat' dir='ltr'>venisse</span> <span class='ocrx_word' id='word_1_357' title='bbox 1082 2486 1252 2524; x_wconf 91' lang='lat' dir='ltr'>quoque,</span> <span class='ocrx_word' id='word_1_358' title='bbox 1280 2473 1420 2516; x_wconf 86' lang='lat' dir='ltr'>aiebat,</span> <span class='ocrx_word' id='word_1_359' title='bbox 1453 2478 1492 2509; x_wconf 86' lang='lat' dir='ltr'>et</span> <span class='ocrx_word' id='word_1_360' title='bbox 1523 2471 1697 2522; x_wconf 87' lang='lat' dir='ltr'>pultasse</span> 
     </span>
     <span class='ocr_line' id='line_1_39' title="bbox 247 2531 1697 2590; baseline -0.009 -10"><span class='ocrx_word' id='word_1_361' title='bbox 247 2541 379 2579; x_wconf 86' lang='lat' dir='ltr'>sores:</span> <span class='ocrx_word' id='word_1_362' title='bbox 408 2539 459 2577; x_wconf 90' lang='lat' dir='ltr'>ibi</span> <span class='ocrx_word' id='word_1_363' title='bbox 477 2546 625 2590; x_wconf 86' lang='lat' dir='ltr'>patrem</span> <span class='ocrx_word' id='word_1_364' title='bbox 645 2550 774 2574; x_wconf 89' lang='lat' dir='ltr'>meum</span> <span class='ocrx_word' id='word_1_365' title='bbox 793 2536 891 2574; x_wconf 89' lang='lat' dir='ltr'>forte</span> <span class='ocrx_word' id='word_1_366' title='bbox 911 2536 1065 2574; x_wconf 84' lang='lat' dir='ltr'>fortuna</span> <span class='ocrx_word' id='word_1_367' title='bbox 1084 2542 1290 2574; x_wconf 83' lang='lat' dir='ltr'>exeuntem</span> <span class='ocrx_word' id='word_1_368' title='bbox 1319 2534 1367 2572; x_wconf 89' lang='lat' dir='ltr'>ad</span> <span class='ocrx_word' id='word_1_369' title='bbox 1389 2546 1444 2576; x_wconf 88' lang='lat' dir='ltr'>sc,</span> <span class='ocrx_word' id='word_1_370' title='bbox 1466 2531 1697 2576; x_wconf 86' lang='lat' dir='ltr'>Dioclidem,</span> 
     </span>
     <span class='ocr_line' id='line_1_40' title="bbox 249 2594 1698 2650; baseline -0.008 -9"><span class='ocrx_word' id='word_1_371' title='bbox 249 2604 336 2641; x_wconf 89' lang='lat' dir='ltr'>haec</span> <span class='ocrx_word' id='word_1_372' title='bbox 354 2601 511 2646; x_wconf 83' lang='lat' dir='ltr'>dixisse,</span> <span class='ocrx_word' id='word_1_373' title='bbox 536 2599 640 2638; x_wconf 87' lang='lat' dir='ltr'>Jam</span> <span class='ocrx_word' id='word_1_374' title='bbox 669 2598 844 2636; x_wconf 89' lang='lat' dir='ltr'>dudum</span> <span class='ocrx_word' id='word_1_375' title='bbox 873 2598 918 2636; x_wconf 90' lang='lat' dir='ltr'>hi</span> <span class='ocrx_word' id='word_1_376' title='bbox 947 2606 991 2637; x_wconf 89' lang='lat' dir='ltr'>te</span> <span class='ocrx_word' id='word_1_377' title='bbox 1018 2595 1336 2650; x_wconf 78' lang='lat' dir='ltr'>exspectant?</span> <span class='ocrx_word' id='word_1_378' title='bbox 1375 2594 1496 2632; x_wconf 86' lang='lat' dir='ltr'>tales</span> <span class='ocrx_word' id='word_1_379' title='bbox 1527 2594 1698 2643; x_wconf 88' lang='lat' dir='ltr'>utique</span> 
     </span>
     <span class='ocr_line' id='line_1_41' title="bbox 252 2654 1698 2713; baseline -0.008 -10"><span class='ocrx_word' id='word_1_380' title='bbox 252 2664 430 2703; x_wconf 83' lang='lat' dir='ltr'>amicos</span> <span class='ocrx_word' id='word_1_381' title='bbox 458 2660 706 2713; x_wconf 88' lang='lat' dir='ltr'>aspernari</span> <span class='ocrx_word' id='word_1_382' title='bbox 746 2659 870 2697; x_wconf 89' lang='lat' dir='ltr'>haud</span> <span class='ocrx_word' id='word_1_383' title='bbox 909 2659 1148 2698; x_wconf 89' lang='lat' dir='ltr'>convenit.</span> <span class='ocrx_word' id='word_1_384' title='bbox 1205 2658 1278 2696; x_wconf 93' lang='lat' dir='ltr'>His</span> <span class='ocrx_word' id='word_1_385' title='bbox 1309 2669 1397 2695; x_wconf 90' lang='lat' dir='ltr'>cum</span> <span class='ocrx_word' id='word_1_386' title='bbox 1429 2654 1542 2693; x_wconf 88' lang='lat' dir='ltr'>dictis</span> <span class='ocrx_word' id='word_1_387' title='bbox 1573 2655 1698 2692; x_wconf 89' lang='lat' dir='ltr'>abisse</span> 
     </span>
     <span class='ocr_line' id='line_1_42' title="bbox 250 2716 1700 2777; baseline -0.006 -14"><span class='ocrx_word' id='word_1_388' title='bbox 250 2732 409 2777; x_wconf 85' lang='lat' dir='ltr'>patrem.</span> <span class='ocrx_word' id='word_1_389' title='bbox 466 2724 554 2762; x_wconf 91' lang='lat' dir='ltr'>Hoc</span> <span class='ocrx_word' id='word_1_390' title='bbox 572 2722 689 2761; x_wconf 92' lang='lat' dir='ltr'>modo</span> <span class='ocrx_word' id='word_1_391' title='bbox 718 2721 916 2760; x_wconf 87' lang='lat' dir='ltr'>Dioclides</span> <span class='ocrx_word' id='word_1_392' title='bbox 950 2729 1095 2772; x_wconf 89' lang='lat' dir='ltr'>patrem</span> <span class='ocrx_word' id='word_1_393' title='bbox 1125 2733 1253 2759; x_wconf 90' lang='lat' dir='ltr'>meum</span> <span class='ocrx_word' id='word_1_394' title='bbox 1282 2716 1572 2769; x_wconf 88' lang='lat' dir='ltr'>pessumdatum</span> <span class='ocrx_word' id='word_1_395' title='bbox 1608 2716 1700 2762; x_wconf 90' lang='lat' dir='ltr'>ibat,</span> 
     </span>
     <span class='ocr_line' id='line_1_43' title="bbox 253 2779 1698 2836; baseline -0.007 -10"><span class='ocrx_word' id='word_1_396' title='bbox 253 2786 492 2826; x_wconf 88' lang='lat' dir='ltr'>denuncians</span> <span class='ocrx_word' id='word_1_397' title='bbox 535 2798 604 2836; x_wconf 91' lang='lat' dir='ltr'>pro</span> <span class='ocrx_word' id='word_1_398' title='bbox 642 2783 796 2823; x_wconf 89' lang='lat' dir='ltr'>sceleris</span> <span class='ocrx_word' id='word_1_399' title='bbox 829 2784 999 2821; x_wconf 89' lang='lat' dir='ltr'>conscio.</span> <span class='ocrx_word' id='word_1_400' title='bbox 1057 2783 1141 2821; x_wconf 91' lang='lat' dir='ltr'>Nos</span> <span class='ocrx_word' id='word_1_401' title='bbox 1184 2788 1312 2819; x_wconf 88' lang='lat' dir='ltr'>autern</span> <span class='ocrx_word' id='word_1_402' title='bbox 1345 2780 1473 2818; x_wconf 85' lang='lat' dir='ltr'>aiebat</span> <span class='ocrx_word' id='word_1_403' title='bbox 1502 2779 1574 2831; x_wconf 89' lang='lat' dir='ltr'>ipsi</span> <span class='ocrx_word' id='word_1_404' title='bbox 1607 2791 1698 2817; x_wconf 92' lang='lat' dir='ltr'>con-</span> 
     </span>
     <span class='ocr_line' id='line_1_44' title="bbox 252 2839 1700 2895; baseline -0.008 -7"><span class='ocrx_word' id='word_1_405' title='bbox 252 2850 442 2894; x_wconf 88' lang='lat' dir='ltr'>firmasse,</span> <span class='ocrx_word' id='word_1_406' title='bbox 463 2847 660 2886; x_wconf 88' lang='lat' dir='ltr'>decretum</span> <span class='ocrx_word' id='word_1_407' title='bbox 693 2859 717 2885; x_wconf 85' lang='lat' dir='ltr'>a</span> <span class='ocrx_word' id='word_1_408' title='bbox 748 2845 858 2884; x_wconf 90' lang='lat' dir='ltr'>nobis</span> <span class='ocrx_word' id='word_1_409' title='bbox 890 2858 988 2891; x_wconf 89' lang='lat' dir='ltr'>esse,</span> <span class='ocrx_word' id='word_1_410' title='bbox 1010 2853 1052 2882; x_wconf 88' lang='lat' dir='ltr'>ut</span> <span class='ocrx_word' id='word_1_411' title='bbox 1081 2857 1150 2895; x_wconf 91' lang='lat' dir='ltr'>pro</span> <span class='ocrx_word' id='word_1_412' title='bbox 1175 2850 1330 2882; x_wconf 89' lang='lat' dir='ltr'>centum</span> <span class='ocrx_word' id='word_1_413' title='bbox 1360 2841 1469 2879; x_wconf 87' lang='lat' dir='ltr'>minis</span> <span class='ocrx_word' id='word_1_414' title='bbox 1498 2842 1546 2879; x_wconf 87' lang='lat' dir='ltr'>ab</span> <span class='ocrx_word' id='word_1_415' title='bbox 1567 2839 1700 2877; x_wconf 79' lang='lat' dir='ltr'>aerario</span> 
     </span>
     <span class='ocr_line' id='line_1_45' title="bbox 252 2900 1702 2962; baseline -0.008 -13"><span class='ocrx_word' id='word_1_416' title='bbox 252 2909 444 2962; x_wconf 84' lang='lat' dir='ltr'>promissis</span> <span class='ocrx_word' id='word_1_417' title='bbox 480 2916 637 2947; x_wconf 88' lang='lat' dir='ltr'>centum</span> <span class='ocrx_word' id='word_1_418' title='bbox 672 2916 711 2947; x_wconf 90' lang='lat' dir='ltr'>et</span> <span class='ocrx_word' id='word_1_419' title='bbox 738 2907 868 2958; x_wconf 84' lang='lat' dir='ltr'>viginti</span> <span class='ocrx_word' id='word_1_420' title='bbox 906 2920 974 2945; x_wconf 90' lang='lat' dir='ltr'>nos</span> <span class='ocrx_word' id='word_1_421' title='bbox 1013 2907 1188 2944; x_wconf 81' lang='lat' dir='ltr'>daremus</span> <span class='ocrx_word' id='word_1_422' title='bbox 1225 2904 1347 2942; x_wconf 88' lang='lat' dir='ltr'>minas</span> <span class='ocrx_word' id='word_1_423' title='bbox 1367 2918 1376 2947; x_wconf 88' lang='lat'><strong>;</strong></span> <span class='ocrx_word' id='word_1_424' title='bbox 1424 2902 1639 2954; x_wconf 82' lang='lat' dir='ltr'>cupitisque</span> <span class='ocrx_word' id='word_1_425' title='bbox 1672 2900 1702 2938; x_wconf 87' lang='lat' dir='ltr'>si</span> 
     </span>
    </p>
   </div>
  </div>
 </body>
</html>
