1822 3219
433 120 654 170 CONTRA
686 117 1153 156 ERATOSTHENEM.
1468 115 1544 150 217

82 234 166 259 rum
194 233 249 268 se,
284 228 374 272 post
396 235 450 259 aes
475 229 630 273 pactum
659 221 697 259 in
724 233 861 258 manus
887 231 977 257 suas
1007 219 1156 264 datum,
1178 224 1222 276 ut
1251 230 1325 268 ego
1355 223 1481 255 tutum
1508 217 1545 254 in

83 282 210 320 locum
226 283 436 333 perductus
452 283 582 320 salvus
596 295 714 320 essem
733 294 834 332 3quo
848 281 952 318 facto
967 279 1003 317 in
1021 292 1161 323 oecum,
1178 279 1243 315 ubi
1260 291 1349 316 arca
1370 290 1546 316 numma-

81 342 137 380 ria
166 344 292 393 posita
324 351 421 388 erat,
456 344 656 393 ingressus
685 343 900 393 aperiebam
922 353 1074 379 arcam:
1104 340 1155 377 ibi
1177 340 1281 384 Piso,
1318 340 1488 378 sentiens
1509 347 1549 377 et

82 404 148 442 ubi
167 418 344 442 nummos
365 412 481 454 atque
513 405 698 454 reliquam
728 404 938 454 pretiosam
968 401 1249 453 supellectilem
1281 400 1475 447 haberem,
1509 408 1549 438 et

82 479 173 504 arca
193 473 327 516 aperta
342 465 521 503 facillime
540 465 711 515 praedam
730 465 843 502 simul
864 477 1014 502 omnem
1037 463 1174 514 corripi
1196 470 1234 500 et
1250 462 1400 499 aufferri
1419 476 1545 512 posse,

82 528 249 564 intrabat
269 528 350 576 ipse
370 539 537 576 quoque,
559 526 811 576 lustratisque
832 525 951 576 copiis
969 525 1223 576 praesentibus
1251 523 1461 569 inescatus,
1480 536 1549 574 par

81 587 311 626 famulorum
331 588 505 633 arcessit,
525 600 623 638 quos
644 601 770 625 arcam
792 601 880 625 cum
901 587 1005 624 intus
1034 586 1171 637 positis
1192 587 1413 635 absportare
1427 584 1547 636 jubet.

80 649 304 687 Aufferebat
334 649 396 687 ille
417 651 484 695 sic,
512 663 590 687 non
618 650 806 687 talentum
835 656 1061 699 argenteum
1083 648 1190 700 quod
1220 654 1357 698 pactus
1387 647 1548 693 fueram,

81 711 150 749 sed
183 711 257 749 tria
290 711 450 758 talenta,
475 712 646 763 judices,
675 725 761 750 cum
794 711 1089 762 quadringentis
1119 711 1319 763 Cyzicenis
1351 711 1478 748 aureis
1511 718 1550 747 et

80 781 239 812 centum
279 774 430 812 Daricis
469 782 507 812 et
545 775 694 825 phialas
733 783 936 825 argenteas
972 781 1158 825 quatuor:
1189 774 1308 820 unde,
1347 781 1391 810 ut
1421 772 1548 810 saltim

78 849 215 886 parum
243 836 337 886 quid
358 836 576 874 detractum
596 849 666 888 pro
688 836 826 874 viatico
847 836 937 873 mihi
958 836 1145 886 reliquum
1179 835 1337 880 faceret,
1368 834 1549 872 Pisonem

78 899 277 947 rogabamf
336 897 406 936 Ille
440 911 530 936 vero
563 911 626 936 me
659 898 908 943 admonebat,
944 898 1138 948 sapienter
1171 909 1232 934 me
1271 896 1480 941 facturum,
1519 896 1556 934 siv

79 958 208 996 nudus
235 959 448 998 vdiscedens
476 960 591 997 saluti
624 973 720 997 meae
746 960 1029 1011 prospicerem;
1059 959 1248 1010 ejusmodi
1277 959 1376 996 enim
1404 959 1550 997 instare

81 1027 269 1070 tempora,
284 1021 424 1071 quibus
444 1022 783 1071 congratulaturus
799 1022 889 1059 mihi
903 1035 1044 1068 essem,
1065 1021 1168 1071 quod
1186 1020 1361 1071 spiritum
1385 1021 1548 1066 salvum,

80 1081 234 1132 reliquis
254 1083 363 1119 bonis
384 1084 564 1120 omnibus
589 1083 754 1128 amissis,
775 1083 1038 1127 abstulissem,
1061 1083 1222 1134 ejusque
1244 1082 1311 1127 rei,
1331 1095 1401 1119 ceu
1419 1083 1549 1133 magni

78 1142 267 1189 beneficii,
307 1146 449 1195 gratias
488 1145 560 1196 ipsi
600 1158 725 1183 essem
773 1145 989 1182 habiturus.
1059 1145 1125 1181 Sic
1163 1144 1363 1181 exibamus
1403 1143 1548 1181 domo:

78 1217 209 1242 verum
234 1206 465 1243 exeuntibus
485 1207 611 1251 nobis,
636 1206 721 1257 ipso
747 1207 784 1243 in
806 1206 919 1251 ostio,
941 1205 1135 1243 Melobius
1153 1212 1192 1242 et
1213 1205 1458 1242 Mnesitheus
1480 1218 1547 1242 oc·

79 1266 297 1310 currebant,
329 1279 377 1303 ex
408 1267 561 1303 officina
583 1275 715 1304 nostra
734 1267 955 1312 redeuntes,
990 1275 1106 1317 atque
1126 1280 1203 1316 quo
1224 1266 1470 1304 tenderemus
1492 1266 1549 1303 in-

76 1327 351 1375 terrogabant:
385 1327 650 1377 respondebat
667 1328 770 1373 Piso,
793 1341 833 1365 se
855 1341 1005 1366 mecum
1026 1329 1075 1365 ad
1089 1328 1246 1365 fratrem
1267 1341 1390 1365 meum
1417 1328 1549 1379 [Pole-

75 1387 292 1436 marchum]
313 1389 564 1434 contendere,
579 1402 655 1439 quo
675 1402 755 1426 rem
771 1392 853 1438 ejus
872 1403 1027 1440 quoque
1043 1389 1267 1427 familiarem
1284 1390 1548 1439 perlustraret.

77 1448 133 1485 Ibi
154 1449 296 1486 Pisone
317 1449 406 1487 illuc
422 1450 474 1487 ire
489 1453 614 1498 jusso,
635 1464 694 1488 me
716 1464 845 1488 secum
865 1452 1084 1488 retinebant
1104 1459 1141 1488 et
1156 1464 1197 1488 se
1214 1452 1263 1488 ad
1280 1451 1546 1502 Damnippum

76 1517 211 1548 euntes
233 1512 406 1548 comitari
427 1511 629 1562 jubebant.
689 1513 845 1550 Interim
876 1512 982 1561 Piso,
1004 1513 1102 1550 clam
1127 1513 1163 1549 in
1185 1525 1297 1550 aures
1317 1525 1422 1550 meas
1444 1513 1547 1550 insu-

79 1584 248 1617 surrans,
280 1580 415 1609 auctor
434 1573 523 1609 mihi
546 1574 660 1611 fiebat
680 1581 723 1610 ut
741 1581 921 1622 ,tacerem
941 1580 980 1610 et
999 1575 1101 1611 bono
1121 1575 1249 1611 animo
1270 1588 1422 1617 essem;
1458 1587 1547 1612 nam

79 1646 120 1670 se
154 1633 245 1671 illuc
279 1647 433 1684 quoque
465 1642 669 1672 venturum
701 1649 801 1672 esse.
860 1635 989 1672 Delati
1014 1636 1120 1681 illuc,
1149 1636 1352 1686 Theognin
1388 1636 1549 1686 reperie-

77 1686 227 1739 bamus,
247 1696 308 1732 cui
328 1709 415 1733 cum
432 1709 490 1732 me
508 1696 760 1734 tradidissent
776 1697 947 1734 abibant.
981 1697 1092 1734 Hoc
1085 1710 1120 1733 in
1139 1697 1359 1734 discrimine
1380 1699 1547 1736 versanti

79 1754 171 1791 mihi
189 1756 311 1792 visum
331 1764 391 1793 est
412 1756 545 1793 salutis
559 1757 650 1807 fuga
665 1759 885 1808 quaeiendae
899 1759 1110 1808 periculum
1126 1759 1268 1803 facere,
1285 1767 1391 1797 certa
1404 1760 1547 1812 quippe

79 1822 118 1852 et
138 1816 343 1853 inevitabili
365 1825 470 1867 peste
492 1831 552 1855 ine
574 1828 794 1856 manentem
826 1827 1018 1857 manente.
1079 1821 1302 1872 Damnippo
1333 1820 1463 1870 itaque
1483 1827 1560 1859 ar?

79 1878 237 1922 cessito,
283 1878 549 1917 Familiaris
585 1880 669 1918 tibi
707 1895 818 1927 sum,
850 1882 1114 1934 Damnippe
1152 1884 1376 1934 (inquam),
1422 1893 1546 1921 tuam

78 1938 122 1975 in
153 1939 332 1976 domum
370 1941 473 1978 veni
511 1955 600 1979 non
635 1950 806 1994 sponte
843 1957 953 1989 mea,
990 1945 1052 1981 nil
1090 1945 1288 1995 deliqui,
1320 1946 1402 1983 sed
1434 1959 1546 1996 opes

77 2001 324 2038 meaeimihi
354 2010 529 2053 pestem
567 2004 815 2043 afferunts
851 2005 1032 2043 Praesta
1067 2014 1113 2044 tu
1144 2007 1434 2044 mihi'tantis
1455 2020 1545 2045 ma·

75 2061 132 2099 lis
163 2071 298 2113 septo
327 2071 574 2115 promptus
599 2072 645 2102 et
672 2066 843 2102 lubens
867 2067 1093 2117 quicquid
1125 2067 1168 2104 in
1200 2075 1243 2104 te
1273 2068 1375 2118 opis
1406 2075 1546 2118 atque

76 2123 331 2161 facultatis
360 2132 445 2169 est,
476 2139 567 2175 quo
590 2126 754 2164 salvus
776 2129 982 2166 evadam.
1039 2129 1265 2179 Recipiebat
1285 2130 1442 2180 quidem
1464 2130 1545 2168 Da-

77 2185 255 2235 mnippus
283 2186 503 2223 facturum:
534 2188 748 2226 consultius
785 2197 913 2226 tamen
935 2189 1035 2226 idem
1072 2190 1142 2227 sibi
1168 2190 1287 2227 videri
1309 2190 1545 2229 admonebat

75 2260 162 2283 cum
191 2246 417 2298 Theognide
439 2261 592 2299 quoque
616 2263 692 2286 rem
715 2250 1007 2296 communicari,
1029 2264 1144 2301 quem
1171 2251 1420 2293 existimaret,
1449 2252 1544 2290 lucri

76 2321 143 2358 spe
177 2316 350 2353 ostensa,
375 2309 467 2346 nihil
495 2323 570 2347 non
606 2311 856 2350 indulturum.
917 2313 1089 2357 Interim,
1124 2313 1347 2363 Damnippo
1376 2314 1431 2350 sic
1452 2327 1542 2351 cum

77 2369 306 2420 Theognide
327 2384 523 2409 sermones
545 2373 783 2419 conferente,
812 2374 917 2411 venit
946 2375 983 2411 in
1013 2382 1182 2412 mentem
1204 2376 1299 2425 fuga
1318 2388 1377 2412 me
1399 2376 1543 2413 subdu-

75 2431 384 2481 cere—peritus
417 2444 521 2469 eram
549 2432 703 2479 domus,
733 2447 945 2485 notamque
983 2436 1083 2473 binis
1113 2436 1292 2486 utrinque
1318 2437 1462 2473 foribus
1489 2437 1543 2474 in-

77 2499 272 2538 structam,
301 2494 430 2531 antica
458 2501 497 2531 et
527 2495 679 2545 postica
693 2518 757 2540 —‚
789 2496 1035 2547 animumque
1057 2497 1111 2534 sic
1131 2498 1372 2543 induxeram,
1399 2497 1540 2534 alteru-

78 2559 176 2589 trum
195 2556 412 2592 necessario
433 2568 520 2592 esse
541 2563 784 2603 eventurum,
803 2565 848 2595 ut
867 2566 1032 2595 conatus
1059 2558 1122 2596 hic
1140 2558 1331 2596 evadendi
1365 2565 1431 2595 aut
1451 2571 1540 2607 pro-

80 2624 188 2662 spere
221 2616 448 2654 succederet
476 2625 542 2654 aut
568 2618 719 2655 minus:
751 2617 856 2669 quod
891 2619 921 2656 si
956 2632 1047 2670 ergo
1081 2632 1104 2657 a
1129 2619 1282 2656 nemine
1313 2619 1538 2657 observatus

79 2686 206 2723 neque
235 2675 440 2726 impeditus
468 2679 655 2725 elaberer,
687 2693 749 2717 me
770 2681 934 2731 potitum
955 2680 1036 2718 fore
1071 2688 1225 2730 sperata
1255 2686 1370 2729 atque
1405 2688 1540 2730 optata

79 2734 225 2778 salute:
258 2738 317 2774 sin
344 2747 471 2777 autem
493 2741 758 2792 deprehensus
785 2755 805 2779 e
840 2742 932 2792 suga
954 2741 1177 2786 retraherer,
1212 2754 1259 2778 ne
1293 2742 1348 2779 sic
1379 2742 1535 2792 quidem

78 2808 186 2846 spem
205 2796 338 2835 salutis
358 2812 507 2838 omnem
528 2802 731 2847 occidisse,
748 2802 779 2840 si
802 2803 1048 2853 Damnippus
1065 2801 1282 2852 Theognidi
1303 2804 1480 2854 precibus
1500 2812 1540 2842 et

75 2856 167 2895 lucri
183 2871 250 2908 spe
264 2865 420 2898 ostensa
431 2862 665 2912 persuadere
679 2871 827 2914 posset,
843 2872 885 2901 ut
903 2863 1081 2901 elabendi
1104 2863 1252 2902 veniam
1269 2864 1359 2902 mihi
1372 2866 1536 2903 nummis

758 2926 782 2960 2
812 2935 835 2960 ι·
