1822 3219
188 148 237 184 58
729 136 1101 176 ANTlPHONTlS

190 253 268 282 tum
290 247 372 280 erat
391 241 442 279 nil
463 246 624 287 mutato,
646 240 683 278 in
704 240 778 279 illis
800 239 890 291 ipsis
911 238 1072 277 turbidis
1093 236 1341 288 temporibus,
1364 241 1409 279 at,
1423 236 1538 273 rebus
1557 233 1648 272 item

191 316 299 343 suam
331 315 423 354 ergo
454 314 522 340 vos
551 301 749 352 pristinam
782 300 1046 338 demonstrare
1082 298 1323 337 voluntatem
1354 295 1460 334 haud
1492 295 1652 333 licebat.

192 364 341 402 Mansit
359 362 514 414 quidem
534 362 571 400 in
591 363 754 400 obsessa
773 361 940 407 civitate,
969 367 1010 399 at
1027 359 1118 411 quid
1139 357 1312 398 faceret?
1341 356 1528 396 excedere
1547 356 1652 394 illinc

190 437 326 477 parum
346 423 486 462 fuisset
501 422 684 474 prudens,
704 429 743 460 et
756 428 943 473 praeterea
959 433 1008 459 ne
1024 433 1120 472 opus
1136 420 1288 470 quidem
1305 425 1410 461 erat;
1443 416 1536 455 satis
1550 416 1652 454 enim

193 486 313 524 multa
332 497 450 537 penes
471 497 540 522 vos
560 483 759 522 habebatis
780 483 941 535 pignora
956 482 1137 527 caritatis,
1151 481 1290 519 liberos
1305 483 1388 528 eJus
1402 485 1520 529 atque
1533 476 1656 515 facul-

194 553 308 592 tates,
337 553 394 593 ut,
423 547 454 583 si
488 546 547 583 vel
579 545 762 584 voluisset
795 557 948 595 quoque
982 557 1004 582 a
1031 543 1138 582 vobis
1176 543 1355 588 deficere,
1387 553 1433 579 ne
1463 539 1657 592 potuisset

194 609 376 660 quidem:
406 608 507 645 hanc
528 607 655 657 itaque
684 620 793 645 suam
813 619 906 656 erga
924 618 992 643 vos
1014 611 1180 643 mentem
1205 605 1371 655 jactare,
1391 603 1516 640 donec
1538 599 1661 651 Mity-

195 670 292 708 lenis
312 670 511 715 manebat,
534 675 714 719 negatum
738 670 771 706 ei
791 675 888 706 erat.
947 667 1000 704 Ut
1016 674 1144 704 autem
1166 678 1248 710 vos,
1268 664 1413 716 punitis
1429 662 1658 702 defectionis

197 730 428 774 auctoribus,
449 729 487 766 in
510 730 647 779 quibus
670 736 815 780 patrem
833 741 909 766 non
926 728 1045 764 fuisse
1061 727 1158 764 inter
1172 739 1305 764 omnes
1320 732 1487 770 constat,
1501 723 1658 774 reliquis

198 789 432 840 Mitylenaeis
462 789 614 840 copiam
642 790 786 828 fecistis
816 790 852 826 in
872 789 996 839 patrio
1016 788 1100 826 solo
1120 787 1302 826 manendi
1331 788 1370 824 in
1400 798 1524 836 eoque
1543 797 1659 823 exco-

197 850 315 888 lendo
333 849 619 900 perseverandi,
638 850 731 887 nihil
751 862 906 900 prorsus
927 855 988 886 est
1013 848 1261 898 postmodum
1281 860 1303 886 a
1323 854 1431 898 patre
1451 859 1538 884 meo
1557 857 1660 883 erra-

198 918 294 956 tum,
314 911 421 948 nulla
451 917 509 948 est
539 922 627 959 pars
646 902 760 948 officii
785 910 823 947 in
853 922 931 959 qua
959 909 1208 958 exsequenda
1237 909 1354 946 fidem
1377 908 1662 956 navitatemque

199 985 308 1010 suam
327 983 466 1021 passus
486 977 589 1007 esset
617 970 839 1014 desiderari,
859 969 953 1006 nulli
983 969 1106 1006 defuit
1133 969 1279 1006 muneri
1301 968 1378 1005 sive
1398 967 1563 1005 Athenis
1581 967 1662 1004 sive

202 1031 406 1081 Mitylenae
438 1030 606 1075 edendo,
638 1030 705 1067 sed
739 1036 779 1068 et
809 1029 1080 1079 choregatibus
1115 1030 1321 1068 defunctus
1355 1035 1416 1067 est
1447 1035 1489 1066 et
1512 1029 1665 1066 ‘tributa

203 1092 399 1142 dependit.
456 1090 574 1132 Quod
604 1097 732 1128 autem
762 1090 867 1141 apud
892 1090 1032 1127 AEnum
1063 1097 1168 1128 amat
1194 1096 1345 1128 aetatem
1375 1090 1531 1141 degere,
1561 1090 1665 1127 urbis

203 1153 362 1190 caritate
382 1157 536 1202 captus,
558 1151 650 1189 facit
670 1151 758 1197 hoc,
778 1163 854 1188 non
870 1163 947 1201 quo
966 1150 1138 1201 defugiat
1153 1156 1302 1202 partem
1316 1150 1436 1188 ullam
1452 1150 1665 1188 officiorum

206 1226 229 1251 a
247 1226 287 1251 se
305 1212 401 1263 reip.
431 1212 673 1256 debitorum;
704 1224 828 1262 neque
857 1223 934 1261 quo
963 1210 1130 1248 civitatis
1161 1210 1258 1249 alius
1289 1211 1382 1249 civis
1409 1210 1518 1248 malit
1549 1221 1667 1261 quam

205 1279 330 1312 vester
350 1271 535 1323 appellari
554 1278 593 1310 et
610 1271 756 1317 haberi,
775 1283 995 1322 quanquam
1011 1270 1105 1309 alios
1124 1272 1222 1309 bene
1237 1271 1381 1309 multos
1396 1271 1510 1309 video
1528 1269 1667 1309 civium

206 1340 434 1379 vestrorum,
449 1333 585 1371 relicta
603 1334 712 1379 urbe,
724 1345 802 1370 non
817 1332 934 1370 modo
949 1333 988 1370 in
1005 1332 1239 1370 Continente
1257 1332 1388 1382 [Asia]
1405 1331 1668 1376 considentes,

207 1395 275 1434 sed
296 1394 346 1433 ad
365 1395 470 1445 ipsos
500 1394 598 1432 adeo
616 1407 769 1445 quoque
794 1401 941 1431 vestros
973 1393 1107 1431 hostes
1137 1393 1456 1444 transmigrantes
1476 1393 1670 1443 sedesque

208 1456 444 1493 fortunarum
479 1455 764 1494 suarum.iuter
793 1467 858 1492 eos
891 1455 1056 1505 figentes
1087 1455 1380 1505 actionibusque
1410 1452 1672 1492 mercatilibus

210 1516 314 1554 cives
333 1522 481 1553 vestros
501 1522 710 1560 vexantes3
741 1528 868 1566 neque
893 1515 997 1565 quod
1024 1527 1112 1553 eum
1130 1515 1246 1554 vestri
1266 1515 1460 1566 regiminis
1478 1514 1673 1567 popularis

210 1576 394 1626 poeniteat
412 1583 529 1627 atque
549 1576 706 1622 taedeat,
727 1576 795 1614 sed
815 1576 904 1614 odio
924 1576 1138 1614 delatorum
1157 1589 1254 1626 quos
1272 1576 1426 1628 ipsimet
1445 1588 1514 1614 vos
1532 1575 1675 1626 pariter

211 1636 363 1674 odistis.
420 1637 519 1680 Quae
549 1649 641 1688 ergo
665 1642 773 1688 pater
802 1650 880 1675 una
911 1650 1000 1675 cum
1029 1643 1111 1675 tota
1140 1637 1491 1688 [Mitylenaeorum]
1519 1636 1674 1674 civitate

213 1703 370 1734 coactus
400 1697 524 1747 magis
550 1710 666 1748 quam
693 1697 889 1736 voluntate
919 1710 988 1735 sua
1017 1698 1191 1748 deliquit,
1221 1711 1354 1736 eorum
1382 1710 1518 1749 poenas
1546 1698 1675 1748 ipsum

213 1758 389 1809 privatim
419 1757 510 1796 dare
546 1771 699 1809 aequum
730 1771 806 1797 non
841 1765 912 1797 est.
988 1759 1059 1797 Sat
1090 1771 1251 1811 magnas
1283 1761 1364 1811 jam
1399 1758 1507 1797 dedit
1543 1772 1674 1797 eorum

215 1830 352 1868 poenas
380 1831 458 1857 una
486 1832 573 1857 cum
602 1827 685 1857 tota
713 1820 876 1857 civitate.
946 1820 1153 1870 Nunquam
1179 1820 1414 1870 Mitylenaeis
1445 1833 1465 1858 e
1492 1821 1678 1858 memoria

217 1879 370 1916 excidet
398 1891 500 1916 error
529 1880 709 1929 ipsorum,
730 1886 770 1916 et
803 1892 851 1916 ex
880 1879 946 1916 illo
976 1886 1177 1917 contracta
1207 1879 1353 1924 clades,
1384 1881 1447 1931 qui
1480 1881 1676 1932 ingentem

215 1939 413 1990 pristinam
433 1939 725 1989 amplitudinem
746 1952 853 1977 suam
873 1941 1104 1990 beatamque
1124 1941 1383 1978 conditionem
1407 1953 1492 1979 cum
1509 1949 1680 1981 extrema

217 2007 332 2049 atque
353 1999 561 2037 miserrima
585 2000 803 2038 infelicitate
823 2001 1094 2039 commutarint
1123 2003 1360 2052 patriamque
1379 2003 1540 2040 viderint
1565 2003 1680 2041 deso-

217 2061 350 2098 latam.
407 2062 505 2102 Quae
526 2066 654 2098 autem
675 2061 881 2098 adversarii
900 2062 1106 2112 patri‘meo
1127 2063 1300 2113 privatim
1323 2063 1413 2101 vitio
1433 2063 1540 2108 dant,
1560 2065 1679 2103 nolite

220 2134 367 2171 quaeso,
388 2121 556 2171 judices,
586 2134 632 2159 ea
652 2134 743 2159 vera
760 2134 845 2160 esse
866 2123 1056 2161 aientibus
1083 2124 1263 2162 credere:
1296 2125 1459 2162 nummis
1477 2125 1574 2162 enim
1603 2138 1681 2175 quo

220 2194 526 2231 emungeremur,
545 2183 593 2219 ab
621 2183 795 2232 improbo
816 2183 993 2221 sodalitio
1013 2191 1096 2222 tota
1118 2184 1202 2222 haec
1223 2184 1398 2222 machina
1426 2185 1463 2222 in
1485 2197 1622 2235 meque
1642 2187 1680 2223 in

221 2254 386 2290 eumque
405 2249 627 2292 comparata
644 2250 716 2280 est.
775 2243 826 2280 Et
843 2243 964 2281 multa
978 2244 1040 2282 hic
1055 2253 1289 2284 concurrunt
1303 2246 1553 2297 cupiditatem
1569 2249 1681 2286 bonis

223 2302 357 2339 alienis
385 2301 614 2340 inhiantium
640 2303 905 2341 secundantia.
964 2305 1088 2343 Senex
1118 2305 1181 2344 ille
1211 2319 1298 2344 cum
1331 2307 1392 2353 sit,
1425 2315 1567 2358 praesto
1591 2310 1682 2347 mihi

223 2362 354 2411 nequit
373 2374 482 2405 esse;
516 2375 590 2413 ego
606 2374 696 2401 vero
709 2364 839 2415 junior
855 2377 939 2402 sum
955 2366 1158 2417 rudiorque
1177 2380 1290 2418 quam
1308 2375 1352 2406 ut
1370 2369 1452 2419 ipse
1467 2382 1528 2408 me
1547 2370 1680 2408 defen-
1738 2396 1742 2399 -

225 2423 314 2460 dere
334 2435 516 2473 measque
546 2424 703 2474 injurias
722 2425 853 2464 ulcisci
884 2439 1036 2477 queam.
1093 2429 1222 2470 Quare
1241 2442 1312 2467 vos
1341 2430 1431 2468 mihi
1460 2431 1682 2477 succurrite,

224 2495 349 2535 neque
369 2483 505 2521 docete
527 2486 785 2535 sycophantas
816 2487 921 2537 ipsos
940 2488 1026 2538 plus
1047 2501 1163 2540 posse
1187 2502 1301 2540 quam
1322 2498 1492 2530 vosmet:
1518 2492 1558 2544 id
1577 2493 1682 2543 quod

225 2551 330 2581 certo
348 2544 512 2591 eveniat,
543 2546 574 2582 si
596 2558 706 2584 secus
732 2547 804 2584 hac
834 2547 872 2584 in
893 2560 1012 2586 causa
1033 2549 1231 2599 judicetis.
1290 2550 1392 2587 Nam
1413 2551 1443 2588 si
1465 2551 1514 2589 ad
1534 2565 1604 2590 vos
1624 2553 1682 2589 in·

226 2617 382 2654 gressos
401 2617 467 2643 eos
487 2607 620 2645 sinatis
645 2619 760 2658 agere
778 2620 1019 2658 quaecunque
1041 2610 1157 2648 velint
1173 2611 1314 2656 omnia,
1342 2612 1500 2663 planum
1520 2614 1683 2660 faciatis,

226 2665 361 2702 horum
382 2667 544 2716 gratiam
569 2680 654 2705 reos
674 2667 775 2705 omni
805 2669 933 2706 studio
952 2671 1130 2721 omnique
1151 2679 1231 2710 arte
1257 2671 1397 2710 debere
1428 2673 1498 2710 sibi
1517 2675 1684 2713 obstrin⁴

228 2737 330 2774 gere,
349 2733 488 2764 vestrae
508 2727 639 2781 plebis
670 2729 937 2768 auctoritatem
961 2744 1049 2770 vero
1082 2733 1236 2783 impune
1266 2746 1378 2784 posse
1408 2742 1681 2776 contemnere:

228 2784 285 2821 sin
305 2792 432 2823 autem
453 2788 632 2838 ingressis
657 2790 707 2827 ad
729 2802 795 2828 vos
816 2792 1063 2842 sycophantis
1092 2793 1331 2844 significetiS,
1351 2807 1418 2834 eos
1436 2797 1543 2835 vobis
1565 2794 1683 2836 videri

229 2845 404 2884 homines
438 2848 603 2887 audaces
636 2858 752 2901 atque
782 2853 1066 2890 consceleratos
1096 2866 1193 2899 esse,
1221 2854 1456 2907 consiliaque
1482 2871 1611 2896 eorum
1644 2866 1683 2896 et
