1822 3219
203 176 273 214 los
769 174 1073 212 ANDOCIDIS

195 275 391 313 mulierem
407 274 508 312 illam
521 280 823 320 controversam,
833 285 978 314 arresto
993 277 1100 327 quasi
1113 276 1270 322 indicto,
1280 276 1367 314 mihi
1378 277 1653 324 devinciebam‚

195 344 237 373 ut
254 337 302 373 ab
322 335 397 372 alio
414 335 611 386 quopiam,
640 343 731 374 ante
751 336 826 374 litis
846 349 940 374 meoe
961 338 1237 383 definitionem,
1269 350 1394 388 neque
1412 338 1507 389 peti,
1527 351 1655 389 neque

196 399 388 449 impetrari
407 398 553 449 posset]
568 412 578 442 ;
610 411 688 449 quo
707 398 810 436 facto
826 399 1018 436 actionem
1034 412 1193 437 exorsus
1209 412 1308 446 sum,
1323 399 1482 450 primam
1498 400 1655 451 quidem

193 460 377 498 adversus
399 459 603 511 Leagrum,
625 459 687 498 cui
708 459 966 498 conditionem
988 459 1088 498 banc
1108 460 1341 505 deferebam,
1375 467 1421 497 tu
1451 461 1654 511 quidem,

197 521 372 572 Leager
391 521 599 571 (inquam),
621 521 658 557 si
683 520 861 558 domum
880 520 1056 559 ducere
1074 521 1284 572 puellam
1306 522 1387 566 νίς,
1416 521 1533 560 habe
1552 522 1655 568 tibi,

194 583 317 632 quod
351 584 466 620 bene
495 581 781 626 tibivertat;
821 581 891 619 sin
913 589 1067 620 autem
1101 591 1145 620 tu
1169 584 1272 635 ejus
1302 584 1434 621 nullo
1465 583 1656 622 duceris

195 644 449 689 desiderio,
483 650 577 681 tum
611 657 697 694 ego
733 655 831 681 eam
864 643 938 681 aio
978 656 1118 681 meam
1155 657 1257 684 esse
1292 646 1581 698 postuloque
1613 646 1656 684 vi

186 705 312 756 juris
337 717 434 742 eam
462 705 518 743 ab
540 705 784 743 Archonte
813 704 921 742 mihi
950 704 1228 756 adjudicari.
1287 707 1431 746 Callias
1451 714 1656 752 autem,eo

195 773 404 817 comperto,
416 766 604 804 actionem
615 765 802 804 adversus
814 779 874 804 me
887 767 1103 818 capessivit,
1112 774 1151 805 et
1163 767 1332 805 libellum
1344 769 1655 819 protestatorium

194 829 381 867 Archonti
405 828 590 872 exhibuit,
609 841 684 879 quo
705 829 957 873 confirmavit,
978 829 1163 880 virginem
1183 828 1379 876 heredem,
1400 829 1449 867 de
1467 843 1545 881 qua
1562 843 1655 868 con·

194 889 381 927 troversia
399 896 594 927 commota
613 895 729 934 esset,
751 890 790 927 in
806 890 895 940 jure
917 888 982 926 filii
1003 890 1061 926 sui
1080 902 1165 927 esse
1182 903 1191 926 :
1223 889 1314 927 fecit
1333 889 1405 928 hoc
1425 890 1487 927 die
1507 890 1658 930 decima

193 951 338 989 mensis
369 951 693 1001 [Boedromionis]
723 964 800 1001 quo
831 951 902 1002 [ob
923 951 1108 989 instantes
1129 951 1211 989 dies
1239 951 1360 989 festos
1389 953 1655 1002 mysteriorum

192 1011 496 1061 Eleusiniomm]
516 1025 590 1062 ego
609 1013 732 1050 minus
748 1025 901 1063 possem
919 1013 1024 1050 litem
1043 1013 1234 1063 persequi,
1251 1018 1290 1050 et
1304 1014 1655 1063 pronuntiationem

190 1072 393 1110 sententiae
413 1085 561 1122 urgere,
581 1086 660 1122 qua
689 1073 817 1123 puella
835 1073 926 1110 mihi
948 1073 1248 1121 adjudicaretur.
1305 1075 1380 1112 Die
1400 1074 1587 1124 vigesimo
1615 1082 1656 1113 et

190 1134 372 1183 proximis
392 1134 699 1184 insequentibus,
729 1133 952 1171 tenentibus
972 1133 1178 1185 mysteriis,
1208 1147 1276 1185 per
1297 1134 1519 1186 Cephisium
1539 1135 1655 1182 hunc,

192 1194 295 1232 mille
314 1194 585 1234 drachmarum
617 1194 792 1233 mercede
813 1195 1069 1246 redemptum,
1098 1195 1211 1233 titulo
1239 1195 1482 1235 iudicationis
1507 1209 1567 1234 me
1587 1197 1655 1235 de-

192 1255 291 1299 tulit,
314 1264 353 1294 et
371 1257 407 1294 in
420 1256 494 1294 hoc
514 1255 619 1306 quod
636 1269 741 1294 nunc
760 1256 914 1294 decerto
930 1264 1125 1295 certamen
1140 1258 1319 1308 conjecit.
1379 1258 1431 1296 Ut
1449 1264 1578 1297 autem
1593 1271 1656 1297 me

191 1316 350 1355 videbat
369 1318 406 1355 in
426 1319 520 1355 urbe
540 1325 761 1355 manentem
783 1325 823 1355 et
841 1330 968 1369 neque
990 1318 1104 1369 hujus
1119 1318 1258 1370 judicii
1284 1319 1511 1370 pericnlum,
1530 1333 1657 1371 neque

191 1386 356 1417 terrores
386 1393 480 1417 suos
498 1380 772 1430 defugientem‚
801 1379 1021 1431 deponebat
1039 1381 1119 1431 ipse
1140 1381 1176 1418 in
1196 1394 1262 1419 ara
1292 1381 1477 1419 Eleusinii
1506 1394 1655 1420 ramum

191 1440 297 1478 illurn
328 1441 655 1492 supplicatorium,
686 1454 762 1491 quo
782 1453 841 1478 me
867 1449 936 1479 aut
966 1441 1114 1480 indicta
1143 1455 1261 1480 causa
1280 1443 1330 1480 de
1359 1443 1485 1481 medio
1504 1443 1658 1481 tolleret

191 1507 258 1538 aut
271 1508 376 1539 certe
390 1502 513 1552 patria
524 1502 745 1552 expelleret,
759 1502 840 1552 ipse
855 1502 1165 1554 autem,Leagro
1177 1504 1344 1541 nummis
1357 1504 1528 1554 placato,
1542 1504 1658 1543 filiam

192 1560 343 1613 Epilyci
373 1563 475 1600 domi
496 1575 654 1600 uxorem
682 1562 854 1601 haberet.
912 1562 1062 1601 Videns
1092 1571 1236 1610 autem,
1257 1578 1306 1601 ne
1335 1565 1389 1602 sic
1409 1565 1565 1615 quidem
1585 1566 1658 1604 sibi

190 1635 270 1660 rem
290 1624 372 1661 sine
392 1635 534 1674 magno
552 1622 764 1661 certamine
784 1636 1066 1669 successuram,
1091 1624 1347 1674 Lysistratum
1373 1626 1504 1665 adibat
1524 1627 1656 1679 Hege-

190 1697 422 1735 monemque
436 1691 474 1722 et
489 1684 733 1734 Epicharem‚
750 1696 913 1722 cernens
933 1697 1000 1722 eos
1016 1684 1107 1722 mihi
1129 1686 1274 1723 amicos
1291 1693 1328 1723 et
1346 1699 1407 1725 me
1422 1687 1660 1728 familiariter

190 1753 368 1785 utentes:
400 1746 450 1784 ad
481 1745 552 1783 hos
581 1745 819 1790 declarabat,
838 1745 966 1783 videte
987 1758 1102 1796 quam
1129 1746 1353 1796 pudendam
1375 1748 1425 1786 ad
1454 1749 1660 1788 audaciam

187 1807 398 1859 legumque
416 1814 681 1858 contemptum
695 1805 841 1845 Callias
859 1807 1107 1858 processerit,
1125 1807 1251 1846 adhuc
1269 1808 1300 1846 si
1320 1808 1432 1846 velim
1444 1810 1493 1848 ab
1506 1810 1657 1863 Epilyci

189 1869 271 1909 filia
283 1870 484 1915 desistere,
500 1881 541 1907 se
555 1881 709 1919 quoque
724 1869 839 1906 finem
852 1868 925 1906 mei
940 1868 1106 1906 vexandi
1119 1868 1248 1908 facere
1262 1869 1374 1916 velle,
1391 1870 1654 1923 Cephisioque

190 1931 386 1969 silentium
405 1943 492 1968 esse
511 1930 791 1981 impositurum,
808 1936 848 1967 et
866 1929 1064 1969 luitionem
1084 1930 1307 1982 injuriarum
1326 1931 1418 1969 mihi
1438 1932 1657 1971 oblatarum

193 1992 348 2030 arbitrio
376 1992 588 2030 amicorum
616 1991 859 2030 delectorum
886 2004 970 2029 esse
997 1992 1288 2043 permissurum.
1346 1992 1433 2044 Ego
1459 2006 1551 2033 vero
1568 1994 1658 2043 illis,

193 2065 294 2104 quos
312 2052 361 2091 ad
375 2065 436 2091 me
451 2052 653 2104 allegaret,
665 2051 859 2098 mandavi,
875 2059 921 2091 ut
938 2053 1011 2104 ipsi
1027 2065 1113 2091 meo
1129 2054 1285 2091 nomine
1300 2055 1579 2103 renuntiarent,
1595 2069 1657 2096 me

194 2122 394 2154 auctorem
421 2115 493 2167 ipsi
523 2127 623 2163 esse,
647 2121 692 2153 ut
716 2122 757 2153 et
781 2115 1068 2154 accusationem
1095 2123 1406 2167 prosequeretur,
1427 2125 1466 2155 et
1484 2131 1605 2157 novos
1625 2119 1658 2157 si

194 2190 290 2228 quos
312 2183 446 2228 posset
464 2177 582 2215 veluti
599 2189 716 2216 canes
737 2177 827 2215 mihi
847 2177 1092 2216 immitteret:
1124 2190 1256 2215 verum
1272 2179 1387 2228 probe
1407 2179 1656 2225 meminisset,

195 2238 227 2275 si
246 2238 329 2287 fiat,
349 2244 391 2275 ut
410 2251 483 2288 ego
502 2251 550 2276 ex
567 2238 640 2276 hoc
663 2238 800 2289 judicii
821 2238 1043 2276 discrimine
1062 2237 1191 2276 salvus
1212 2238 1387 2283 evadam,
1407 2252 1476 2290 per
1495 2240 1658 2291 aequita-

193 2306 271 2337 tem
292 2299 590 2337 Atheniensium
612 2312 701 2336 vera
728 2306 766 2336 et
786 2306 890 2337 recta
910 2299 1262 2349 pronunciantium‚
1284 2300 1397 2337 facile
1425 2300 1531 2339 factu
1557 2314 1657 2347 esse,

192 2373 280 2400 mea
299 2361 455 2411 quidem
477 2359 684 2405 sententia,
704 2367 747 2397 ut
777 2361 857 2411 ipse
884 2373 1016 2398 rursus
1038 2373 1105 2411 pro
1131 2367 1235 2410 parte
1256 2373 1325 2398 sua
1344 2361 1440 2397 virili
1461 2362 1509 2399 de
1529 2362 1658 2413 capite

192 2422 406 2461 amittendo
435 2435 503 2472 per
522 2435 583 2460 me
613 2421 859 2472 periclitetur.
918 2422 968 2460 Et
995 2423 1166 2474 profecto
1199 2422 1302 2460 haud
1334 2425 1584 2470 committam,
1615 2433 1658 2463 ut

191 2483 311 2522 falsus
341 2484 412 2535 ipsi
440 2490 546 2521 vates
575 2483 728 2530 fuerim,
751 2483 820 2522 nisi
847 2483 878 2521 si
900 2496 983 2530 vos,
1002 2483 1171 2535 judiceS,
1194 2484 1498 2525 intercesseritiS.
1556 2485 1659 2524 Vera

192 2552 322 2584 autern
341 2545 426 2584 haec
447 2557 470 2583 a
490 2557 550 2582 me
569 2544 659 2590 dici,
681 2554 724 2583 ut
744 2546 852 2583 vobis
872 2551 1040 2592 constet,
1061 2545 1139 2583 cita
1161 2552 1202 2582 tu
1224 2544 1317 2582 mihi
1337 2552 1469 2583 testes.

812 2647 1025 2684 TESTES.

244 2727 308 2763 21.
340 2725 415 2763 Sed
443 2731 482 2763 et
508 2725 569 2763 hic
591 2725 703 2770 filius,
724 2737 839 2774 quem
860 2724 1006 2762 Callias
1035 2725 1271 2771 subornavit,
1299 2732 1341 2762 ut
1369 2737 1483 2775 super
1505 2724 1656 2777 Epilyci

190 2786 280 2831 filia,
296 2794 482 2837 tanquam
499 2787 557 2825 sni
572 2787 669 2838 juris
686 2786 829 2837 puella,
845 2798 997 2823 mecum
1015 2786 1051 2823 in
1065 2787 1213 2837 judicio
1230 2787 1496 2832 contenderet,
1511 2787 1655 2834 videte,

188 2848 272 2891 viri,
293 2848 400 2898 cujas
422 2848 483 2895 sit,
503 2857 542 2886 et
562 2861 640 2899 qua
660 2861 753 2887 usus
768 2847 929 2898 origine,
950 2854 989 2885 et
1009 2860 1087 2897 quo
1106 2855 1219 2898 pacto
1240 2862 1262 2886 a
1278 2849 1403 2886 Callia
1421 2848 1654 2900 adoptatus:
1690 2852 1696 2856 '

192 2909 305 2947 refert
338 2910 439 2946 enim
471 2924 540 2948 vos
576 2911 658 2949 liaec
698 2917 838 2949 tenere.
913 2908 1057 2948 Callias
1092 2909 1337 2948 Ischomachi
1375 2910 1460 2949 filiae
1493 2909 1651 2948 domum
