1822 3219
626 158 972 197 TETRALOGIA
1001 159 1052 197 ΙΙ.
1511 161 1559 195 27

130 264 196 310 vit,
221 276 298 314 quo
315 262 435 302 fidens
454 264 514 302 hic
534 276 592 302 me
611 277 714 302 reum
734 264 825 314 agit.
880 264 902 302 J
909 276 952 301 us
970 263 1060 314 quid
1086 263 1230 301 edicit?
1260 264 1393 314 Neque
1408 277 1474 314 per
1492 264 1562 312 fas,

128 337 250 376 neque
280 338 346 376 per
365 324 486 371 nefas,
505 325 542 362 h.
562 338 594 363 e.
616 325 720 362 nullo
739 331 865 375 pacto,
886 324 990 362 nullo
1011 330 1208 375 praetextu,
1235 337 1459 375 quocunque
1479 331 1562 363 tan-

127 385 228 431 dem,
248 399 477 438 quemquam
507 386 641 424 occidi.
697 385 813 436 Atqui
837 386 935 423 filius
955 399 1060 423 meus
1078 386 1150 422 hac
1177 385 1263 434 lege
1284 399 1358 422 non
1387 393 1562 430 tenetur;

126 459 276 496 prorsus
296 448 394 485 enim
415 460 489 485 nou
510 447 658 491 occidit,
674 460 799 497 neque
817 447 999 490 volenter,
1016 460 1138 497 neque
1152 454 1287 498 praeter
1302 447 1534 486 voluntatem
1550 462 1559 492 ;

127 519 230 545 error
255 508 354 545 enim
382 507 563 558 perempti
587 507 705 544 filium
737 521 859 545 meum
887 508 1003 559 ipsius
1033 509 1130 546 adeo
1158 509 1418 546 involuntariae
1445 510 1562 547 caedis

128 567 283 605 crimine
304 567 490 609 absolvit;
520 574 558 605 et
575 575 772 606 accusator
791 569 872 620 ipse
905 576 1020 619 negat
1039 583 1127 607 eum
1146 569 1290 607 caedem
1311 569 1563 608 voluntariam

128 628 387 670 commisisse;
418 627 614 666 absolutus
644 629 773 680 itaque
792 630 1016 668 adolescens
1044 630 1238 681 utriusque
1258 631 1375 668 caedis
1396 631 1563 679 crimine,

127 689 214 740 lege
232 689 297 726 illa
315 701 391 726 non
411 695 573 726 tenetur.
630 689 790 727 Planum
812 690 866 728 sic
884 690 969 736 feci,
988 697 1026 729 et
1045 704 1065 728 e
1085 691 1138 728 rei
1158 697 1277 741 gestae
1297 691 1465 737 veritate,
1486 699 1524 728 et
1543 705 1563 729 e

128 749 225 800 legis
244 748 406 787 formula
424 749 521 786 illius
548 750 654 800 cujus
675 751 830 788 obtentu
851 751 903 788 rei
928 765 1028 789 nunc
1049 752 1209 802 agimur,
1242 751 1356 802 culpa
1373 765 1442 789 nos
1463 753 1566 790 omni

127 823 275 858 vacare,
293 811 455 861 ideoque
471 823 620 861 poenam
635 824 719 850 esse
732 811 874 850 nullam
887 813 1054 850 meritos.
1111 813 1188 850 Sed
1203 819 1241 850 et
1255 813 1408 862 reliquae
1424 821 1565 851 nostrae

126 870 214 908 vitae
232 872 398 911 rationes
414 886 613 924 moresque
630 879 776 910 tantam
793 886 990 924 poenarum
1009 874 1254 912 acerbitatem
1273 886 1295 910 a
1310 874 1417 911 nobis
1432 875 1567 925 procul

127 939 269 979 arcent,
288 942 470 984 quantam
495 935 555 973 hic
577 941 777 972 accusator
801 936 911 978 nobis
933 935 1138 984 irrogatum
1158 936 1213 984 it3
1243 943 1347 973 atrox
1369 936 1466 973 enim
1490 936 1566 973 filio

83 1030 91 1039 ,
128 1006 214 1032 meo
232 994 453 1046 injungatur
472 996 607 1047 injuria
628 996 861 1046 deorumque
882 995 1050 1033 vindicta
1068 996 1195 1045 digna,
1229 997 1259 1034 si
1278 1004 1436 1047 cogatur
1456 997 1567 1034 alieni

129 1057 263 1095 erroris
293 1071 423 1108 poenas
452 1059 574 1101 luere;
603 1071 675 1107 ego
697 1071 795 1101 vero,
826 1057 991 1102 tametsi,
1021 1070 1095 1094 non
1116 1058 1235 1107 magis
1263 1058 1429 1107 quidem,
1452 1072 1566 1108 quam

130 1117 242 1163 filius,
261 1119 328 1156 sed
357 1119 595 1156 solummodo
614 1118 751 1168 pariter
778 1125 892 1167 atque
911 1117 988 1163 ille,
1016 1118 1130 1168 culpa
1151 1131 1257 1163 vaco,
1276 1118 1311 1154 in
1333 1119 1567 1156 calamitates

130 1179 251 1216 multo
279 1180 490 1217 acerbiores
522 1171 701 1222 incidam,
730 1191 840 1228 quam
874 1178 961 1215 ille:
991 1191 1080 1215 nam
1110 1178 1171 1214 ille
1202 1178 1367 1228 quidem,
1396 1179 1425 1216 si
1453 1180 1567 1217 fatale

131 1239 254 1284 suerit,
283 1240 359 1277 cita
386 1246 504 1277 morte
532 1239 759 1281 aufferetur;
791 1251 862 1288 ego
890 1251 990 1282 vero,
1022 1238 1125 1288 quod
1151 1238 1335 1288 reliquum
1367 1240 1454 1276 mihi
1481 1241 1568 1277 vitae

132 1306 282 1349 tempus
303 1307 375 1345 est,
395 1300 432 1337 id
450 1300 550 1337 haud
572 1299 684 1337 vitale
709 1299 883 1349 exigam3
911 1299 1026 1336 orbus
1055 1299 1168 1344 enim,
1199 1300 1275 1337 filio
1296 1313 1442 1345 carens,
1462 1301 1569 1338 vivus

134 1360 274 1406 adhuc,
292 1368 424 1411 potero
442 1361 545 1398 haud
567 1374 692 1405 secus,
724 1368 838 1409 atque
859 1359 942 1397 fatis
963 1359 1146 1404 defuncti,
1166 1373 1231 1410 pro
1258 1360 1406 1411 sepulto
1425 1361 1569 1398 haberi.

134 1421 258 1459 Penes
276 1434 344 1459 vos
362 1421 489 1472 itaque
509 1431 547 1459 et
574 1421 686 1472 hujus
708 1420 862 1458 infantis
882 1420 1078 1458 calamitas
1099 1421 1214 1471 culpa
1234 1434 1388 1467 vacans,
1409 1430 1446 1459 et
1464 1425 1572 1460 mise-

134 1483 298 1521 rabilitas
330 1484 456 1528 sortis,
481 1496 566 1533 quae
596 1496 654 1520 me
687 1482 864 1519 miserum
885 1494 1026 1528 senem,
1057 1488 1100 1519 ut
1118 1490 1273 1533 repente
1299 1483 1500 1533 oppressit,
1521 1483 1572 1521 ita

134 1546 298 1582 minatur
319 1557 474 1582 moerore
496 1544 751 1594 molestiisque
771 1543 1007 1589 confectura,
1026 1550 1171 1580 tantum
1195 1543 1317 1580 valeto
1333 1550 1570 1595 vestramque

134 1606 497 1644 commiserationem
511 1613 588 1643 tam
602 1605 725 1643 valide
741 1610 992 1647 commoveto,
1008 1611 1051 1641 ut
1066 1604 1231 1642 caveatis
1244 1604 1571 1643 condemnationis

135 1675 270 1705 vestrae
289 1669 487 1705 severitate
509 1680 577 1704 nos
599 1675 765 1704 extrema
785 1678 952 1713 mergere
973 1665 1203 1711 infelicitate,
1219 1672 1262 1702 ut
1283 1666 1406 1716 potius
1423 1667 1573 1704 absolu-

135 1729 248 1766 tionis
269 1729 470 1766 sanctitate
500 1728 688 1778 religionis
710 1740 800 1778 erga
828 1727 919 1764 deos
946 1726 1181 1776 justitiaeque
1210 1725 1347 1764 famam
1378 1727 1573 1765 tueamini.

138 1788 201 1825 Nil
221 1796 280 1826 est
298 1789 403 1839 quod
422 1788 635 1833 vereamini,
655 1801 702 1824 ne
721 1800 789 1824 nos
809 1787 1042 1824 absolvendo
1062 1787 1215 1837 sanguis
1230 1787 1412 1837 perempti
1429 1787 1572 1825 inultus

138 1855 311 1887 maneat:
342 1849 500 1886 ultor.ei
530 1862 621 1886 suus
646 1849 725 1899 jam
745 1848 902 1898 obtigit:
932 1847 1005 1885 fert
1035 1848 1164 1898 lapsus
1193 1848 1249 1884 sui
1279 1861 1408 1898 poenas
1429 1848 1473 1892 is,
1506 1850 1571 1899 qui

136 1909 268 1960 lapsus
302 1918 383 1948 est:
424 1923 493 1947 nos
521 1922 584 1947 eas
615 1923 701 1946 cum
736 1909 800 1947 illo
829 1922 906 1946 una
934 1909 1110 1959 perferre,
1143 1909 1246 1946 haud
1279 1910 1483 1953 convenit;
1522 1911 1576 1949 ita

139 1971 260 2007 meriti
279 1983 354 2007 non
371 1983 514 2007 sumus.
569 1971 802 2008 Reverentes
820 1970 942 2020 itaque
961 1969 1096 2008 laedere
1108 1983 1188 2014 θος,
1204 1970 1267 2019 qui
1283 1969 1353 2007 hoc
1369 1970 1405 2006 in
1422 1972 1575 2021 negotio

139 2043 262 2081 neque
282 2030 409 2067 divina
427 2043 551 2080 neque
569 2031 737 2068 humana
763 2031 851 2081 jura
870 2030 949 2067 ulla
978 2043 1024 2068 ex
1043 2036 1149 2080 parte
1168 2030 1362 2075 laeserunt,
1387 2031 1574 2069 absolvite

140 2105 225 2138 nos,
253 2092 291 2129 id
317 2092 418 2141 quod
447 2104 510 2129 vos
529 2091 654 2129 facere
682 2092 793 2128 ambo
820 2091 883 2128 illa
901 2094 988 2138 jura
1012 2091 1211 2140 flagitant:
1242 2092 1486 2129 miserrimum
1506 2105 1575 2142 par

139 2152 348 2198 hominum,
376 2158 595 2202 patremque
625 2152 833 2202 filiumque,
864 2151 1144 2188 calamitatibus
1175 2157 1264 2188 ante
1288 2159 1436 2202 tempus
1465 2165 1575 2190 acce-

140 2214 266 2252 leratis
285 2228 332 2252 ne
357 2214 580 2264 demergite.

247 2431 283 2467 3.
329 2428 630 2467 ACCUSATIO
660 2428 967 2466 POSTERIOR
997 2428 1244 2466 EJUSDEM
1276 2428 1463 2466 CAEDIS.

194 2513 404 2553 VIDETUR
423 2514 484 2552 hic
498 2527 582 2552 reus
603 2512 706 2559 mihi,
726 2526 799 2550 non
822 2513 902 2563 jam
930 2513 1098 2551 oratione
1119 2515 1371 2560 solummodo,
1401 2514 1468 2553 sed
1494 2515 1577 2565 ipsa

143 2588 296 2627 quoque
315 2589 367 2621 re,
388 2583 502 2625 atque
528 2588 567 2613 re
594 2574 714 2624 magis
740 2574 853 2611 etiam
871 2587 982 2624 quam
1004 2575 1140 2620 verbis,
1161 2575 1370 2620 declarare,
1389 2588 1471 2613 eam
1491 2588 1576 2613 esse

144 2637 381 2675 necessitatis
405 2637 495 2680 vim,
522 2642 576 2680 ut,
603 2636 666 2673 ubi
692 2635 880 2681 inciderit,
902 2635 1087 2673 neminem
1118 2649 1194 2673 non
1224 2645 1337 2687 cogat
1365 2642 1577 2686 praeterque

147 2697 335 2746 ingenium
348 2704 388 2734 et
399 2696 535 2747 praeter
549 2709 692 2734 morem
706 2696 797 2733 nihil
811 2709 886 2734 non
901 2704 938 2745 et
951 2696 1055 2747 loqui
1068 2704 1105 2734 et
1119 2709 1245 2748 agere.
1286 2697 1462 2734 Omnium
1477 2697 1576 2735 enim

148 2757 298 2795 minime
313 2758 481 2808 profecto
493 2757 555 2795 hic
570 2770 655 2795 reus
671 2757 707 2794 in
725 2764 806 2795 tota
821 2758 1015 2807 superiore
1030 2758 1106 2795 vita
1124 2771 1208 2795 cum
1229 2758 1363 2795 fuisset
1376 2758 1577 2808 impudens

148 2818 208 2854 vel
238 2818 376 2863 audax,
395 2831 495 2856 nunc
515 2831 538 2855 a
556 2817 772 2856 calamitate
800 2831 869 2855 sua
895 2819 1059 2869 percitus
1081 2831 1125 2855 ea
1152 2818 1371 2868 prolocutus
1401 2824 1471 2864 est,
1492 2831 1578 2868 quae

150 2891 223 2929 ego
235 2877 408 2928 equidem
419 2891 612 2928 nunquam
626 2891 839 2929 sperassem
855 2892 939 2918 esse
952 2880 1247 2930 prolocuturum.
1269 2881 1339 2918 Nae
1351 2893 1423 2931 ego
1439 2881 1579 2919 stultus
