1822 3219
602 109 1024 148 AREOPAGITICA.
1467 110 1542 147 193

87 230 236 269 querer‚
264 217 491 267 dispicerem
519 228 671 254 mecum
703 212 856 264 ecquod
885 210 1160 262 compendium
1191 211 1417 263 exstirpatio
1446 212 1544 250 oleae

85 279 176 316 mihi
190 286 291 317 esset
306 278 480 323 allatura,
496 283 534 314 et
548 276 742 326 quodnam
759 286 891 312 rursus
905 273 1087 311 damnum
1104 278 1300 315 creatura3
1331 280 1370 311 et
1389 273 1543 311 facinus

86 341 117 379 si
138 349 312 379 maneret
337 340 546 383 occultum,
568 352 655 388 quae
676 351 722 374 ex
743 349 789 375 eo
817 348 944 374 essem
975 333 1084 372 malis
1105 333 1247 371 artibus
1281 340 1543 383 aucupaturus

87 402 302 445 commoda,
323 408 361 438 et
380 406 513 438 contra
527 398 808 448 deprehensus,
829 410 925 448 quas
944 396 1051 433 vobis
1071 408 1195 433 essem
1214 408 1350 445 poenas
1366 395 1543 434 daturus.

89 463 190 501 Nam
209 463 298 500 talia
317 468 513 512 patrantes
533 473 679 505 omnes,
697 472 773 497 non
794 457 1007 509 petulantia
1025 470 1150 507 neque
1177 456 1354 507 superbia
1380 456 1542 502 incitati,

89 525 158 563 sed
178 525 283 563 lucro
303 523 420 561 illecti
438 530 592 574 patrant
610 535 619 560 ε
661 530 700 559 et
718 528 759 559 ut
774 534 841 558 vos
857 533 927 571 par
947 526 1019 564 est,
1042 520 1260 562 Senatores,
1280 519 1327 555 ab
1347 518 1420 556 hac
1437 526 1544 569 parte

88 600 167 624 rem
182 585 315 623 intueri
338 590 449 634 atque
466 583 719 634 perpendere,
738 583 790 620 ita
809 588 1054 619 accusatores
1070 594 1221 631 quoque
1242 580 1356 617 decet
1372 580 1545 617 crimina-

91 647 255 685 tionibus
285 645 364 683 suis
385 658 432 682 ex
463 658 509 682 eo
530 645 645 682 fidem
676 643 885 689 adstruere,
905 649 948 680 ut
977 642 1156 687 doceant,
1176 641 1370 692 quodnam
1398 641 1546 679 emolu-

90 714 257 745 mentum
276 720 324 744 ex
346 706 532 744 incusatis
556 705 787 743 facinoribus
808 703 858 741 ad
885 716 969 740 reos
989 702 1187 753 pervenire
1209 703 1387 753 potuerit.
1444 701 1547 739 Huic

89 775 214 805 autem
245 768 459 805 accusatori
492 780 577 804 meo
598 780 674 804 non
708 765 917 803 admodum
945 764 1054 802 facile
1081 764 1185 801 factu
1211 763 1364 801 videtur
1388 763 1485 808 fore,
1504 770 1548 801 ut

87 829 239 875 doceat,
268 829 345 866 sive
378 841 400 865 a
430 834 660 880 paupertate
686 840 746 865 me
778 827 960 865 adactum
986 824 1173 877 ejusmodi
1195 825 1353 863 facinori
1377 825 1547 862 animum

83 903 317 940 manumque
346 889 548 939 adjecisse,
576 889 656 927 sive
688 900 821 927 secum
852 887 973 925 fundo
1004 886 1198 932 nocuisse,
1231 887 1311 924 sive
1346 886 1465 924 vineis
1489 886 1547 924 in-

87 951 369 996 commodasse,
404 952 484 989 sive
516 951 570 989 ita
599 964 717 1002 prope
749 950 879 988 domui
910 950 1067 988 assitum
1098 949 1218 987 fuisse
1255 955 1298 986 ut
1334 948 1545 986 luminibus

88 1013 272 1058 officeret,
302 1013 381 1050 sive
413 1026 474 1050 me
507 1012 762 1064 periculorum
796 1012 970 1062 ignarum
1010 1011 1131 1048 fuisse
1164 1022 1311 1054 eorum,
1347 1023 1433 1060 quae
1465 1009 1546 1047 tale

89 1073 184 1124 quid
215 1087 351 1112 ausum
384 1087 407 1111 a
432 1074 540 1111 vobis
572 1081 700 1112 essent
724 1086 919 1111 mansura.
991 1072 1158 1123 Ipsemet
1183 1071 1282 1108 enim
1315 1084 1389 1120 ego
1416 1078 1552 1108 contra

89 1135 230 1173 multas
263 1135 355 1172 mihi
384 1135 517 1172 videor
549 1135 718 1185 proferre
748 1148 862 1185 posse
890 1146 1130 1184 magnasque
1162 1145 1297 1176 noxas
1327 1145 1424 1182 quas
1454 1131 1553 1182 ejus-

89 1196 192 1232 modi
233 1196 401 1233 facinore
440 1195 718 1233 committendo
764 1195 846 1245 ipse
891 1194 983 1231 mihi
1025 1193 1094 1230 sim
1133 1199 1400 1230 contracturus
1421 1205 1431 1230 t
1477 1205 1552 1242 ego

88 1256 269 1294 videlicet
292 1264 368 1293 tam
404 1257 544 1294 stultus
576 1257 660 1301 sim,
692 1257 855 1307 primum
880 1255 1048 1305 quidem,
1078 1260 1122 1291 ut
1154 1254 1203 1291 de
1236 1254 1297 1291 die
1319 1266 1450 1291 secum
1485 1266 1552 1290 ex-

89 1317 260 1367 stirpem,
293 1318 404 1368 quasi
432 1317 584 1356 facinus
617 1318 654 1354 id
681 1318 728 1355 sit
747 1316 951 1368 ejusmodi,
981 1316 1085 1366 quod
1113 1329 1190 1352 non
1215 1321 1391 1366 oporteat
1419 1328 1552 1353 omnes

87 1378 224 1423 celare,
245 1379 313 1416 sed
343 1379 468 1430 potius
498 1379 545 1416 ad
573 1378 867 1416 Atheniensium
887 1377 1057 1414 omnium
1076 1375 1553 1425 prodereconscientiam.

86 1440 199 1484 Tum,
218 1440 249 1476 si
270 1448 380 1491 turpe
407 1440 650 1478 solummodo
672 1440 807 1477 fuisset
833 1439 997 1481 facinus,
1024 1436 1136 1473 facile
1160 1436 1320 1474 forsitan
1345 1437 1548 1483 evenisset,

87 1508 130 1538 ut
151 1514 248 1538 unus
269 1508 307 1537 et
328 1501 422 1538 alter
441 1500 753 1551 praetereuntium
774 1500 810 1535 id
833 1497 1014 1547 neglectu
1034 1498 1332 1535 transmitteret:
1357 1497 1437 1548 jam
1464 1511 1553 1536 vero

88 1574 164 1599 non
191 1562 439 1612 turpitudinis
477 1562 543 1598 sed
585 1560 897 1610 gravissimorum
933 1558 1161 1595 damnorum
1195 1558 1364 1609 periculo
1397 1571 1457 1596 me
1487 1572 1553 1596 ex-

89 1623 320 1674 posuissem.
391 1622 514 1672 Ecqui
550 1633 642 1671 ergo
671 1633 747 1657 non
778 1619 938 1656 fuissem
974 1619 1191 1657 mortalium
1224 1620 1394 1657 omniurn
1429 1620 1553 1658 infeli-

86 1685 260 1723 cissimus
280 1691 393 1734 atque
413 1682 661 1728 miserrimus,
681 1683 711 1719 si
731 1681 823 1733 quid
844 1681 1036 1731 ejusmodi
1055 1680 1344 1728 commisissem,
1366 1695 1433 1732 per
1447 1682 1554 1732 quod

89 1758 220 1782 servos
241 1757 345 1782 meos
365 1745 613 1795 imposterum
632 1750 712 1780 tota
733 1756 818 1780 mea
837 1743 915 1780 vita
933 1755 1010 1779 non
1031 1755 1160 1780 servos
1180 1742 1270 1780 mihi
1292 1743 1359 1780 sed
1378 1743 1555 1781 dominos

89 1819 216 1844 essem
233 1805 448 1850 habiturus,
468 1811 602 1855 utpote
631 1804 726 1841 tanti
745 1803 923 1842 facinoris
950 1803 1041 1840 mihi
1070 1804 1274 1842 conscios?
1303 1810 1358 1849 ut,
1378 1804 1555 1854 quamvis

90 1867 237 1905 atrocia
254 1868 292 1904 in
319 1879 379 1903 me
400 1865 680 1916 delinquerent,
702 1878 775 1916 ego
804 1872 931 1903 tamen
961 1878 1095 1916 poenas
1114 1874 1286 1916 repetere
1306 1866 1414 1903 nullo
1439 1866 1556 1905 modo

88 1940 267 1979 possem:
299 1928 418 1978 probe
437 1928 539 1965 enim
557 1941 629 1978 ego
649 1928 687 1965 id
706 1926 862 1977 quidem
881 1927 1057 1978 profecto
1079 1928 1301 1972 tenuissem,
1316 1941 1435 1978 penes
1450 1927 1555 1978 ipsos

90 1990 262 2027 futurum
284 2001 383 2034 esse,
404 1995 446 2026 ut
465 2002 603 2039 meque
625 1989 915 2033 ulciscerentur,
938 2001 1055 2038 seque
1075 1988 1283 2026 indicando
1305 1989 1451 2026 scelere
1471 2000 1557 2026 meo

89 2052 129 2089 in
145 2051 361 2088 libertatern
387 2050 637 2088 vindicarent.
693 2050 745 2087 At
773 2050 834 2088 fac
854 2057 997 2094 tamen,
1019 2049 1050 2087 si
1076 2050 1148 2095 vis,
1168 2049 1391 2087 reverentiae
1411 2049 1557 2087 manci-

90 2112 240 2163 piorum
255 2112 292 2149 in
312 2120 480 2149 mentem
499 2111 590 2148 mihi
609 2124 686 2149 non
708 2113 883 2155 venisse;
914 2111 1025 2161 ecqui
1043 2117 1170 2149 tamen
1195 2117 1254 2149 tot
1272 2112 1556 2150 conductorum

90 2174 363 2212 conscientiam
395 2186 474 2211 non
508 2172 755 2211 reformidare
792 2180 968 2224 poteram
999 2185 1160 2223 quorum
1192 2173 1320 2210 nullus
1352 2180 1412 2210 est
1441 2186 1556 2224 quem

91 2234 217 2272 scelus
242 2247 370 2272 meum
394 2234 525 2285 fugere
554 2233 776 2285 potuisset?
805 2246 930 2284 egone
963 2246 1096 2271 secum
1129 2233 1275 2270 minimi
1305 2233 1435 2271 lucelli
1465 2247 1557 2284 ergo

92 2295 226 2334 tollere
247 2296 318 2333 sim
337 2308 465 2341 ausus,
493 2303 575 2333 tum
596 2295 702 2332 nulla
730 2295 931 2346 proposita
957 2294 1141 2345 temporis
1161 2295 1467 2346 praescriptione,
1488 2294 1558 2333 sed

92 2357 321 2396 necessitate
340 2369 468 2394 causae
489 2356 666 2394 dicendae
684 2356 859 2406 quamvis
875 2356 1055 2394 diuturno
1075 2363 1247 2407 tempore
1261 2364 1349 2408 post
1361 2357 1559 2408 aequaliter

95 2418 363 2469 impendente;
392 2416 571 2467 denique,
590 2431 679 2455 cum
699 2417 867 2454 omnium
885 2417 950 2467 qui
970 2417 1134 2455 fundum
1156 2419 1258 2456 hunc
1274 2432 1444 2469 unquam
1461 2431 1483 2455 a
1498 2431 1557 2454 me

94 2479 332 2516 conductum
362 2485 539 2516 arassent
566 2479 705 2529 pariter
735 2477 952 2522 interesset,
981 2491 1111 2515 secum
1144 2479 1293 2516 salvum
1320 2492 1419 2522 esse,
1450 2485 1505 2523 ut,
1527 2484 1559 2516 si

97 2540 182 2588 quis
201 2547 302 2578 esset
320 2540 385 2591 qui
413 2540 583 2591 ipsorum
613 2540 779 2590 aliquem
807 2546 1002 2577 temeratae
1024 2540 1062 2577 in
1091 2540 1166 2578 hoc
1195 2554 1333 2590 genere
1363 2540 1557 2590 religionis

99 2598 302 2647 incusaret,
322 2602 354 2638 is
374 2601 574 2639 incusatus
593 2613 679 2638 eum
703 2601 814 2639 edere
834 2608 969 2652 posset
987 2601 1037 2638 ad
1056 2615 1222 2652 eumque
1241 2613 1399 2638 causam
1420 2601 1558 2640 referre

99 2660 162 2697 cui
180 2673 307 2698 secum
328 2675 406 2699 una
425 2675 512 2700 curn
534 2662 656 2699 fundo
677 2662 914 2702 tradidisset.
970 2663 1060 2701 Jam
1076 2676 1165 2700 vero
1186 2669 1339 2700 constat
1358 2675 1405 2699 ex
1425 2675 1555 2701 eorum

100 2720 330 2767 testimonio,
350 2728 392 2759 ut
416 2736 475 2760 me
495 2723 533 2760 hi
554 2736 686 2761 omnes
707 2724 925 2769 absolvunt,
947 2724 1000 2761 ita
1027 2723 1131 2774 ipsos
1154 2731 1305 2760 suomet
1324 2724 1557 2768 testimonio,

99 2782 132 2820 si
152 2782 306 2832 quidem
336 2782 374 2820 id
393 2784 555 2822 mendax
586 2785 648 2831 sit,
669 2785 929 2823 communioni
957 2785 1082 2834 culpae
1104 2790 1226 2822 semet
1244 2785 1450 2823 innectere.
1493 2786 1559 2824 :At

100 2844 162 2882 sac
175 2850 318 2887 tamen,
335 2844 436 2894 apud
454 2844 524 2884 hos
545 2847 680 2896 gratia,
696 2847 889 2897 precibus,
904 2845 1559 2897 pollicitationibus,blandimentis,

789 2909 813 2944 2
846 2918 868 2943 c
