1822 3219
766 606 814 660 L
856 606 907 660 Y
950 606 986 659 S
1031 605 1056 658 I
1099 605 1170 659 AE

372 747 650 797 CONTRA
698 746 1119 796 ANDOCIDEM
1169 744 1563 794 IMPIETATIS

839 879 1091 922 ORATIO.

280 1062 357 1083 *Η
387 1076 530 1114 equum
557 1077 578 1102 e
606 1063 780 1102 marculo
808 1062 888 1101 fani
913 1062 1117 1113 religatum
1139 1061 1247 1111 quasi
1273 1059 1506 1116 restitueret,
1524 1058 1702 1096 insecuta

225 1132 339 1163 nocte
359 1138 492 1164 rursus
511 1125 599 1164 inde
620 1125 814 1164 subtraxit
834 1130 953 1175 atque
974 1123 1113 1174 abegit.
1173 1121 1252 1159 Hic
1268 1120 1384 1172 igitur
1404 1120 1501 1159 tanti
1520 1112 1701 1157 facinoris

223 1198 314 1225 reus
333 1200 474 1238 genere
495 1188 627 1226 mortis
646 1186 892 1226 acerbissimo
913 1185 1152 1238 periit‚fame
1169 1197 1178 1222 z
1210 1195 1432 1234 quanquam
1452 1182 1552 1220 enim
1566 1179 1699 1218 multae

223 1247 259 1285 ei
289 1248 484 1300 lautaeque
506 1249 626 1300 dapes
655 1254 952 1300 apponerentur,
972 1245 1191 1284 teterrimus
1213 1253 1340 1282 tamen
1361 1243 1473 1281 foetor
1492 1256 1514 1281 e
1535 1242 1700 1294 panibus

222 1315 341 1362 atque
362 1311 483 1349 mazis
505 1310 710 1356 exhalans,
730 1323 817 1348 eum
849 1321 989 1360 passus
1012 1320 1088 1345 non
1119 1313 1180 1344 est
1206 1306 1470 1356 appositorum
1491 1304 1700 1354 quicquam

223 1378 395 1421 gustare.
452 1371 569 1409 Multi
590 1378 766 1409 nostrum
797 1370 904 1408 istaec
936 1382 983 1408 ex
1018 1367 1272 1418 hierophanta
1302 1379 1390 1404 cum
1424 1371 1597 1403 narraret
1630 1377 1698 1402 au-

223 1431 369 1471 divere.
444 1433 563 1476 Quod
598 1432 825 1471 Andocides
859 1444 949 1469 suos
981 1431 1101 1481 ipsius
1132 1436 1322 1480 cognatos
1356 1435 1396 1467 et
1426 1428 1572 1466 amicos
1605 1440 1628 1464 a
1657 1439 1698 1465 se

224 1493 377 1533 delatos
410 1495 594 1546 perdidit,
626 1507 747 1545 quum
781 1493 929 1530 diceret
967 1505 1035 1529 eos
1075 1505 1158 1529 esse
1197 1490 1392 1528 conscios.
1451 1489 1700 1540 Quapropter

222 1568 378 1606 aequurn
412 1569 498 1595 esse
530 1556 631 1594 duco
660 1562 743 1593 tum
773 1554 955 1605 temporis
977 1553 1083 1591 dicta
1102 1552 1212 1591 vobis
1242 1564 1265 1590 a
1284 1565 1347 1589 me
1367 1564 1435 1602 per
1454 1551 1699 1588 occasionem

222 1618 440 1657 Andocidis
472 1619 509 1656 in
542 1618 764 1655 memoriam
800 1616 988 1660 revocari,
1010 1629 1087 1666 quo
1106 1615 1235 1660 homo,
1257 1614 1324 1664 qui
1345 1613 1586 1651 necessarios
1606 1612 1699 1651 ami-

223 1692 369 1731 cosque
389 1694 482 1719 suos
511 1679 681 1717 indicina
711 1692 782 1716 sua
813 1676 1140 1729 pessumdederit,
1175 1675 1330 1713 sceleris
1361 1674 1420 1712 sui
1449 1674 1629 1712 conscios
1662 1681 1702 1712 et

222 1741 430 1793 participes
462 1754 529 1779 eos
562 1739 817 1783 criminando,
836 1752 914 1776 non
935 1738 1022 1775 illos
1044 1737 1290 1775 solummodo
1319 1748 1385 1774 ore
1417 1749 1488 1774 suo
1522 1748 1699 1786 pessum-

223 1801 386 1848 dederit,
409 1803 478 1840 sed
497 1802 579 1853 ipse
601 1814 758 1852 quoque
779 1814 912 1838 rursus
934 1800 982 1838 ab
1003 1799 1078 1837 alio
1097 1799 1280 1849 quopiam
1300 1806 1528 1836 accusatore
1547 1796 1700 1848 percul-

223 1876 289 1901 sus
309 1877 471 1914 pessum
491 1870 567 1902 eat.
626 1863 767 1914 Neque
787 1862 892 1900 vobis
912 1861 1018 1906 licet,
1039 1861 1231 1912 ejusmodi
1251 1861 1289 1898 in
1308 1872 1429 1897 causa
1447 1859 1701 1910 pronuntian-

222 1924 340 1971 tibus,
361 1932 428 1963 aut
458 1924 791 1963 commiseratione
827 1923 1045 1962 Andocidis
1078 1929 1145 1960 aut
1176 1922 1303 1972 gratia
1331 1920 1488 1966 moveri,
1509 1921 1575 1971 qui
1604 1919 1700 1958 certi

222 1986 320 2034 sitis,
340 1986 536 2025 hominem
551 1986 781 2037 religionum
796 1987 992 2037 utriusque
1008 1984 1175 2022 numinis
1194 1984 1364 2034 [Cereris
1383 1990 1422 2021 et
1436 1982 1698 2033 Proserpinae]

220 2050 350 2100 palam
369 2050 598 2088 violatarum
620 2063 726 2088 reum
743 2049 852 2088 vobis
874 2049 1116 2101 puniendum
1136 2061 1236 2086 esse.
1281 2047 1374 2086 Jam
1395 2054 1699 2085 consentaneum

221 2118 282 2150 est
301 2111 377 2150 hoc
397 2118 625 2164 exspectare
644 2111 834 2158 futurum,
855 2118 913 2157 ut,
933 2112 1000 2162 qui
1026 2111 1110 2162 ipse
1131 2109 1203 2149 sibi
1223 2108 1390 2160 quisque
1409 2108 1574 2153 videtur,
1595 2108 1698 2146 idem

223 2173 305 2211 aliis
324 2187 480 2225 quoque
499 2173 675 2212 videatur
695 2185 797 2211 esse.

276 2238 315 2274 2.
346 2236 562 2287 Fingamus
607 2235 810 2286 tantisper,
846 2235 1014 2286 exempli
1051 2246 1185 2279 causa,
1225 2231 1475 2270 Andocidem
1505 2229 1699 2268 sententia

222 2303 352 2336 vestra
376 2298 424 2336 ab
443 2297 518 2335 hoc
544 2297 704 2335 crimine
731 2296 955 2335 absolutum
979 2296 1068 2334 hinc
1092 2295 1308 2339 discedere,
1330 2293 1379 2332 ad
1400 2290 1640 2331 sortiendum
1659 2291 1698 2328 in

224 2359 390 2397 comitiis
423 2371 562 2397 novem
597 2359 827 2397 archontum
849 2357 1051 2403 accedere,
1072 2370 1095 2395 a
1113 2364 1216 2395 sorte
1233 2368 1364 2407 regem
1380 2366 1579 2393 sacrorum
1600 2352 1700 2390 desi-

224 2420 361 2471 gnari3
392 2420 581 2470 numquid
601 2419 708 2458 aliud
728 2426 810 2458 tum
831 2419 912 2465 fiet,
928 2432 1044 2470 quam
1064 2418 1152 2465 hoc,
1171 2425 1215 2457 ut
1234 2430 1305 2469 pro
1324 2416 1433 2455 vobis
1455 2428 1568 2454 sacra
1582 2413 1699 2452 faciat

223 2488 391 2532 votaque
410 2481 597 2532 suscipiat
614 2494 635 2519 e
662 2482 736 2519 ritu
755 2481 896 2532 patrio,
918 2481 993 2519 alia
1019 2481 1095 2518 hoc
1125 2480 1162 2518 in
1196 2478 1407 2524 Eleusinio‚
1439 2477 1513 2515 alia
1539 2476 1577 2513 in
1608 2475 1699 2512 fano

225 2542 379 2581 Cereris
414 2541 519 2593 apud
551 2543 789 2588 Eleusinem,
817 2550 857 2580 et
886 2543 958 2580 sub
980 2550 1136 2593 tempus
1158 2540 1426 2593 mysteriorum
1447 2538 1545 2576 festo
1564 2537 1699 2587 praesi-

224 2604 316 2643 deat
336 2617 495 2656 operam
520 2604 618 2642 dans
639 2612 755 2654 atque
773 2617 931 2650 cavens,
951 2611 995 2643 ut
1013 2617 1127 2643 nemo
1146 2616 1215 2654 per
1233 2614 1364 2641 sacros
1384 2601 1470 2638 illos
1491 2599 1574 2636 dies
1594 2598 1701 2647 quic-

224 2679 341 2717 quam
367 2666 583 2704 committat
610 2666 813 2711 nefarium,
833 2665 1105 2716 irreligiosum,
1133 2670 1173 2703 et
1206 2664 1325 2702 sacris
1360 2659 1588 2699 inimicum?
1645 2661 1700 2697 At

223 2741 338 2779 quam
359 2728 504 2779 putatis
525 2735 695 2766 mentem
716 2735 797 2765 tum
820 2727 902 2764 sore
933 2727 1068 2778 mystis
1089 2726 1261 2775 undique
1280 2724 1355 2762 huc
1378 2722 1600 2772 congressis
1622 2733 1700 2771 quo

225 2791 346 2829 sacris
380 2791 544 2829 occultis
577 2790 787 2836 initientur,
820 2789 1039 2826 videntibus
1061 2788 1125 2838 qui
1144 2795 1182 2825 et
1202 2790 1310 2835 cujas
1332 2786 1382 2823 sit
1405 2798 1472 2822 rex
1502 2794 1699 2822 sacrorum

225 2852 475 2902 omniumque
495 2853 544 2889 ab
564 2865 611 2889 eo
626 2851 739 2903 impie
755 2851 945 2889 factorum
961 2847 1278 2887 recordantibus?
1307 2860 1424 2897 quam
1445 2846 1526 2884 fore
1547 2843 1698 2883 caeteris

227 2912 391 2960 Graecis,
404 2914 434 2952 si
450 2913 515 2964 qui
534 2913 612 2952 huc
633 2927 700 2965 per
719 2912 810 2952 festi
830 2924 988 2951 causam
1009 2910 1272 2957 convenerint,
1287 2910 1367 2948 sive
1387 2908 1494 2959 quod
1515 2904 1700 2946 sacrificia
