1822 3219
715 129 787 166 DE
818 129 1125 168 MYSTERIIS.
1566 137 1615 174 99

172 232 259 270 ferri
279 238 318 269 et
336 230 479 282 imponi
498 231 727 275 curavimus,
749 243 825 280 qua
844 242 911 268 vos
932 231 1080 268 utimini
1099 244 1247 270 omnes.
1305 235 1438 273 Recita
1463 243 1503 274 tu
1525 237 1614 276 mihi

171 292 271 331 hanc
291 292 428 343 legem.

835 367 956 405 LEX.

368 464 450 502 Lege
470 461 568 491 literis
585 471 642 490 non
659 459 835 499 consignata
851 460 1044 500 magistratus
1060 471 1096 491 ne.
1115 465 1234 492 utantor
1248 463 1309 493 ulla
1326 464 1354 493 in
1371 475 1414 494 re.

173 537 294 574 Estne
328 537 410 588 jam
449 534 591 585 aliquid
627 534 718 571 huic
747 534 930 584 Cephisio
962 534 1162 585 reliquum,
1192 537 1239 575 de
1270 551 1347 588 quo
1380 546 1446 576 aut
1473 540 1610 579 referre

170 599 412 649 magistratus
443 596 594 646 aliquis,
623 603 689 632 aut
709 596 746 632 in
766 609 843 646 quo
864 602 1028 633 vestrum
1048 597 1265 647 quisquam,
1284 612 1306 636 0
1326 599 1406 644 viri,
1429 613 1542 651 agere
1570 609 1609 640 et

169 657 326 708 exsequi
351 657 562 707 quidquam
591 656 726 706 possit,
756 663 1012 707 praeterquam
1043 658 1257 695 secundum
1287 660 1391 709 leges
1422 661 1610 712 scriptas?

167 718 332 762 Quando
353 731 444 769 ergo
464 718 550 767 lege
571 730 648 754 non
667 717 808 767 scripta
826 717 881 754 uti
901 730 979 755 non
995 717 1096 764 licet,
1111 727 1257 768 quanto
1273 720 1396 758 minus
1413 722 1466 759 uti
1483 722 1614 761 licebit

164 792 240 817 non
259 780 400 830 scripto
416 778 701 830 psephismate?
731 778 923 822 Quoniam
942 779 1070 829 itaque
1086 780 1311 826 videbamus
1327 783 1467 820 civium
1483 785 1613 823 multis

164 841 303 879 multas
333 854 568 891 magnasque
588 840 720 878 clades
742 840 974 892 impendere,
1005 841 1088 879 aliis
1109 848 1130 879 e
1150 843 1312 880 vetustis
1341 844 1507 894 legibus,
1528 846 1610 884 aliis

162 916 183 940 e
200 903 360 940 vetustis
381 903 604 954 plebiscitis,
623 903 711 939 ideo
741 902 847 952 leges
869 916 986 940 novas
1007 904 1094 941 ferri
1123 906 1352 951 curavimus,
1371 914 1526 958 propter
1544 909 1610 946 illa

160 963 256 1014 ipsa,
276 977 364 1014 quae
383 978 486 1002 nunc
505 964 615 1009 fiunt,
645 964 850 1013 quominus
873 965 1020 1010 fierent,
1048 971 1087 1003 et
1111 979 1187 1015 quo
1208 968 1332 1005 minus
1362 968 1496 1007 liceret
1514 983 1608 1019 qua-

162 1025 420 1076 druplatorem
440 1040 567 1077 agere.
625 1025 763 1063 Recita
783 1033 823 1063 tu
842 1026 935 1063 mihi
955 1025 1025 1064 has
1046 1027 1164 1076 leges.

787 1146 972 1184 LEGES.

203 1239 286 1277 Lege
300 1239 398 1269 literis
413 1250 472 1269 non
488 1239 662 1279 consignata
679 1239 874 1279 magistratus
889 1249 925 1267 ne
942 1242 1061 1268 utantor
1078 1239 1137 1268 nlla
1154 1239 1182 1268 in
1197 1250 1239 1268 re.
1285 1240 1466 1279 Psephisma
1482 1243 1608 1280 nullum,

158 1289 224 1318 sive
246 1295 366 1319 senatus
387 1290 452 1319 sive
468 1290 569 1329 plebis
585 1290 617 1319 id
634 1291 702 1325 erit,
719 1289 850 1319 validius
865 1293 931 1318 esto
945 1289 1026 1327 lege.
1069 1289 1192 1319 Nullius
1210 1290 1339 1319 hominis
1356 1291 1518 1330 singularis
1533 1305 1607 1332 crgo

158 1340 250 1370 liceto
276 1341 373 1381 legem
394 1342 484 1377 ferre,
501 1352 570 1381 quae
593 1352 650 1371 non
666 1341 794 1381 perinde
813 1341 851 1370 de
873 1340 999 1379 reliquis
1016 1350 1134 1380 quoque
1157 1340 1396 1372 Atheniensibus
1413 1344 1524 1380 valeat,
1549 1345 1608 1374 nisi

157 1402 246 1422 secus
262 1392 360 1422 visum
375 1392 466 1422 fuerit
481 1392 582 1422 sexies
596 1392 679 1422 mille
695 1392 782 1427 viris,
797 1391 874 1421 clam
889 1401 944 1430 per
962 1391 1088 1421 tabellas
1104 1391 1287 1430 suffragatis.

157 1465 262 1509 Quid
281 1465 410 1503 nunc?
439 1473 665 1517 superestne
681 1466 807 1504 adhuc
822 1464 991 1516 aliquid?
1038 1466 1220 1517 Superest
1235 1467 1409 1505 nimirum
1424 1469 1508 1508 haec
1527 1470 1602 1519 lex,

157 1539 271 1577 quam
291 1534 332 1564 tu
352 1526 441 1564 mihi
461 1527 609 1575 recites,
629 1528 753 1566 velim.

825 1597 940 1635 LEX.

196 1693 322 1724 ,Iudicia
336 1698 367 1723 et
381 1692 514 1723 arbitria
525 1697 590 1723 rata
611 1697 709 1729 sunto,
722 1702 906 1731 quaecunque
920 1692 949 1721 in
962 1692 1033 1721 urbe
1051 1691 1145 1722 libera
1162 1693 1236 1723 fiunt
1252 1703 1269 1723 a
1284 1694 1403 1733 legibus
1417 1697 1598 1735 gubernata:

156 1743 276 1783 legibus
293 1748 412 1774 utantor
425 1745 464 1774 ab
479 1743 608 1773 Euclide
625 1743 780 1773 Archonte
797 1743 878 1773 inde.

159 1818 314 1857 Judicia
333 1827 372 1857 et
401 1819 554 1857 arbitria
575 1825 658 1856 rata
681 1825 719 1856 et
738 1817 867 1855 valida
890 1816 1069 1855 sanxistis
1098 1830 1197 1863 esse,
1216 1831 1238 1856 o
1258 1819 1339 1863 viri,
1360 1833 1603 1873 quaecunque

155 1880 198 1917 in
218 1879 370 1919 civitate
394 1880 514 1919 libera
538 1880 642 1918 sacta
667 1879 756 1925 sint,
774 1892 851 1929 quo
878 1891 1012 1929 nempe
1034 1892 1157 1929 neque
1177 1892 1286 1917 novae
1307 1881 1448 1918 tabulae
1469 1883 1604 1922 fierent

155 1956 280 1993 neque
292 1944 440 1994 judicia
450 1944 532 1995 jam
551 1942 837 1994 pronunciando
858 1948 1056 1993 perempta
1074 1949 1112 1979 et
1128 1948 1321 1980 transacta
1340 1945 1603 1984 rescinderen-

156 2011 230 2048 tur,
247 2004 316 2042 sed
330 2011 413 2043 rata
423 2012 462 2042 et
478 2005 586 2042 firma
601 2010 733 2041 essent
745 2010 861 2053 pacta
874 2003 1021 2053 privata
1036 2010 1073 2040 et
1088 2016 1133 2039 ex
1149 2015 1280 2040 eorum
1295 2004 1459 2042 formula
1471 2005 1601 2045 liceret

156 2065 276 2103 actori
295 2066 432 2115 cuique
445 2065 511 2117 jus
531 2078 642 2102 suum
659 2077 681 2101 a
697 2064 861 2101 debente
882 2070 1073 2114 repetere:
1104 2076 1190 2112 quae
1211 2070 1337 2100 autem
1358 2064 1515 2103 crimina
1534 2080 1603 2118 pu-

153 2126 254 2165 blica
277 2134 368 2165 sunt
386 2127 587 2178 ejusmodi,
607 2133 650 2164 ut
670 2139 780 2176 super
799 2126 842 2163 iis
862 2125 976 2164 lleeat
997 2126 1035 2163 in
1059 2138 1143 2162 reos
1167 2138 1294 2175 agere,
1315 2127 1392 2165 sive
1416 2141 1462 2165 ex
1487 2130 1598 2169 titulo

155 2197 315 2240 γραφῆς,
339 2188 416 2226 sive
438 2188 548 2227 titulo
576 2188 734 2240 φάσεως,
762 2188 840 2225 sive
865 2187 1060 2234 ἐνδείξεως,
1090 2187 1167 2224 sive
1195 2189 1417 2237 ἀπαγωγῆς,
1446 2189 1601 2230 illorum

153 2264 273 2290 causa
290 2251 444 2289 decreto
460 2250 652 2297 sanxistis,
671 2249 859 2288 utendum
879 2250 1030 2301 legibus
1050 2262 1135 2287 esse
1155 2250 1202 2286 ab
1224 2249 1384 2288 Euclide
1404 2251 1599 2291 Archonte

151 2313 255 2351 inde.
312 2312 635 2362 Quandoquidem
663 2311 777 2362 igitur
803 2311 910 2349 vobis
939 2311 1085 2362 placuit
1107 2310 1284 2361 antiquas
1308 2312 1412 2362 leges
1435 2315 1596 2351 examini

151 2373 337 2419 submittI,
353 2386 476 2423 eoque
488 2373 526 2410 in
541 2373 713 2411 examine
728 2373 910 2423 probatas
926 2373 1172 2411 inliteratum
1189 2381 1439 2412 monumenta
1455 2376 1596 2419 referri,

151 2434 435 2487 magistratibus
455 2441 583 2472 autem
610 2434 786 2472 omnibus
815 2433 990 2471 interdici
1009 2447 1056 2472 ne
1076 2446 1154 2484 qua
1181 2433 1267 2484 lege
1297 2441 1452 2472 utantur
1480 2436 1598 2474 literis

151 2511 230 2536 non
257 2497 486 2547 consignata
514 2508 744 2546 quacunque
774 2495 930 2533 tandem
961 2496 999 2532 in
1022 2508 1075 2541 re,
1098 2495 1203 2541 item,
1226 2496 1422 2534 decretum
1448 2497 1596 2534 nullum

151 2559 229 2598 sive
249 2565 402 2597 senatus
421 2559 470 2596 sit
488 2558 568 2595 sive
587 2557 707 2608 plebis
727 2557 812 2607 lege
830 2557 993 2595 validius
1019 2570 1118 2602 esse,
1138 2571 1263 2608 neque
1292 2557 1404 2595 licere
1424 2558 1460 2594 in
1481 2559 1598 2597 unius

150 2619 312 2663 hominis
342 2618 544 2670 singularis
573 2619 652 2656 sive
678 2619 838 2669 gratiam
869 2618 947 2656 sive
965 2618 1142 2656 fraudem
1163 2618 1250 2656 ferri
1268 2618 1393 2668 legem
1413 2631 1498 2669 quae
1517 2633 1596 2658 non·

150 2681 243 2718 item
259 2681 307 2717 de
325 2680 501 2718 omnibus
521 2680 675 2717 omnino
694 2679 743 2717 sit
759 2679 1063 2718 Atheniensibus
1084 2679 1259 2724 valitura,
1279 2678 1450 2723 tandem,
1472 2681 1596 2732 utjus

151 2749 191 2779 et
208 2742 266 2779 fas
287 2741 337 2778 sit
354 2742 501 2791 legibus
520 2754 591 2778 usu
608 2741 774 2792 receptis
793 2748 832 2779 et
850 2741 939 2779 ratis
956 2742 1009 2779 uti
1030 2741 1116 2778 inde
1135 2741 1181 2777 ab
1196 2739 1390 2777 Archonte
1407 2740 1568 2781 Euclide
1583 2757 1593 2782 ε

151 2802 321 2839 ullumne
349 2808 474 2850 potest
498 2814 583 2840 esse
605 2809 671 2840 aut
691 2808 817 2840 mente
836 2802 928 2853 fingi
948 2801 1167 2852 psephisma
1185 2812 1234 2837 ex
1256 2812 1388 2838 eorum
1416 2815 1591 2849 numero,

150 2876 237 2914 quae
268 2861 463 2899 Archonte
490 2862 650 2901 Euclide
674 2862 881 2900 vetustiora
909 2863 997 2907 sint,
1018 2863 1095 2899 sive
1125 2860 1275 2910 majoris
1305 2863 1485 2902 momenti
1514 2878 1591 2903 rem
