1822 3219
238 155 316 190 314
905 164 1078 201 LYSIAE

235 256 387 293 titulum
416 269 508 308 ergo
538 259 736 307 ἀδυνάτου,
759 275 826 300 seu
857 264 1025 309 invalidi,
1060 264 1169 314 cujus
1205 270 1393 315 praetextu
1424 265 1562 315 stipem
1592 264 1698 302 illam

237 318 363 355 adhuc
379 320 654 371 percepissem,
669 323 756 360 mihi
773 325 878 362 nullo
895 325 1007 362 modo
1023 334 1265 376 competere:
1297 333 1483 377 praeterea
1502 339 1561 364 me
1579 332 1698 364 artem

237 386 367 416 tenere
397 388 513 430 atque
539 395 716 422 exercere
743 392 820 422 tam
848 386 1102 430 fructuosam,
1125 393 1166 423 ut
1194 399 1240 424 ea
1265 386 1325 424 vel
1355 387 1452 433 sola,
1471 388 1585 425 etiam
1617 387 1700 425 sine

236 439 301 476 illo
321 439 528 490 stipendio,
548 457 610 481 me
632 446 750 494 possit
772 443 886 484 alere.
947 446 996 483 Et
1029 448 1266 497 argumentis
1298 447 1433 492 utitur,
1455 447 1505 486 ad
1533 447 1702 498 corporis

235 500 387 549 quidem
410 503 524 542 robur
545 505 903 552 demonstrandum,
926 507 1014 552 hoc,
1037 507 1142 558 quod
1170 507 1265 545 alias
1296 507 1334 544 in
1368 521 1489 558 equos
1520 521 1597 546 non
1629 507 1702 545 sim

238 562 526 610 adscensurus;
558 567 608 604 ad
639 567 856 605 docendum
897 575 1025 606 autem
1061 576 1253 619 quaestum
1287 582 1335 607 ex
1368 577 1449 608 arte
1483 582 1543 606 me
1576 568 1702 606 facere

238 625 330 662 satis
350 627 505 664 uberem
526 628 575 665 ad
597 629 710 666 vitam
732 630 1045 675 sustentandam,
1066 630 1176 676 istoc,
1192 629 1293 680 quod
1317 629 1601 667 consuetudine
1620 634 1705 665 utar

237 684 432 723 hominurn
454 694 764 742 sumptuosorum
781 697 819 727 et
836 690 1105 740 procligalium.
1164 690 1365 732 Quaestum
1381 689 1537 740 quidem
1558 702 1605 727 ex
1624 695 1704 727 arte

239 758 325 783 mea
353 747 544 797 vitamque
577 749 776 799 reliquam,
801 764 888 800 quae
918 751 978 795 sit,
1009 751 1144 795 nostis,
1165 760 1379 795 senatore5‚
1414 751 1452 787 ni
1483 749 1608 794 fallor,
1634 761 1703 786 vos

238 818 395 844 omnes:
427 807 551 845 dicam
574 816 704 847 tamen
734 810 982 848 nihilominus
1011 811 1159 861 paucis.
1217 811 1333 849 Pater
1359 811 1583 848 facultatum
1614 808 1705 846 mihi

238 866 331 904 nihil
364 868 526 919 reliquit,
555 870 700 907 dudum
731 871 808 908 vita
839 871 1080 918 defunctus3
1119 879 1279 909 matrem
1307 871 1381 909 hoc
1419 870 1584 908 triennio
1617 876 1705 907 ante

238 927 393 966 demum
414 929 636 968 defunctam
660 931 707 969 de
729 944 812 969 meo
834 932 883 970 ad
901 932 988 970 vitae
1004 932 1118 970 finem
1138 945 1258 982 usque
1275 932 1376 975 alui;
1408 932 1515 970 liberi
1534 931 1704 968 nondum

240 995 343 1034 sunt,
364 990 430 1039 qui
459 991 558 1028 curis
585 991 662 1029 suis
682 1005 767 1030 meo
795 993 946 1043 corpori
968 993 1016 1030 de
1040 993 1142 1030 victu
1168 993 1353 1042 cultuque
1377 991 1596 1029 necessario
1617 1003 1706 1041 pro·

241 1050 414 1099 spiciant.
474 1053 625 1098 Artem,
644 1065 757 1102 quam
774 1053 943 1090 sterilem
964 1066 1174 1104 parumque
1202 1054 1438 1090 fructuosam
1460 1063 1630 1095 exerceo,
1648 1050 1706 1087 in-

239 1110 337 1160 cipio
352 1111 433 1162 jam
454 1113 665 1164 obrepente
696 1114 800 1152 senio
828 1127 931 1164 aegre
958 1127 1162 1157 exercere;
1196 1127 1318 1164 neque
1349 1121 1595 1164 comparcere
1616 1111 1707 1150 mihi

239 1170 460 1210 adhucdum
496 1175 601 1224 potui
633 1182 784 1213 tantum
817 1175 918 1221 aeris,
947 1176 1053 1213 unde
1084 1188 1236 1213 servum
1268 1187 1448 1220 emerem,
1474 1187 1590 1224 quem
1620 1186 1708 1212 eam

240 1237 359 1268 artem
390 1234 567 1272 docerem
602 1248 723 1283 eoque
757 1236 932 1287 adjutore
953 1238 989 1273 in
1011 1236 1076 1274 illa
1098 1236 1314 1274 exercenda
1336 1242 1474 1272 uterer.
1531 1234 1709 1284 Vectigal

241 1293 330 1330 mihi
348 1295 495 1333 nullum
515 1303 575 1334 est
593 1297 711 1342 aliud,
732 1304 872 1348 praeter
891 1298 988 1335 hanc
1011 1298 1164 1348 stipem,
1186 1310 1263 1349 qua
1284 1297 1314 1335 si
1335 1310 1394 1334 me
1413 1295 1586 1347 privetis,
1605 1295 1709 1346 peri-

240 1353 351 1392 clitor
381 1356 428 1394 de
461 1365 562 1395 sorte
591 1358 781 1397 dirissima
810 1359 1026 1397 subeunda.
1086 1360 1331 1410 Quapropter
1364 1371 1484 1409 penes
1519 1370 1586 1395 vos
1618 1370 1706 1396 cum
1747 1400 1750 1402 ,

240 1415 301 1460 sit,
325 1424 535 1465 senatores,
570 1419 619 1457 ita
645 1432 705 1458 me
737 1433 902 1465 servare,
934 1429 974 1457 ut
1007 1434 1083 1458 nna
1107 1421 1171 1471 jus
1202 1428 1240 1458 et
1269 1422 1322 1457 fas
1351 1433 1506 1470 quoque
1535 1420 1709 1464 servetis,

241 1476 357 1514 nolite
379 1491 437 1516 me
458 1480 510 1517 ita
530 1480 701 1530 perdere,
723 1488 765 1518 ut
791 1491 837 1519 eo
868 1481 972 1519 facto
993 1488 1140 1519 vosmet
1175 1481 1246 1531 ipsi
1276 1494 1426 1518 summo
1461 1480 1604 1519 scelere
1638 1481 1708 1518 ob-

239 1539 499 1590 stringamini;
531 1555 655 1592 neque
676 1542 867 1580 detrahite
889 1543 978 1580 mihi
1001 1556 1102 1580 nunc
1127 1543 1265 1581 seniori
1292 1549 1332 1581 et
1363 1542 1574 1580 invalidiori
1606 1543 1708 1580 facto

243 1598 296 1645 id,
315 1601 420 1650 quod
440 1601 530 1640 olim
550 1603 694 1653 juniori
725 1603 852 1641 adhuc
878 1611 994 1654 atque
1015 1603 1216 1642 valentiori
1248 1603 1420 1647 dabatis;
1453 1615 1578 1652 neque
1602 1603 1713 1640 sinite

231 1662 292 1713 *ab
312 1661 424 1713 hujus
444 1666 682 1703 accusatoris
705 1666 777 1702 mei
800 1666 1001 1704 calumniis
1023 1666 1076 1703 ita
1095 1679 1163 1704 vos
1185 1665 1336 1704 incitari
1357 1672 1472 1716 atque
1487 1665 1526 1702 in
1544 1665 1710 1703 furorem

243 1722 319 1771 agi,
340 1729 381 1760 ut
411 1725 629 1763 crudelibus
660 1725 785 1763 modis
812 1726 1007 1777 accipiatis
1036 1738 1117 1772 θος,
1138 1739 1302 1776 quorum
1332 1725 1483 1763 miseria
1514 1725 1574 1762 vel
1607 1725 1710 1776 ipsos

242 1780 416 1821 inimicos
436 1786 484 1822 ad
506 1787 857 1824 commiserandum
891 1787 1037 1824 flexura
1066 1788 1129 1832 sit,
1158 1795 1363 1838 postquam
1398 1787 1486 1825 olim
1519 1799 1611 1838 erga
1643 1799 1711 1825 eos

243 1842 350 1893 ipsos
381 1845 493 1892 adeo,
521 1847 660 1897 quibus
694 1860 833 1899 corpus
865 1847 971 1885 nulla
1005 1848 1262 1886 deformatum
1293 1855 1398 1885 esset
1429 1848 1527 1893 labe,
1555 1848 1713 1886 mirifice

244 1906 507 1945 misericordes
527 1908 720 1951 fuissetis;
753 1921 878 1958 neque
896 1909 1062 1959 reliquos
1083 1910 1162 1959 pari
1183 1910 1296 1946 sortis
1318 1908 1548 1947 adversitate
1564 1922 1714 1948 mecum

244 1976 335 2006 usos
367 1970 417 2007 ad
451 1971 669 2009 moestitiam
705 1979 819 2021 atque
853 1971 1163 2022 desperationem
1193 1972 1349 2022 adigite,
1372 1971 1408 2008 id
1437 1972 1542 2021 quod
1573 1971 1712 2010 facturi

245 2030 326 2068 sitis
349 2031 380 2068 si
401 2031 491 2068 mihi
517 2032 690 2082 injuriam
717 2032 855 2070 offerre
884 2033 1122 2070 sustineatis.
1183 2033 1297 2069 Foret
1322 2033 1454 2082 utique
1489 2032 1714 2078 abhorrens,

244 2104 327 2136 vos,
349 2099 563 2139 senatores,
589 2106 704 2143 quam
739 2094 877 2144 stipem
911 2106 970 2130 me
998 2093 1087 2131 olim
1117 2094 1220 2143 passi
1239 2093 1330 2131 estis
1351 2106 1373 2130 a
1394 2105 1474 2143 rep.
1494 2093 1712 2137 ferre‚·cum

245 2152 463 2191 calamitate
484 2153 612 2191 adhuc
633 2154 796 2204 simplici
818 2166 1025 2203 premerer,
1043 2167 1127 2191 eam
1149 2152 1240 2190 mihi
1259 2153 1332 2191 hoc
1349 2152 1519 2204 tempore
1539 2159 1713 2204 ereptum

245 2213 311 2258 ire,
332 2227 407 2263 quo
427 2214 475 2252 ad
497 2215 597 2251 illam
615 2215 705 2252 olim
724 2215 935 2265 simplicem
955 2214 1210 2251 calamitatem
1233 2215 1400 2263 [artuum
1417 2213 1714 2262 mutilationem]

247 2276 440 2325 geminum
463 2276 566 2313 aliud
586 2276 751 2314 accessit
771 2277 928 2321 malum,
957 2276 1107 2313 senium
1135 2282 1173 2312 et
1203 2275 1322 2312 morbi
1342 2287 1430 2313 cum
1451 2281 1534 2312 tota
1553 2274 1712 2314 cohorte

244 2336 430 2373 malorum
451 2337 555 2373 illinc
580 2337 864 2373 exsistentium.
924 2337 1172 2385 Paupertatis
1193 2348 1288 2372 meae
1310 2334 1616 2386 magnitudinem
1649 2336 1708 2373 vel

243 2398 347 2434 solus
374 2396 524 2434 videtur
555 2404 755 2434 accusator
786 2411 893 2434 meus
926 2397 1066 2434 docere
1097 2409 1211 2446 posse
1240 2395 1409 2433 omnium
1441 2395 1708 2447 liquidissime.

246 2458 324 2496 Fac
346 2471 419 2503 me,
440 2458 650 2508 choregum
680 2459 877 2508 tragoediis
910 2465 1189 2508 nuncupatum,
1219 2456 1271 2493 illi
1297 2456 1555 2494 conditionem
1579 2455 1712 2494 offerre

245 2520 484 2558 fortunarum
514 2520 871 2569 permutandarum.
931 2519 1034 2561 Quid
1070 2518 1181 2556 tum?
1237 2518 1308 2555 Vel
1338 2518 1467 2555 decies
1492 2517 1601 2554 malit
1619 2517 1710 2555 cho-

246 2581 327 2630 regi
347 2587 474 2631 partes
495 2593 623 2630 agere,
643 2593 757 2630 quam
780 2580 898 2617 semel
920 2581 1093 2617 fortunas
1115 2591 1268 2617 mecum
1297 2585 1528 2629 permutare.
1588 2578 1711 2630 Ecqui

248 2655 340 2692 ergo
373 2655 487 2692 grave
516 2655 592 2679 non
622 2642 671 2678 sit
703 2650 966 2679 accusatorem
990 2642 1144 2692 jactare
1174 2640 1328 2684 audere,
1364 2652 1422 2677 me
1454 2641 1504 2677 ob
1535 2648 1711 2691 quaestus

246 2705 461 2741 ubertatem
479 2716 566 2741 cum
597 2702 902 2753 locupletissimis
925 2703 1067 2740 versari
1101 2710 1216 2752 atque
1246 2700 1516 2751 prodigalitate
1549 2710 1712 2747 certare,

248 2764 312 2813 qui
332 2772 548 2808 accusator,
569 2764 600 2801 si
631 2763 734 2814 quod
768 2762 850 2800 dixi
881 2764 1045 2807 eveniat,
1067 2770 1145 2800 tam
1175 2775 1214 2799 se
1243 2762 1292 2799 sit
1320 2761 1493 2812 iniquum
1521 2769 1559 2800 et
1589 2762 1710 2801 multo

247 2825 360 2863 etiam
383 2825 602 2875 nequiorem
622 2823 886 2862 exhibiturus?

266 2888 269 2912 ἶ
305 2888 343 2924 3;
374 2887 434 2924 De
455 2886 665 2938 gestatione
687 2899 770 2924 mea
791 2885 827 2922 in
847 2898 948 2935 equo
965 2884 1068 2935 quod
1089 2896 1175 2921 eum
1197 2883 1288 2920 nihil
1309 2884 1447 2934 puduit
1464 2884 1513 2921 ad
1529 2896 1596 2921 vos
1612 2896 1716 2922 com·-

251 2961 474 2993 memorare,
494 2961 620 2997 neque
655 2946 801 2985 ultricis
837 2947 1000 2984 forturroe
1020 2945 1137 2983 ‘metu
1167 2944 1409 2982 absterritum
1437 2955 1562 2992 neque
1582 2943 1711 2982 vultus
