1822 3219
211 132 260 169 36
743 129 1116 169 ANTIPHONTIS

210 232 240 270 si
262 231 324 268 ille
341 231 538 268 verberum
558 241 635 267 non
653 230 753 268 ultro
774 231 928 268 fecisset
943 230 1088 268 initium
1104 243 1112 267 ε
1142 228 1245 279 quod
1262 227 1293 266 si
1312 240 1403 278 ergo
1421 228 1548 279 plagoe
1564 239 1658 266 mor-

208 302 283 330 tem
305 291 358 329 illi
376 298 661 332 contraxerunt.
684 290 764 341 ipse
785 291 855 328 sibi
872 303 939 328 eas
953 291 1104 341 plagas,
1120 289 1294 338 adeoque
1315 301 1382 338 per
1400 300 1465 326 eas
1485 295 1655 332 mortem,

209 352 384 390 manibus
407 352 485 390 suis
501 351 713 389 contraxit:
745 358 934 388 testantur
949 351 1079 403 itaque
1098 349 1169 387 illae
1191 349 1330 399 plagae,
1347 360 1423 385 non
1443 347 1481 384 in
1499 361 1573 392 me,
1588 346 1659 386 sed

207 413 244 449 in
277 412 401 462 ipsum
428 411 701 449 conferendam
730 424 813 448 esse
838 411 970 448 mortis
993 423 1174 452 causam3
1206 421 1292 446 nam
1314 408 1385 446 nisi
1402 408 1658 458 vapulassem,

208 484 286 510 non
306 473 621 510 reverberassem.
678 472 894 522 Aggressor
908 471 1037 521 itaque
1054 484 1140 508 cum
1160 482 1220 507 me
1235 468 1398 507 audacia
1413 481 1494 505 suae
1508 480 1661 518 aggres-

208 532 326 570 sionis
345 546 368 571 a
388 533 504 583 culpa
519 531 636 570 eaedis
657 532 739 581 ipse
760 532 947 575 absolvat,
966 530 1073 568 nullo
1101 538 1212 580 pacto
1235 529 1322 567 licet
1345 541 1403 565 me
1428 527 1659 565 homicidam

209 594 292 643 ejus
312 593 456 632 haberi.
515 593 623 630 Mors
642 593 818 630 insecuta
841 592 920 629 sive
944 590 1153 629 infelicitati
1176 590 1253 626 sive
1281 587 1484 626 temeritati
1506 586 1660 625 cuidam

208 653 472 703 imputabitur,
493 653 542 689 ad
563 664 622 689 me
645 652 694 688 nil
716 652 900 701 pertinet:
932 664 1020 688 nam
1041 650 1072 688 si
1093 663 1158 700 per
1179 649 1440 686 infelicitatem
1465 647 1659 697 quandam

209 713 334 762 periit,
355 725 431 750 non
454 713 518 750 illa
547 725 644 756 mea,
667 712 734 748 sed
762 712 881 761 ipsius
911 720 968 750 est
995 710 1408 758 infelicitas—ecquae
1437 719 1522 746 mea
1549 707 1662 757 culpa

210 773 250 810 in
269 785 314 810 eo
333 780 407 816 θεῖ,-
428 773 531 822 quod
561 779 638 810 tam
665 772 794 809 infelix
818 773 902 815 fuit,
922 779 966 809 ut
991 771 1131 820 pugnis
1159 783 1218 809 me
1247 769 1345 819 prior
1373 769 1661 811 incesseret—,

212 833 269 870 sin
302 840 430 870 autem
459 833 673 871 temeritate
702 833 826 883 periit,
855 833 943 869 item
972 832 1037 869 illa
1066 844 1135 868 sua
1164 830 1295 880 periit:
1325 842 1394 867 cur
1421 827 1661 878 desipiebat?

214 906 280 930 cur
300 906 407 930 mens
428 893 463 930 ei
483 900 561 930 tarn
585 894 682 930 laeva
700 901 794 938 erat,
818 900 860 929 ut
884 893 1103 930 verberibus
1132 904 1191 928 me
1220 889 1452 928 lacesseret?
1497 889 1661 926 Planum

211 953 286 990 feci
305 960 547 991 accusatores
562 953 704 1003 injuste
720 966 848 1003 agere,
865 966 926 990 me
942 953 1177 990 incusantes.
1236 951 1315 988 lain
1331 951 1493 994 docebo,
1506 949 1661 996 eosdem

212 1013 285 1050 illis
305 1013 398 1063 ipsis
418 1014 594 1051 omnibus
613 1014 800 1052 obnoxios
818 1026 918 1058 esse,
934 1025 1095 1062 quorum
1117 1025 1175 1049 me
1196 1011 1432 1048 insimulant.
1487 1011 1662 1048 Conten-

213 1074 349 1112 deutes
368 1074 468 1111 enim.
488 1087 555 1124 per
574 1073 732 1112 insidias
754 1087 845 1112 suas
865 1074 981 1112 vitam
1001 1074 1193 1111 innocenti
1212 1073 1302 1110 mihi
1320 1074 1478 1123 eripere,
1498 1085 1576 1121 qua
1593 1070 1663 1109 ad-

213 1135 289 1172 huc
320 1134 448 1172 divino
481 1147 638 1172 munere
669 1134 833 1184 gaudeo,
857 1135 1036 1184 pietatem
1065 1147 1156 1184 erga
1184 1134 1299 1171 deum
1325 1133 1490 1171 violant:
1523 1131 1663 1170 deiude

214 1207 348 1234 necem
376 1194 466 1232 milii
492 1207 559 1244 per
585 1207 776 1231 summum
798 1194 906 1232 nefas
928 1194 1205 1237 machinantes,
1221 1196 1308 1243 jura
1324 1194 1494 1230 humana
1510 1200 1664 1230 conturu

212 1254 309 1291 bant
336 1260 375 1290 et
401 1254 470 1304 ipsi
497 1254 594 1292 fiunt
618 1254 822 1292 homicidae
847 1256 940 1292 mei:
972 1255 1085 1304 impia
1114 1252 1276 1303 denique
1300 1253 1563 1291 cohortatione
1588 1265 1664 1303 qua

215 1327 283 1352 vos
313 1315 363 1351 ad
391 1315 678 1353 decernendam
707 1315 798 1352 mihi
828 1328 958 1352 necem
984 1315 1182 1365 instigant,
1208 1322 1373 1352 vestram
1399 1327 1550 1364 quoque
1575 1314 1664 1352 reli-

215 1376 365 1424 gionem
389 1375 584 1425 jugulant,
641 1377 739 1417 Quae
767 1377 816 1412 ob
845 1376 990 1413 nefaria
1011 1376 1173 1413 consilia
1195 1375 1291 1413 deus
1313 1388 1379 1412 eos
1402 1375 1538 1412 merita
1563 1387 1662 1412 mer-

214 1435 309 1472 cede
330 1442 495 1473 mactet:
527 1448 594 1474 vos
614 1443 741 1473 autem
762 1436 887 1481 decet,
906 1436 945 1473 in
965 1437 1003 1473 id
1024 1436 1128 1485 quod
1156 1436 1281 1472 vestri·
1295 1436 1463 1472 muneris
1490 1442 1549 1472 est
1570 1435 1662 1473 irre-

214 1495 322 1532 tortis
343 1495 463 1532 oculis
484 1495 690 1540 intuentes,
705 1508 766 1532 me
786 1495 984 1532 absolvere
1005 1496 1128 1545 potius
1148 1508 1263 1546 quam
1282 1495 1538 1532 condemnare
1551 1495 1664 1533 velle.

216 1554 354 1592 Tutius
375 1555 476 1592 enim
497 1554 603 1592 vobis
623 1554 715 1592 illud
739 1562 799 1592 est
817 1563 933 1604 atque
952 1556 1182 1600 consultius,
1201 1569 1315 1605 quam
1343 1557 1440 1593 hoc:
1469 1556 1532 1593 fac
1561 1556 1662 1592 enim

215 1627 291 1660 me,
312 1627 397 1652 cum
419 1627 560 1652 nocens
581 1614 664 1658 sim,
686 1622 816 1652 tamen
835 1628 858 1652 a
877 1615 983 1653 vobis
1003 1615 1164 1659 absolvi,
1182 1623 1221 1652 et
1240 1616 1294 1653 sic
1319 1616 1502 1666 perempti
1530 1618 1663 1653 manes

216 1674 360 1712 inultos
380 1684 418 1712 et
438 1675 660 1723 implacatos
680 1687 846 1719 manere,
866 1684 995 1713 vestra
1013 1689 1059 1713 ea
1077 1676 1191 1725 culpa
1216 1689 1292 1713 non
1322 1683 1383 1713 est
1410 1688 1533 1726 neque
1557 1676 1663 1714 vobis

217 1747 345 1784 poenae
364 1735 530 1772 manium
552 1741 664 1772 erunt
682 1735 847 1781 infestae,
864 1736 933 1773 sed
954 1735 1057 1781 mihi,
1080 1736 1109 1773 si
1130 1749 1197 1772 vos
1217 1736 1387 1773 oratione
1406 1737 1665 1775 commentitia

218 1794 407 1845 decepero
428 1796 700 1844 veritatemque
720 1796 773 1833 rei
791 1802 910 1845 gestae
927 1796 1033 1833 vobis
1054 1809 1121 1846 per
1139 1797 1339 1833 verborum
1361 1796 1572 1846 praestigias
1591 1798 1663 1834 eri-

218 1867 354 1904 puero3
383 1855 421 1892 in
442 1855 629 1905 ejusmodi
649 1855 736 1892 loco
757 1868 833 1893 non
854 1864 990 1906 peccat
1008 1869 1133 1906 neque
1148 1863 1300 1895 tenetur
1319 1857 1361 1901 is,
1378 1858 1443 1907 qui
1462 1864 1566 1895 recte
1581 1870 1661 1896 rem

215 1914 375 1952 edoctus
394 1927 470 1951 non
492 1915 619 1958 fuerit,
639 1914 708 1952 sed
730 1915 805 1959 ille,
827 1915 890 1964 qui
910 1923 1013 1954 recte
1034 1915 1173 1954 docere
1199 1916 1385 1954 noluerit:
1417 1924 1549 1954 contra
1574 1931 1665 1956 vero

214 1987 238 2012 a
252 1976 360 2012 vobis
381 1975 516 2022 injuria
529 1974 730 2012 damnatus
745 1988 816 2025 ego
833 1976 1042 2026 relinquam
1059 1978 1214 2014 ultrices
1228 1977 1300 2014 mei
1318 1977 1515 2027 sanguinis
1529 1991 1663 2027 poenas

215 2035 387 2079 furiales,
408 2048 506 2085 quae,
529 2035 601 2072 hoc
631 2043 857 2073 accusatore
888 2049 973 2074 meo
1001 2038 1158 2083 omisso,
1184 2038 1249 2088 qui
1278 2037 1371 2074 alias
1399 2038 1444 2074 iis
1475 2039 1663 2076 obnoxius

216 2094 326 2140 foret,
345 2095 382 2131 in
402 2108 470 2131 vos
490 2095 641 2132 infestae
661 2095 866 2134 incurrent.
924 2098 1052 2138 Quare
1077 2099 1192 2147 agite,
1215 2098 1346 2135 horum
1374 2109 1573 2142 memores,
1593 2099 1663 2134 im-

216 2154 396 2203 pietatem
418 2155 519 2192 lianc
537 2155 595 2192 his
618 2155 739 2204 impiis
759 2156 989 2201 hominibus,
1010 2156 1296 2195 accusatoribus
1322 2157 1429 2200 meis,
1450 2156 1663 2205 relinquite,

217 2221 258 2252 et
276 2221 500 2251 conservate
520 2215 647 2264 potius
667 2216 819 2265 ipsimet
837 2228 974 2253 manus
997 2224 1140 2254 vestras
1162 2230 1184 2254 a
1202 2229 1336 2254 cruore
1357 2229 1488 2266 puras,
1509 2230 1569 2254 me
1595 2219 1662 2255 ab-

218 2273 422 2316 solvendo;
461 2273 564 2323 quod
593 2287 681 2311 cum
710 2274 868 2318 facietis,
898 2278 1165 2314 convenienter
1194 2276 1400 2326 divinoque
1429 2285 1468 2314 et
1495 2277 1663 2316 humano

213 2333 290 2382 juri
305 2333 471 2376 facietis;
502 2341 540 2371 et
560 2333 613 2370 sic
635 2334 823 2371 universae
844 2348 995 2385 quoque
1016 2336 1176 2374 civitatis
1196 2337 1446 2374 sanctimonia
1461 2337 1566 2375 salva
1581 2339 1663 2376 erit.
