1822 3219
258 167 337 203 120
819 170 1120 210 ANDOCIDIS

255 268 305 308 Et
318 270 563 310 nihilominus
579 279 704 312 tamen
720 274 833 313 iidem
849 289 871 314 a
888 277 995 315 vobis
1007 277 1232 327 coronisque
1247 282 1286 314 et
1300 275 1447 314 illarum
1463 289 1688 316 coronarum

251 333 450 382 praeconiis
469 344 664 379 ornantur,
678 349 747 374 ceu
766 338 831 374 viri
849 338 963 376 fortes
979 346 1091 386 atque
1107 338 1206 376 boni.
1264 336 1396 388 Neque
1411 351 1484 389 ego
1498 339 1689 378 infitiabor

251 401 353 432 recte
373 396 425 432 ita
444 396 549 434 vobis
569 397 668 435 fieri:
698 412 836 449 magna
855 401 954 438 enim
974 401 1090 438 virtus
1110 408 1168 438 est
1186 399 1343 450 patriam
1358 412 1504 446 ornare,
1516 413 1687 450 quocun-

251 469 325 506 que
350 457 511 508 quisque
539 459 652 496 modo
679 461 854 510 potuerit.
916 462 1187 500 Verumtamen
1217 461 1287 499 hoc
1313 468 1418 499 certe
1446 474 1603 500 necesse
1627 470 1688 500 est

252 519 439 559 neminem
460 534 536 558 non
557 535 725 567 cernere,
746 523 882 560 summi
901 523 1039 561 debere
1066 523 1171 561 illum
1199 523 1290 567 fleri,
1312 523 1342 560 si
1369 523 1454 573 quis
1479 523 1690 574 opibusque

250 581 328 619 suis
348 582 507 634 ipsoque
527 596 683 634 corpore
705 585 741 621 in
763 584 883 623 aleam
905 585 1002 623 datis
1028 584 1231 636 promereri
1257 585 1359 622 cives
1387 596 1475 622 suos
1502 584 1604 622 haud
1632 597 1690 622 re-

252 651 373 680 cuset.

305 707 343 741 4.
371 704 456 742 Jam
478 719 564 756 quae
582 707 617 744 in
640 720 704 744 vos
717 707 796 758 jam
819 707 963 745 dudum
985 707 1144 754 contuli,
1163 707 1337 746 videmini
1358 707 1446 744 mihi
1466 719 1535 745 vos
1555 719 1690 744 omnes

252 767 526 818 propemodum
548 781 593 805 ea
612 774 762 806 tenere:
793 782 878 819 quae
898 778 1024 808 autem
1045 771 1287 821 imposterum
1309 769 1416 806 vobis
1438 769 1507 806 sim
1527 781 1693 806 commo-

251 826 408 866 daturus
429 835 465 866 et
490 842 576 879 quae
595 829 677 881 jam
703 843 804 868 nunc
830 831 1021 869 instituam
1047 844 1254 882 paremque
1281 830 1388 868 vobis
1415 830 1625 880 profutura,
1645 842 1691 868 ea

249 902 335 926 cum
355 890 572 941 quingentis
592 905 612 929 e
632 905 789 930 numero
803 900 940 939 vestro,
956 893 1028 931 hoc
1049 900 1107 931 est
1124 907 1209 932 cum
1227 900 1376 938 senatu,
1392 892 1690 936 communicavi:

250 965 346 1003 quos
367 952 403 990 in
419 953 612 1004 capiendis
629 954 793 992 consiliis
810 955 934 993 minus
950 957 1189 993 aberraturos
1205 968 1286 993 esse
1303 961 1604 993 consentaneum
1617 961 1689 999 est,

250 1025 362 1063 quam
381 1014 411 1051 si
428 1027 493 1052 vos
508 1021 695 1065 oporteat,
710 1029 732 1054 a
746 1029 806 1054 me
821 1017 955 1054 doctos
972 1017 1053 1054 haee
1069 1017 1304 1068 eadem‚jam
1319 1029 1420 1054 nunc
1437 1015 1563 1054 statim
1577 1029 1692 1067 supe-r

250 1075 295 1113 iis
315 1076 353 1113 in
373 1076 682 1115 deliberationem
702 1078 767 1116 ire.
826 1079 885 1116 Illi
905 1078 1020 1123 enim,
1033 1085 1227 1116 senatores
1243 1079 1371 1122 vestri,
1386 1078 1435 1115 de
1454 1078 1567 1115 rebus
1585 1077 1634 1115 ad
1650 1090 1691 1116 se

251 1137 378 1175 relatis
392 1151 456 1188 per
468 1138 584 1176 otium
599 1139 824 1185 deliberant,
838 1153 1084 1190 errorumque
1100 1140 1131 1177 si
1147 1152 1241 1190 quos
1253 1140 1492 1177 committant
1507 1138 1691 1177 rationem

251 1200 357 1238 vobis
379 1200 521 1238 debent
536 1209 761 1253 turpemque
775 1202 812 1239 in
826 1202 965 1239 famam
982 1201 1084 1252 apud
1101 1215 1168 1239 vos
1184 1202 1347 1252 reliquos
1366 1201 1466 1238 cives
1479 1201 1693 1245 incurrunt3

252 1272 479 1312 quapropter
497 1276 655 1301 necesse
675 1272 746 1308 est,
767 1277 834 1302 eos
855 1264 889 1301 in
911 1264 1104 1315 capiendis
1125 1264 1295 1302 consiliis
1314 1277 1463 1301 summa
1483 1262 1557 1300 fide
1578 1269 1693 1313 atque

251 1322 591 1373 circumspectione
610 1325 774 1362 versari:
804 1338 872 1363 vos
889 1333 1015 1362 autem
1034 1325 1103 1375 ipsi
1124 1325 1303 1375 quicquid
1322 1324 1473 1361 tandem
1490 1324 1569 1361 ulla
1585 1323 1633 1361 de
1653 1336 1693 1361 re

253 1384 469 1430 decernitis,
484 1398 597 1423 nemo
611 1393 682 1431 est,
696 1386 759 1436 qui
776 1399 843 1423 vos
858 1386 945 1423 ideo
960 1386 1120 1429 incuset,
1134 1386 1164 1424 si
1178 1386 1268 1436 quid
1286 1385 1374 1422 inde
1387 1385 1508 1422 secius
1525 1384 1692 1427 eveniat:

252 1459 402 1496 aequum
425 1446 522 1483 enim
543 1454 614 1492 est,
633 1447 741 1484 vobis
763 1447 906 1484 salvum
933 1460 1017 1485 esse
1040 1447 1104 1498 jus
1135 1455 1317 1490 vestrum,
1336 1445 1472 1483 vestris
1501 1445 1549 1483 de
1579 1446 1693 1482 rebus

251 1520 320 1558 pro
351 1507 505 1546 arbitrio
533 1516 673 1553 vestre,
693 1509 771 1546 sive
800 1509 897 1546 bene
929 1509 1006 1545 sive
1036 1521 1148 1546 secus
1178 1507 1384 1545 statuendi.
1441 1507 1539 1550 Quae
1567 1513 1694 1544 tamen

253 1577 359 1608 extra
378 1569 442 1608 illa
461 1570 532 1607 sub
552 1570 689 1608 silentii
710 1570 784 1608 fide
804 1571 951 1608 senatui
970 1570 1174 1608 commissa
1198 1568 1468 1607 communicari
1497 1568 1693 1606 vobiscum

254 1640 427 1683 possunt,
444 1645 502 1679 ea,
517 1647 601 1671 cum
617 1633 696 1684 jam
717 1640 827 1684 gesta
847 1640 958 1684 atque
980 1641 1135 1684 peracta
1155 1631 1244 1676 sint,
1263 1645 1308 1669 ex
1326 1645 1385 1670 me
1401 1644 1504 1669 nunc
1519 1630 1694 1668 audietis.

253 1693 387 1731 Nostis
415 1707 564 1745 nempe,
585 1695 745 1732 diditum
773 1695 821 1732 ad
845 1708 911 1732 vos
931 1707 1178 1745 permanasse
1196 1706 1398 1737 rumorem,
1419 1693 1651 1730 frumentum
1672 1705 1694 1730 e

254 1756 382 1807 Cypro
403 1756 550 1793 nullum
570 1756 645 1794 huc
666 1770 751 1794 esse
771 1765 1059 1807 perventurum3
1089 1763 1128 1793 et
1145 1763 1252 1793 erant
1269 1755 1441 1806 profecto
1461 1755 1526 1805 qui
1545 1754 1584 1791 id
1603 1766 1694 1804 age-

253 1825 350 1861 rent,
371 1825 486 1868 atque
507 1818 824 1864 machinarentur,
846 1826 888 1856 ut
910 1832 956 1856 ea
980 1832 1048 1855 vos
1072 1817 1182 1856 clade
1202 1816 1466 1855 afficeremini:
1497 1828 1571 1867 ego
1590 1827 1694 1861 vero,

253 1886 296 1916 ut
316 1879 368 1916 illi
388 1893 455 1930 spe
476 1888 588 1930 atque
610 1880 874 1931 designatione
896 1893 965 1918 sua
984 1879 1217 1924 exciderent,
1238 1878 1329 1916 nihil
1350 1877 1440 1915 mihi
1462 1877 1512 1915 ad
1536 1884 1694 1914 conten-

254 1940 394 1978 tionem
417 1941 489 1979 feci
519 1942 717 1992 reliquum,
738 1949 779 1979 ut
803 1943 1004 1980 efficerem.
1062 1941 1211 1985 Quibus
1237 1947 1362 1977 autem
1391 1939 1428 1976 id
1454 1938 1578 1976 modis
1604 1938 1694 1975 arti-

253 2004 403 2054 busque
422 2003 625 2048 effecerim,
648 2004 699 2041 nil
721 2005 857 2042 attinet
876 2017 942 2041 vos
961 2017 1009 2041 ex
1030 2017 1088 2041 me
1109 2003 1262 2045 audire;
1293 2001 1330 2039 id
1351 2014 1468 2038 unum
1488 2012 1556 2038 vos
1576 1999 1692 2037 nolim

252 2066 442 2115 ignorare,
472 2066 575 2117 quod
604 2079 707 2104 nunc
736 2067 882 2118 agitur:
925 2065 1213 2117 quatuordecim
1244 2077 1359 2102 naves
1388 2062 1516 2114 granis
1543 2068 1695 2100 onustae

253 2136 400 2167 tantum
423 2142 497 2166 non
513 2130 593 2181 jam
613 2142 715 2166 nunc
735 2129 773 2166 in
794 2128 982 2166 Piraeeum
1003 2127 1244 2170 invehuntur,
1266 2126 1421 2177 reliquae
1439 2125 1521 2175 jam
1549 2123 1694 2160 dudum

254 2204 274 2229 e
295 2191 424 2242 Cypro
443 2198 586 2228 evectae
613 2191 716 2228 haud
742 2191 861 2228 multo
887 2199 972 2241 post
1001 2188 1112 2227 simul
1142 2201 1274 2225 omnes
1303 2185 1510 2236 appellent.
1565 2183 1694 2221 Vitam

256 2253 387 2290 mereri
407 2253 537 2302 nolim,
558 2253 588 2290 si
606 2252 714 2290 vobis
734 2265 884 2302 quoque
900 2252 981 2302 jam
1004 2263 1106 2287 nunc
1130 2262 1270 2286 arcana
1297 2247 1442 2299 possim
1470 2245 1604 2284 eadem
1631 2243 1696 2281 illa

255 2314 456 2364 impertire,
475 2327 560 2364 quae
587 2314 735 2351 senatui
764 2313 939 2363 impertii‚
960 2325 1035 2362 quo
1061 2323 1106 2348 eo
1123 2310 1202 2361 jam
1223 2322 1325 2347 nunc
1344 2307 1501 2352 sciretis,
1521 2306 1580 2344 vel
1607 2312 1696 2344 ante

255 2388 368 2426 quarn
388 2374 536 2413 effectui
556 2375 761 2413 dabuntur.
818 2375 960 2411 Verum
980 2373 1162 2424 quoniam
1188 2372 1226 2409 id
1254 2383 1329 2408 non
1355 2370 1458 2415 licet,
1477 2366 1707 2418 intelligetis

255 2437 320 2476 illa
340 2444 419 2475 tum
440 2438 634 2488 temporis,
654 2451 769 2489 quum
792 2436 930 2475 effecta
949 2443 1072 2482 erunt,
1095 2448 1245 2486 unaque
1266 2435 1430 2472 fructum
1455 2445 1585 2471 eorum
1611 2443 1695 2482 per-

256 2499 426 2550 cipietis:
451 2501 531 2550 jam
560 2513 648 2538 vero
676 2500 707 2538 si
736 2499 874 2543 velitis,
902 2499 1177 2544 Athenienses,
1202 2497 1359 2547 gratiam
1386 2495 1475 2533 mihi
1500 2493 1694 2545 quandam

255 2561 467 2612 indulgere,
487 2575 646 2612 eamque
667 2561 844 2611 exiguam
868 2561 1046 2612 nulloque
1066 2561 1171 2598 vobis
1191 2560 1318 2598 labore
1337 2558 1596 2600 constitutam,
1617 2566 1696 2591 rem

258 2624 425 2662 feceritis
443 2637 626 2675 perquam
648 2623 735 2660 mihi
753 2623 966 2674 jucundam
997 2624 1176 2661 futuram.
1233 2622 1357 2665 Quam
1378 2621 1484 2671 justa
1506 2624 1632 2655 autem
1659 2623 1699 2654 et

258 2699 368 2737 aequa
387 2686 435 2723 sit
453 2685 602 2730 eadem,
621 2684 842 2734 intelligetis
862 2698 975 2722 nunc.
1033 2684 1147 2727 Quod
1167 2683 1265 2721 enim
1293 2694 1359 2719 vos
1384 2680 1455 2732 ipsi
1481 2679 1581 2717 ultro
1608 2677 1697 2715 mihi

259 2748 515 2785 decreveratis
543 2747 632 2785 olim
661 2754 699 2784 et
727 2745 895 2784 dandum
925 2746 1194 2796 promiseratis,
1216 2743 1463 2795 postmodum
1492 2748 1617 2779 autem
1647 2740 1696 2778 ab

259 2808 342 2847 aliis
363 2810 474 2847 aliam
495 2810 542 2848 ad
563 2809 786 2848 sententiam
808 2808 972 2846 traducti
993 2820 1123 2845 rursus
1143 2805 1382 2849 ademeratis,
1403 2804 1441 2841 id
1460 2803 1558 2841 idem
1579 2813 1697 2845 nunc,

262 2878 325 2909 aut
345 2879 447 2921 peto,
467 2873 496 2909 si
517 2872 645 2918 vultis,
660 2878 740 2915 aut,
754 2871 785 2908 si
805 2869 993 2914 mavultis,
1016 2876 1146 2919 repeto
1166 2875 1281 2918 atque
1300 2879 1475 2917 reposco,
1494 2871 1607 2914 atque
1625 2862 1697 2899 hoc

262 2932 382 2983 magis
402 2946 477 2982 quo
498 2947 562 2971 vos
582 2934 672 2971 estis
693 2932 933 2970 liberaliores.
991 2932 1102 2982 Saepe'
1123 2930 1220 2968 enim
1241 2929 1448 2973 video,vos·
1462 2925 1579 2965 servis
1600 2923 1696 2969 adeo
