1822 3219
563 127 789 167 CONTRA
818 126 1187 165 DIOGITONEM.
1523 129 1600 165 359

153 237 325 281 patruus,
345 230 479 280 inquit,
499 230 677 281 idemque
693 242 786 268 avus
802 241 858 274 eS‚
877 241 964 267 cum
985 228 1101 266 frater
1117 227 1169 265 sis
1188 228 1272 278 ejus
1291 227 1374 272 viri,
1389 239 1410 264 e
1426 240 1503 278 quo
1516 240 1602 278 ego,

153 291 231 329 filia
263 298 342 336 tua,
371 298 492 342 pater,
524 291 593 328 hos
621 289 764 341 peperi.
818 289 954 331 Quod
985 288 1025 326 si
1055 288 1290 325 hominum
1326 288 1526 325 neminis
1558 295 1604 326 te

156 364 309 401 neque
342 351 612 388 reverentia
644 362 795 400 neque
828 348 976 400 pudor
1004 349 1211 393 tenebat,
1245 348 1439 385 deorum
1476 356 1604 387 certe

156 418 200 450 te
234 424 401 448 numen
428 411 695 448 absterrere
730 410 954 447 debebat:
995 409 1077 446 ille
1110 408 1338 459 [Diodotus]
1372 410 1479 446 hinc
1502 422 1603 447 cum

156 471 316 509 classe
344 470 614 515 discedens,
643 469 850 520 quinque
879 469 1064 507 talenta
1093 476 1182 505 tuae
1209 468 1326 506 fidei
1358 469 1608 506 commissa

157 531 491 581 relinquebat:
530 530 575 568 id
611 530 735 580 quod
764 543 852 580 ego
875 529 1192 580 jurejurando
1221 529 1498 567 confirmare
1528 543 1606 580 pa-

158 599 263 631 rata
299 605 412 637 sum,
452 604 735 642 quocunque
774 590 1048 641 postulabis
1092 590 1134 626 in
1174 590 1295 635 fano,
1326 591 1492 641 jurans
1529 602 1609 641 per

157 661 304 705 caput
331 654 586 703 horumque
618 653 876 690 liberorum
903 664 1106 689 meorum
1132 663 1249 701 quos
1279 650 1503 700 utrinque
1528 651 1608 688 ad-

159 721 288 753 stare
319 714 429 751 mihi
456 712 643 764 juranti
682 713 876 762 jubebo,
910 719 955 749 et
987 712 1024 749 si
1052 724 1169 761 quos
1202 711 1354 748 adhuc
1385 711 1504 748 alios
1535 711 1610 748 hic

126 821 130 824 ἢ
162 782 327 813 uterus
351 774 584 811 effundet.
641 773 919 823 Quanquam
943 785 1030 822 ego
1055 779 1145 810 tam
1165 772 1356 823 pudoris
1382 778 1521 822 atque
1541 784 1612 810 re-

160 835 357 886 ligionis
387 835 532 873 omnis
561 834 712 873 oblita
739 833 909 871 mulier
935 846 1022 871 non
1043 847 1154 879 sum,
1179 846 1332 883 neque
1352 840 1439 870 tam
1465 846 1611 883 pecu-

163 895 341 934 uiarum
362 908 521 933 amans
550 895 803 945 etcupida,
823 902 872 931 ut
897 901 961 938 te,
981 894 1058 944 qui
1085 900 1217 943 pater
1242 893 1353 930 mihi
1380 906 1442 942 es,
1469 893 1614 931 denu-

165 957 277 994 dare
312 957 449 994 bonis
486 956 579 993 tuis
617 955 754 993 velim
793 954 1014 1006 perjurio,
1050 955 1185 1006 cujus
1217 961 1261 992 et
1293 961 1453 992 reatus
1484 954 1613 992 hisce

166 1017 278 1055 meis
303 1017 472 1055 liberis
493 1029 671 1054 omnem
695 1016 839 1054 vitam
862 1016 1134 1054 necessario
1160 1015 1222 1053 sit
1248 1028 1451 1053 amaram
1472 1021 1614 1065 atque

165 1079 497 1116 calamitosam
519 1078 813 1122 redditurus,
835 1084 881 1115 et
903 1077 1037 1128 cujus
1059 1077 1356 1115 conscientia
1375 1089 1442 1113 me
1468 1076 1614 1126 ipsam

166 1140 439 1178 cruciatura
458 1140 520 1177 sit
540 1152 593 1176 ex
612 1138 697 1176 hac
716 1138 813 1176 vita
833 1138 1176 1175 discedentem.
1211 1136 1616 1187 Praeterillaquinque

166 1200 312 1238 talenta
338 1201 427 1238 fidei
452 1201 535 1250 ejus
558 1200 777 1246 commissa,
796 1201 984 1250 arguebat
1007 1213 1094 1238 eum
1120 1199 1248 1237 adhuc
1271 1199 1346 1237 alia
1365 1206 1510 1249 septem
1531 1212 1618 1236 cum

165 1261 421 1311 quadraginta
440 1261 552 1297 minis
574 1273 595 1297 a
622 1260 857 1298 debitoribus
884 1261 1094 1310 redegisse,
1115 1273 1193 1298 una
1215 1273 1302 1298 cum
1327 1261 1470 1297 foenore
1487 1272 1619 1297 eorum

167 1320 335 1371 nautico.
394 1321 442 1357 Et
461 1320 597 1358 harum
612 1321 918 1371 syngrapharum
938 1321 1175 1371 producebat
1190 1320 1448 1370 autographa:
1480 1322 1619 1358 namin

168 1381 447 1432 permutatione
461 1381 708 1433 habitationis
723 1394 810 1419 cum
825 1395 845 1418 e
859 1382 1015 1431 Colytto
1030 1381 1065 1418 in
1081 1381 1314 1419 domicilium
1331 1381 1485 1418 Phaedri
1499 1389 1621 1419 trans-

169 1442 352 1493 migraret
370 1443 599 1487 habitatum,
616 1443 755 1480 liberos
769 1455 858 1480 suos
873 1444 1014 1491 (aiebat
1031 1455 1116 1480 mea
1133 1444 1284 1490 socrus)
1302 1443 1479 1480 incidisse
1495 1443 1531 1480 in
1551 1457 1622 1494 pu-

171 1504 324 1553 gillares
337 1512 480 1542 temere
497 1505 682 1552 abjectos,
696 1504 754 1541 vel
769 1505 941 1548 amiSSOS‚
952 1517 1096 1554 eosque
1113 1503 1163 1540 ad
1179 1517 1234 1548 se,
1248 1510 1422 1548 matrem,
1436 1505 1623 1542 retulisse.

171 1564 364 1601 Praeterea
385 1564 676 1601 demonstrabat
696 1577 781 1601 eum
799 1571 954 1601 centum
980 1564 1104 1601 minas
1120 1577 1143 1601 a
1165 1564 1402 1602 debitoribus
1429 1565 1624 1615 redegisse

170 1624 338 1662 creditas
364 1624 402 1661 in
422 1623 679 1674 hypothecam
707 1631 938 1670 terrestrem,
967 1625 1114 1662 foenore
1139 1624 1267 1670 solito,
1289 1638 1362 1662 nec
1389 1638 1465 1663 non
1493 1625 1626 1675 viginti

171 1685 293 1722 minas
330 1684 424 1721 alias
454 1678 589 1721 eadem
620 1685 840 1723 conditione
866 1685 1046 1730 creditas,
1072 1685 1162 1722 item
1189 1686 1471 1736 supellectilem
1496 1687 1626 1737 magni

172 1746 282 1797 pretii
306 1759 354 1783 ex
374 1745 521 1783 aedibus
549 1746 709 1784 Diodoti
735 1746 966 1784 abstulisse:
996 1746 1244 1783 consuevisse
1273 1760 1426 1797 quoque
1456 1747 1628 1784 Diodoto

174 1807 304 1845 adhuc
324 1808 528 1857 superstite
550 1821 728 1858 magnam
743 1808 816 1844 vim
839 1806 1017 1844 frumenti
1038 1807 1243 1856 quotannis
1259 1820 1279 1844 e
1293 1808 1564 1845 Cherrhoneso
1579 1808 1628 1845 ad

175 1880 217 1905 se
240 1868 391 1913 advehi,
410 1869 518 1919 cujus
539 1882 663 1919 neque
690 1881 769 1906 rem
799 1880 924 1918 neque
949 1867 1119 1905 valorem
1140 1867 1205 1905 illo
1225 1868 1415 1906 exstincto
1435 1868 1629 1906 tulissent.

175 1927 372 1967 Tantam
410 1936 454 1966 tu
502 1937 652 1967 tecum
693 1929 869 1966 habens
915 1928 1002 1966 vim
1042 1929 1350 1979 pecuniarum
1398 1942 1421 1967 a
1462 1931 1629 1968 marito

176 2002 275 2028 meo
306 1990 596 2036 relictarum,
635 2003 777 2028 ausus
805 1997 960 2027 tamen
1002 2002 1047 2027 es
1084 1989 1338 2035 affirmare,
1378 1990 1629 2028 liberorum

176 2051 398 2089 horumce
443 2064 644 2089 meorum
689 2058 867 2102 patrem
910 2051 1031 2101 ipsis
1074 2063 1167 2088 non
1222 2051 1492 2101 reliquisse,
1538 2051 1630 2089 nisi

175 2112 347 2163 viginti
378 2113 527 2150 minas
557 2125 659 2150 cum
689 2112 890 2162 triginta
922 2111 1210 2149 stateribus?
1244 2124 1378 2162 quam
1409 2125 1627 2150 summam

177 2174 282 2211 aeris
310 2187 413 2211 cum
451 2173 647 2211 maritus
686 2186 830 2223 penes
871 2185 939 2210 me
984 2171 1274 2222 reliquisset,
1318 2184 1414 2222 ego,
1458 2173 1631 2210 certior

178 2233 392 2284 deipsius
439 2247 641 2273 excessu
688 2234 833 2280 facta,
873 2232 959 2271 tibi
1002 2233 1227 2271 commisi.
1305 2233 1432 2270 Tunc
1472 2233 1630 2277 hosce,

179 2295 305 2346 quie
334 2295 443 2333 filia
471 2302 549 2333 tua
586 2295 674 2333 tibi
706 2296 802 2333 nati
833 2301 1034 2346 nepotes
1068 2301 1189 2338 sunt,
1230 2306 1370 2330 ausus
1403 2306 1449 2330 es
1495 2294 1629 2331 domo

180 2356 354 2407 ejicere
389 2369 525 2406 quam
568 2355 686 2407 ipsis
722 2364 857 2407 pater
902 2356 1174 2406 reliquerat,
1211 2355 1458 2406 pannuciis
1502 2355 1629 2391 obsi-

183 2424 270 2467 tos,
320 2417 613 2463 sordidatos,
660 2418 998 2462 discalceatos,
1039 2416 1141 2454 sine
1189 2416 1488 2466 pedissequo,
1533 2414 1629 2453 sine

185 2477 427 2528 stragulis,
466 2478 568 2516 sine
605 2485 748 2524 veste,
794 2479 895 2516 sine
945 2477 1266 2528 supellectile,
1305 2488 1495 2525 quorum
1536 2489 1631 2513 om-

184 2539 307 2577 nium
353 2546 485 2589 pater
517 2539 630 2590 ipsis
672 2539 981 2578 lectissimam
1019 2544 1158 2588 atque
1197 2536 1512 2574 lautissimam
1552 2549 1630 2573 co-

183 2599 303 2650 piam
326 2600 609 2649 reliquerat?
637 2601 740 2638 Jam
768 2601 945 2638 liberos
969 2607 1073 2638 tuos
1099 2610 1347 2637 enoverca
1374 2610 1468 2634 inea
1494 2606 1630 2635 natos

183 2660 334 2697 nutris
369 2667 415 2696 et
450 2661 624 2699 educas
656 2662 698 2698 in
730 2662 994 2699 affluentia
1025 2673 1170 2698 rerum
1207 2659 1408 2696 omnium
1441 2659 1629 2701 beatos;

184 2733 339 2771 neque
377 2720 580 2768 invideo,
618 2730 744 2760 recte
784 2722 903 2760 facis
945 2722 1012 2759 ita
1054 2720 1248 2765 faciens,
1278 2719 1417 2756 laudo
1456 2719 1629 2756 factum

185 2789 231 2820 et
282 2782 617 2831 congratulor:
672 2791 715 2821 at
752 2796 877 2820 meos
929 2781 1184 2819 defraudas
1236 2779 1478 2829 laedisque,
1513 2792 1630 2829 quos

182 2842 442 2880 inhonoros
474 2855 493 2879 e
526 2842 659 2882 domo
686 2858 769 2882 sua
801 2843 1005 2893 ejecisti,
1043 2850 1087 2880 et
1122 2849 1349 2891 quantum
1384 2841 1427 2877 in
1461 2847 1503 2878 te
1542 2847 1631 2889 est,
