1911 3248
281 210 328 245 12
813 206 1183 244 ANTIPHONTIS

282 317 432 349 sontem
452 309 551 347 elabi
573 309 742 347 sinentes
765 309 954 346 insontem
975 314 1274 359 persequuntur:
1306 319 1427 357 neque
1452 306 1645 358 probabile
1664 314 1726 345 est

280 386 348 411 nos
376 380 454 411 tam
482 372 631 422 iniquos
653 379 690 408 et
710 371 898 421 improbos
919 384 1017 416 csse,
1035 379 1075 408 ut
1108 371 1216 408 nobis
1248 370 1338 420 ipsis
1371 369 1492 418 magis
1512 381 1626 419 quam
1658 377 1725 406 aut

279 435 385 473 vobis
399 440 464 471 aut
476 433 541 470 ulli
553 433 613 470 alii
628 445 848 476 noceamus,
859 432 921 482 qui
936 433 1050 482 probe
1066 440 1280 475 teneamus,
1294 444 1378 467 cum
1391 430 1580 467 homicidii
1594 436 1721 467 reatus

282 502 401 533 totam
414 496 603 533 civitatem
618 494 764 545 polluat
776 500 889 544 atque
905 502 1030 532 teneat
1042 494 1193 544 piaculo
1205 494 1462 536 constrictam,
1473 492 1594 529 donec
1605 491 1725 529 homi-

275 556 363 594 cida
381 555 669 601 demonstretur,
685 555 867 600 futurum,
883 561 926 592 ut
942 562 1067 592 reatus
1087 555 1146 592 ille
1167 568 1189 592 a
1206 554 1357 592 civitate
1375 554 1411 591 in
1430 566 1497 591 nos
1513 552 1615 591 solo‘s
1628 552 1724 590 rela-

282 618 406 663 batur,
424 617 454 654 si
471 629 537 668 pro
553 624 660 654 sonte
681 616 867 654 insontem
889 616 1000 666 plecti
1019 628 1193 653 curemus
1209 630 1218 658 ;
1250 622 1300 660 et,
1317 628 1380 652 vos
1393 615 1558 666 judices,
1574 613 1604 650 si
1623 613 1722 650 falso

279 685 412 716 nostro
425 678 575 728 decepti
590 677 727 714 indicio
742 677 776 714 in
790 677 1043 728 (licendojure
1059 677 1447 727 erraveritis‚poenam
1461 688 1609 713 omnem
1623 673 1722 711 illius

280 739 415 777 erroris
433 739 468 776 in
486 751 554 776 nos
572 738 673 776 solos
689 751 772 776 esse
789 739 1032 782 coorituram,
1045 738 1109 788 qui
1125 738 1220 775 falsa
1237 737 1411 775 docendo
1426 736 1531 774 vobis
1553 737 1721 787 imposu-

281 800 432 838 erimus.
465 800 568 837 Certi
581 801 709 850 itaque
721 812 806 837 cum
820 803 938 837 simus
951 812 1060 836 omne
1074 799 1184 847 hujus
1196 798 1383 836 homicidii
1396 798 1586 848 piaculum
1600 797 1636 834 in
1650 809 1720 834 nos

281 861 383 899 solos
400 874 482 899 esse
498 861 748 911 relapsurum,
764 861 794 898 si
811 873 937 898 verum
954 861 1084 898 dedita
1100 873 1215 911 opera
1229 860 1499 897 conturbemus
1515 866 1628 909 atque
1643 857 1719 895 dis-

281 923 516 969 simulemus,
532 923 755 961 conabimus
771 936 817 960 ex
832 923 891 967 iis,
907 936 992 973 quae
1005 924 1122 973 probe
1136 923 1290 973 cognita
1303 929 1416 972 atque
1436 929 1639 972 perspecta
1650 920 1718 957 ha-

279 985 427 1029 bemus,
448 997 562 1034 quam
592 984 798 1034 poterimus
826 984 1077 1034 liquidissime
1105 984 1408 1022 demonstratum
1437 983 1544 1028 dare,
1572 981 1719 1020 caedem

279 1046 378 1084 hane
393 1047 440 1084 ab
456 1046 528 1084 hoc
542 1046 710 1092 homine,
727 1059 838 1097 quem
854 1047 935 1097 ejus
952 1046 1222 1091 insimulamus,
1241 1053 1431 1097 peractam
1447 1058 1545 1083 esse.
1577 1044 1718 1094 Neque

280 1109 379 1145 enim
407 1107 601 1157 probabile
622 1115 679 1145 est
697 1120 779 1145 eam
800 1122 822 1145 a
840 1108 1052 1145 latronibus
1078 1115 1270 1158 peractam
1290 1121 1398 1150 esse;
1428 1107 1516 1158 quia
1535 1107 1659 1152 ambo,
1681 1112 1720 1144 et

281 1169 393 1208 herus
413 1176 449 1207 et
470 1182 601 1207 servus
622 1182 708 1206 cum
728 1181 773 1207 eo
793 1176 1026 1220 peremptus,
1041 1181 1117 1206 non
1138 1169 1289 1219 spoliati
1308 1169 1489 1214 vestibus,
1508 1168 1574 1206 sed
1595 1167 1721 1205 adhuc

281 1230 409 1268 amicti
439 1231 517 1267 suis
546 1230 730 1275 vestibus,
756 1231 893 1280 reperti
921 1238 1031 1267 sunt:
1062 1231 1159 1267 latro
1188 1237 1313 1267 autem
1343 1230 1375 1267 si
1397 1243 1460 1267 eos
1487 1228 1718 1280 peremisset,

280 1291 451 1341 profecto
471 1304 546 1328 non
569 1291 704 1329 fuisset
721 1292 994 1329 commissurus
1014 1298 1056 1328 ut
1075 1291 1154 1328 sine
1171 1291 1235 1329 illo
1251 1292 1476 1341 compendio
1489 1291 1716 1334 discederet,

279 1353 388 1404 cujus
423 1353 660 1403 adipiscendi
694 1366 809 1390 causa
842 1361 959 1403 caput
995 1353 1074 1403 ipse
1109 1365 1217 1390 suum
1253 1352 1458 1390 discrimini
1490 1351 1714 1402 objecissem

280 1414 451 1464 quamvis
480 1415 646 1465 praedam
680 1414 782 1451 illam
811 1415 890 1465 jam
923 1422 1092 1465 paratam
1123 1413 1308 1464 nulloque
1335 1413 1470 1451 sudore
1499 1412 1717 1464 rapiendam

281 1475 378 1512 inter
399 1488 534 1513 manus
552 1475 720 1514 haberet.
777 1475 895 1514 Porro
916 1488 963 1512 ne
985 1489 1049 1526 per
1069 1475 1184 1513 rixam
1210 1475 1365 1525 quidem
1387 1475 1483 1512 inter
1501 1470 1720 1526 pocula-co-

281 1542 400 1574 ortam
421 1536 587 1575 confossi
608 1544 716 1574 sunt:
747 1536 872 1574 statim
893 1537 990 1573 enim
1013 1536 1150 1574 fuisset
1168 1535 1355 1587 ejusmodi
1382 1535 1573 1574 homicida
1591 1548 1614 1574 a
1632 1535 1717 1574 reli-

278 1596 365 1646 quis
394 1598 674 1648 compotoribus
705 1606 744 1635 et
775 1597 926 1648 agnitus
959 1604 995 1635 et
1028 1597 1353 1648 comprehensus;
1383 1605 1555 1635 nostrum
1585 1604 1714 1635 autem

279 1667 531 1710 peremptum,
552 1661 616 1711 qui
635 1659 828 1704 occiderit,
850 1671 962 1696 nemo
982 1659 1099 1696 novit.
1157 1659 1244 1696 Non
1273 1659 1396 1710 magis
1412 1658 1577 1709 jurgium
1602 1665 1717 1709 atque

279 1720 484 1758 convitium
505 1721 538 1759 ei
559 1735 691 1760 necem
711 1721 926 1760 contraxit:
955 1720 1095 1758 cecidit
1119 1720 1216 1758 enim
1246 1727 1358 1758 nocte
1377 1719 1604 1770 intempesta
1621 1726 1660 1757 et
1678 1719 1715 1757 in

277 1781 364 1820 loco
393 1782 565 1826 deserto;
597 1784 697 1834 atqui
725 1782 910 1834 ejusmodi
939 1791 1107 1834 tempore
1134 1782 1296 1833 locoque
1324 1795 1436 1820 nemo
1464 1781 1525 1820 alii
1551 1781 1715 1832 cuipiam

275 1842 453 1880 convicia
473 1844 620 1894 ingerit.
677 1843 853 1893 Denique
873 1843 984 1881 etiarn
1005 1844 1080 1881 hoc
1101 1845 1254 1893 praetexi
1280 1844 1424 1893 nequit,
1443 1843 1562 1880 fuisse
1587 1842 1716 1881 nescio

278 1916 405 1953 quem,
423 1904 486 1953 qui
510 1905 638 1953 jaculo
670 1904 784 1941 alium
814 1905 942 1942 nescio
969 1918 1082 1954 quem
1116 1914 1262 1955 petens,
1284 1906 1360 1942 telo
1389 1906 1587 1943 aberrante
1614 1905 1717 1942 hunc

277 1964 517 2002 confoderet:
549 1979 634 2003 nam
665 1965 696 2002 si
723 1966 921 2016 conjectus
950 1978 1051 2003 error
1071 1966 1170 2003 hunc
1191 1966 1422 2010 sustulisset,
1443 1978 1518 2003 non
1543 1966 1716 2017 profecto

276 2023 374 2062 idem
408 2026 523 2062 telum
546 2039 567 2063 a
588 2026 844 2064 destinatione
875 2040 943 2064 sua
973 2028 1191 2072 abberrans,
1212 2027 1321 2064 unius
1349 2027 1482 2064 erroris
1507 2027 1718 2065 incredibili

276 2087 495 2124 constantia
510 2088 656 2133 ambos,
674 2087 882 2137 herumque
899 2101 1126 2138 servumque
1143 2101 1232 2134 una,
1248 2089 1485 2132 sustulisset;
1515 2088 1584 2126 sed
1603 2090 1716 2126 ambo

269 2147 403 2197 jacent
431 2161 508 2185 una
536 2149 716 2187 confossi.
771 2150 887 2200 Atqui
908 2156 1089 2199 negatum
1113 2157 1172 2187 est
1191 2157 1328 2200 praeter
1346 2150 1530 2200 hasfquas
1549 2147 1715 2188 comme-

275 2209 419 2246 moravi
452 2211 730 2256 excusationes,
750 2211 850 2248 ullas
881 2211 974 2249 alias
1001 2211 1285 2261 quodammodo
1314 2211 1531 2260 probabiles
1557 2211 1714 2249 commi·

276 2269 384 2308 nisci.
441 2271 634 2310 Refutatis
661 2272 775 2323 igitur
804 2272 860 2309 his
887 2273 1196 2310 excusationibus
1221 2280 1259 2310 et
1284 2273 1450 2310 occlusis
1478 2273 1537 2311 his
1563 2275 1713 2312 subter-

275 2330 404 2381 fugiis,
418 2331 471 2368 nil
486 2339 670 2383 superest,
685 2345 798 2383 quam
817 2339 857 2370 ut
873 2333 970 2370 aiam
986 2332 1086 2370 hunc
1099 2340 1337 2384 peremptum
1351 2347 1398 2371 ex
1414 2334 1555 2372 insidiis
1575 2335 1715 2375 inimici

273 2391 483 2435 cecidisse:
513 2392 551 2430 id
579 2393 680 2443 quod
710 2394 835 2444 ipsum
868 2406 1018 2444 quoque
1053 2394 1182 2431 mortis
1212 2407 1333 2444 genus
1365 2395 1516 2434 clamat.
1574 2396 1652 2435 Sed
1678 2398 1714 2436 ei

274 2451 495 2490 insidiatum
515 2466 599 2492 esse
619 2467 866 2505 ecquemnam
887 2456 937 2493 sit
955 2456 1183 2500 credibilius,
1201 2469 1314 2506 quam
1333 2469 1432 2503 eum,
1453 2459 1514 2496 cui
1532 2465 1619 2509 post
1637 2471 1714 2498 ma—

274 2527 370 2565 gnas
383 2513 510 2552 clades
524 2515 614 2553 olim
626 2528 647 2552 a
659 2524 855 2566 perempto
871 2524 1049 2566 acceptas
1064 2517 1190 2554 adhuc
1203 2517 1322 2555 multo
1339 2519 1499 2569 majores
1514 2521 1562 2557 ab
1577 2520 1710 2559 eodem

273 2581 404 2614 essent
433 2575 696 2614 inevitabiliter
724 2577 964 2615 metuendae?
1010 2578 1108 2621 Quae
1136 2586 1196 2616 est
1223 2579 1391 2617 conditio
1416 2580 1529 2631 hujus
1548 2581 1712 2620 hominis

275 2648 297 2672 a
315 2650 375 2675 me
395 2636 449 2674 rei
465 2635 571 2675 facti.
630 2638 703 2674 Hic
724 2638 836 2683 enim,
853 2651 875 2675 a
894 2638 1103 2688 longinquo
1119 2639 1199 2690 jam
1218 2652 1305 2676 cum
1325 2647 1427 2678 esset
1443 2641 1604 2680 infestus
1622 2654 1710 2693 per-—

274 2703 414 2747 empto,
434 2697 574 2736 multas
593 2698 745 2749 quidem
765 2699 800 2736 ei
819 2699 1000 2749 capitales
1021 2712 1157 2738 causas
1176 2701 1214 2738 in
1236 2701 1318 2739 foro
1346 2701 1530 2741 dicendas
1556 2703 1711 2754 objecit,

273 2757 312 2794 in
323 2770 480 2808 quarum
497 2760 602 2798 nulla
617 2773 703 2798 eum
717 2760 1009 2805 condemnavit;
1041 2770 1175 2800 contra
1190 2775 1278 2801 vero
1294 2776 1316 2802 a
1330 2772 1527 2816 perempto
1545 2766 1710 2804 crimini-

273 2820 345 2857 bus
360 2821 573 2870 exagitatus
592 2829 631 2860 et
648 2835 805 2860 numero
820 2823 994 2873 pluribus
1014 2830 1052 2861 et
1071 2824 1270 2862 atrocitate
1285 2837 1482 2876 poenarum
1497 2827 1709 2866 horribilio-

272 2879 390 2925 ribus,
407 2893 428 2918 e
450 2883 553 2920 nulla
571 2896 739 2934 unquam
758 2883 938 2922 discessit
957 2884 1166 2932 absolutus,
1179 2898 1256 2936 quo
1269 2886 1411 2924 factum
1427 2894 1486 2925 est
1499 2895 1540 2925 ut
1554 2901 1613 2927 res
1626 2889 1707 2939 ejus

272 2940 464 2979 familiaris
477 2942 626 2982 cladem
641 2945 826 2995 insignem
838 2945 1024 2996 acceperit
1036 2959 1044 2984 :
1062 2953 1234 2985 vetustas
1250 2946 1335 2986 illas
1346 2948 1481 2988 tacebo
1493 2949 1707 2989 simultates
