1822 3219
207 154 281 190 348
513 154 680 192 LYSIAE
710 154 931 193 CONTRA
963 151 1358 190 NICOMACHUM.

207 252 541 290 commentariensi
565 254 623 291 bis
651 249 826 293 famulari
854 254 958 291 haud
983 255 1087 299 licet,
1115 264 1286 291 summas
1312 257 1439 290 autem
1466 262 1525 288 res
1544 261 1659 300 quam

207 311 422 350 diutissime
448 314 516 352 hos
537 327 651 364 agere
670 321 785 364 atque
809 327 960 352 versare
983 314 1179 352 arbitraria
1202 326 1289 351 cum
1309 317 1499 363 potestate
1522 310 1658 348 sinitis.

211 371 387 422 Denique
408 374 441 411 ei
462 375 703 412 Nicomacho*
716 375 992 413 describendas
1008 375 1115 425 leges
1131 382 1246 424 atque
1259 371 1496 412 caerimonias
1516 378 1661 408 vestras

207 433 434 479 mandastis,
462 436 522 473 cui
551 449 597 473 ne
617 448 703 473 cum
727 435 880 473 civitate
906 435 1060 485 (pridem
1082 435 1285 485 quicquam
1311 444 1512 472 commune
1533 437 1594 469 est
1610 431 1661 468 ob

208 496 326 544 patris
341 495 643 545 ignobilitatem:
674 496 721 533 de
740 508 818 546 quo
832 503 953 533 totum
973 496 1154 546 populum
1169 495 1356 546 judicium
1373 491 1535 543 capitale
1549 503 1662 541 agere

207 557 418 606 oportebat,
447 558 477 595 is
503 559 591 607 jura
616 564 745 595 vestra
767 557 1058 607 libertatemque
1080 555 1294 607 jugulavit;
1326 554 1374 591 de
1400 565 1477 603 quo
1496 559 1540 588 ut
1564 551 1662 592 inter

207 629 276 654 vos
308 625 514 662 constaret,
548 618 658 655 factis
689 618 769 668 ipse
802 618 880 655 suis
910 631 1064 668 operam
1094 617 1214 654 dedit.
1272 615 1420 652 Horum
1450 618 1661 662 coeptorum

207 689 273 714 vos
296 690 397 714 nunc
427 678 584 715 tandem
616 678 826 728 aliquando
855 678 1063 728 poeniteto:
1092 676 1246 727 incipite
1274 674 1429 712 tandem
1455 671 1663 722 anquando

206 737 360 787 injurias
390 738 490 775 nolle
511 739 639 776 animo
658 751 770 788 aequo
790 738 956 788 perferre
977 751 1106 776 eorum
1126 737 1191 786 qui
1215 734 1422 773 identidem
1442 739 1534 770 sunt
1552 732 1590 769 in
1607 731 1661 769 ci-

207 799 323 836 vitate
355 797 586 847 tu1·pissimi;
617 810 741 847 neque
771 799 1010 842 committite,
1043 804 1085 836 ut
1120 809 1217 848 quos
1250 795 1406 846 privatis
1442 795 1480 830 in
1510 791 1661 831 circulis

206 857 419 908 objurgatis
438 865 550 908 atque
580 858 793 903 traducitis,
822 871 887 896 eos
909 859 1057 909 publice
1077 857 1212 908 punire
1231 868 1318 894 curn
1346 854 1513 905 possitis,
1532 859 1660 891 tamen

206 918 427 958 absolvatis.
1506 952 1510 955 .

261 980 298 1016 8.
330 980 427 1017 Haec
447 979 647 1017 hactenus.
703 980 823 1019 Juvat
843 992 944 1017 nunc
965 978 1093 1016 adhuc
1115 978 1249 1029 paucis
1264 988 1420 1027 quoque
1439 987 1507 1013 vos
1527 973 1661 1015 admo·

208 1051 298 1077 nere
320 1039 370 1077 de
387 1041 446 1086 iis,
466 1040 530 1090 qui
550 1040 831 1078 Nicomachum
854 1040 1050 1078 exorando
1069 1039 1229 1078 liberare
1254 1037 1478 1076 studebunt.
1533 1034 1663 1075 Parati

207 1112 344 1150 nempe
370 1100 529 1150 quidam
557 1107 648 1138 sunt
666 1115 686 1139 e
717 1114 876 1140 numero
896 1101 1106 1140 amicorum
1137 1101 1232 1151 ejus,
1259 1111 1332 1136 nec
1351 1111 1426 1135 non
1446 1108 1576 1135 eorum
1597 1096 1662 1147 qui

206 1161 243 1196 in
270 1173 348 1211 rep.
370 1168 584 1207 versantur,
605 1175 673 1212 pro
692 1175 737 1200 eo
765 1162 987 1212 deprecari:
1020 1173 1181 1211 quorum
1201 1172 1273 1210 ego
1299 1158 1508 1196 nonnullos
1527 1157 1665 1197 decere

206 1221 328 1271 magis
343 1222 520 1271 arbitror,
539 1229 583 1259 ut
607 1222 777 1260 facinora
799 1223 871 1272 ipsi
892 1235 962 1260 sua
987 1230 1168 1272 purgent,
1185 1234 1301 1270 quam
1323 1227 1364 1257 ut
1383 1231 1452 1269 pto
1476 1219 1561 1257 aliis
1582 1231 1663 1257 ma·

205 1281 324 1318 leficis
352 1282 659 1332 deprecationem
688 1283 792 1333 apud
822 1295 890 1320 vos
911 1283 1169 1333 interponant.
1229 1281 1355 1318 Grave
1377 1280 1663 1330 mihi,judices‚

206 1342 281 1380 hoc
296 1356 452 1392 quoque
472 1344 621 1382 videtur
640 1356 763 1394 neque
781 1344 995 1389 ferendum,
1019 1344 1089 1380 hos
1109 1357 1132 1380 a
1151 1341 1392 1379 Nicomacho
1412 1341 1583 1391 quidem,
1597 1341 1662 1390 qui

206 1416 306 1440 unus
325 1410 431 1441 esset
449 1404 630 1454 nullaque
651 1411 779 1442 vestra
797 1405 914 1443 laesus
934 1404 1084 1454 injuria,
1103 1402 1338 1441 contendere
1359 1408 1401 1439 ut
1420 1402 1554 1439 noxias
1570 1413 1661 1440 suas

206 1476 228 1500 a
248 1476 326 1514 rep.
348 1472 560 1502 removeret
585 1462 638 1502 nil
665 1477 842 1507 curasse;
873 1465 982 1503 vobis
1011 1471 1153 1508 autern,
1177 1470 1236 1501 tot
1255 1475 1413 1501 numero
1431 1463 1497 1512 qui
1523 1462 1603 1501 sitis
1623 1468 1663 1500 et

205 1525 252 1561 ab
272 1538 317 1562 eo
338 1525 560 1574 gravissime
579 1525 677 1570 laesi,
703 1525 879 1563 laborare
899 1533 940 1562 ut
967 1525 1227 1576 persuadeant
1244 1523 1350 1561 haud
1369 1523 1508 1561 decere
1527 1535 1661 1573 peenas

205 1598 306 1623 areo
326 1586 461 1637 repeti.
519 1587 685 1636 Oportet
704 1586 847 1636 itaque,
869 1586 972 1636 quod
989 1587 1037 1623 ab
1057 1585 1172 1636 hujus
1189 1585 1320 1623 amicis
1341 1584 1505 1622 conl'erri
1522 1583 1660 1622 videtis

206 1646 377 1684 studium
397 1646 447 1684 ad
463 1647 628 1684 amicum
645 1647 890 1692 servandum,
903 1647 942 1685 id
962 1646 1063 1684 idem
1080 1659 1102 1684 a
1119 1647 1225 1684 vobis
1239 1645 1402 1684 conferri
1421 1645 1472 1683 ad
1487 1644 1660 1684 inimicos

205 1714 347 1745 vestros
367 1707 620 1758 puniendum,
639 1708 740 1746 bene
760 1709 903 1757 gnariS,
921 1707 952 1744 si
973 1708 1076 1745 fures
1096 1707 1217 1744 aerarii
1237 1706 1351 1744 vestri
1373 1706 1661 1757 majestatisque

205 1774 341 1804 vestrae
362 1768 532 1806 latrones
549 1781 616 1820 pro
636 1768 781 1806 meritis
802 1767 1093 1817 castigaveritis,
1112 1767 1182 1804 hos
1203 1767 1306 1817 ipsos
1327 1779 1457 1804 eorum
1479 1773 1661 1817 patronos¹

185 1831 187 1833 “
205 1828 346 1880 primos
360 1828 441 1866 fore
461 1829 527 1878 qui
542 1842 610 1866 vos
631 1829 823 1866 fateantur
838 1829 938 1867 viros
954 1828 1070 1867 fortes
1089 1835 1205 1877 atque
1223 1834 1400 1866 strenuos
1424 1839 1525 1865 esse.
1582 1827 1660 1868 Coe·

204 1890 494 1941 gitate‚4neque
528 1890 824 1936 Nicomachum,
855 1903 979 1941 neque
1007 1890 1298 1940 deprecatorum
1331 1890 1411 1940 ejus
1439 1901 1660 1940 quenquam

203 1958 260 1988 tot
287 1957 514 1990 ornamenta
540 1952 578 1991 in
607 1965 726 2004 remp.
747 1952 973 1998 contulisse,
994 1958 1110 2002 atque
1131 1951 1192 1988 hic
1213 1964 1313 1989 unns
1335 1950 1597 1989 Nicomachus
1623 1951 1660 1990 et

201 2010 360 2049 vulnera
392 2013 594 2063 imposuit;
637 2021 869 2063 quapropter
903 2012 1025 2050 multo
1060 2011 1182 2062 magis
1210 2011 1320 2050 vobis
1350 2012 1529 2050 convenit
1554 2011 1659 2051 hune

201 2072 350 2122 punire,
380 2086 495 2123 quam
521 2073 594 2112 illis
626 2074 715 2113 huic
742 2074 957 2112 subvenire.
1027 2073 1209 2123 Ignorare
1238 2085 1308 2111 vos
1340 2085 1495 2123 quoque
1526 2073 1658 2118 nolim,

195 2134 364 2182 judices,
383 2148 461 2185 qua
479 2148 568 2174 cum
589 2149 657 2187 spe
678 2136 946 2187 deprecatores
967 2134 1194 2174 Nicomachi
1213 2135 1287 2173 hoc
1311 2135 1475 2185 ingressi
1498 2135 1578 2174 sint
1594 2136 1659 2174 tri-

204 2195 346 2233 bunal:
377 2203 535 2245 sperant
561 2209 630 2234 vos
652 2197 780 2234 minus
807 2203 1030 2235 constantes
1056 2196 1096 2234 in
1115 2196 1304 2246 dignitate
1329 2205 1464 2235 vestrae
1482 2209 1658 2247 personae

201 2256 344 2293 tuenda
365 2257 460 2303 fore,
486 2270 601 2307 quam
630 2271 701 2296 nos
723 2258 761 2296 in
789 2266 934 2297 nostrae
960 2259 1126 2301 fuimus;
1158 2258 1303 2296 nullam
1337 2270 1413 2296 non
1449 2259 1562 2296 nobis
1592 2259 1658 2296 ad-

200 2324 399 2353 moverunt
418 2319 677 2367 persuadendi
703 2319 932 2363 machinam,
953 2319 1106 2356 tametsi
1125 2318 1280 2363 frustra,
1307 2325 1349 2355 ut
1370 2319 1658 2357 accusationem

201 2377 304 2414 hanc
333 2377 618 2421 omitteremus;
643 2378 725 2428 jam
751 2385 918 2417 vestrum
950 2380 989 2417 in
1017 2387 1271 2430 conspectum
1301 2379 1527 2430 prodIerunt
1557 2380 1658 2430 peri-

200 2437 330 2474 culum
351 2435 505 2482 facturi,
532 2439 732 2488 possintne
758 2440 1000 2485 auctoritate,
1026 2441 1160 2490 gratia,
1184 2440 1360 2490 precibus
1382 2439 1570 2490 judicium
1593 2439 1658 2477 fle-

199 2506 314 2544 ctere,
330 2507 606 2549 sperantesque
622 2501 716 2545 fore,
737 2507 780 2538 ut
798 2501 1033 2552 imponendo
1050 2502 1159 2539 vobis
1178 2502 1372 2539 licentiam
1393 2501 1657 2551 adipiscantur

200 2560 449 2608 imposterum
471 2558 655 2608 quicquid
675 2561 806 2598 volent
833 2562 987 2612 impune
1009 2562 1164 2612 agendi.
1223 2562 1305 2599 Nos
1325 2562 1479 2612 quidem
1498 2562 1656 2600 flectere

201 2631 278 2656 non
311 2626 516 2669 poterant:
547 2626 669 2657 estote
701 2620 830 2671 itaque
854 2635 922 2659 vos
956 2635 1111 2672 quoque
1143 2629 1382 2660 constantes.
1441 2622 1529 2659 Non
1563 2631 1657 2660 ante

197 2679 382 2728 judicium
399 2680 639 2718 solummodo
658 2679 914 2719 declarandus
933 2683 1040 2719 vobis
1061 2690 1133 2727 est,
1155 2683 1195 2719 id
1221 2682 1324 2732 quod
1343 2682 1484 2728 facitis,
1505 2683 1657 2721 animus

199 2739 384 2781 maleficis
400 2740 573 2786 infestus,
589 2741 656 2778 sed
679 2740 716 2778 in
736 2742 822 2792 ipso
839 2754 992 2792 quoque
1007 2743 1167 2793 judicio,
1188 2750 1304 2791 atque
1319 2742 1356 2779 id
1378 2742 1498 2780 multo
1513 2743 1657 2794 potius,

200 2801 415 2850 castigandi
449 2809 537 2840 sunt
566 2801 734 2840 audaces
760 2802 1022 2852 legislaturam
1051 2811 1212 2842 vestram
1237 2804 1411 2841 funditus
1443 2803 1650 2842 tollentes:

200 2862 304 2912 quod
332 2876 420 2900 cum
441 2864 518 2908 fiet,
546 2870 626 2901 tum
655 2863 808 2901 demum
837 2864 942 2902 nulla
969 2877 1044 2902 non
1067 2878 1154 2915 pars
1185 2866 1277 2915 reip.
1300 2871 1402 2903 recte
1427 2874 1467 2902 et
1485 2865 1533 2903 ad
1553 2877 1651 2915 proe-

199 2925 380 2975 scriptum
401 2925 527 2975 legum
549 2927 833 2976 gubernabitur.
