1822 3219
247 144 296 181 4⁴0
541 144 906 182 ANTIPHONTIS
935 144 1289 183 TETRALOGIA
1322 145 1397 183 111.

249 244 388 295 ubique
401 243 568 283 locorum
582 246 668 283 fixae
685 246 933 296 gravissimas
949 253 988 283 et
1007 246 1271 284 acerbissimas
1284 235 1416 296 poenas
1430 244 1663 283 denunciant
1676 255 1686 287 ;

249 304 446 355 repellenti
466 313 594 344 autern
611 306 698 350 vim,
717 319 904 356 nusquam
930 307 1099 344 locorum
1127 319 1248 356 poenae
1280 305 1486 356 quicquam
1519 304 1689 355 praescri·

247 373 440 414 ptumest.
476 366 534 403 Ad
551 367 650 404 illam
665 367 926 404 causationem
939 367 1060 417 alege
1073 368 1286 417 repetitam,
1303 367 1687 416 vetante'quenquam

247 437 476 475 quocunque
496 427 604 464 titulo
631 428 709 464 sive
723 427 808 478 jure
827 427 908 464 sine
932 427 1066 475 injuria
1093 426 1230 471 occidi,
1251 427 1342 464 satis
1355 426 1436 477 jam
1462 437 1686 477 responsum

248 492 329 523 est:
359 499 434 523 non
449 488 547 524 enim
568 489 724 525 verbera
743 488 948 531 hominem,
969 487 1040 525 sed
1060 488 1247 538 imperitia
1267 479 1402 525 medici
1416 486 1622 538 jugulavit,
1639 486 1688 524 de

250 559 325 597 quo
353 553 469 585 testes
499 548 783 585 confirmarunt.
841 548 1054 598 inceptor-is
1084 559 1238 598 quoque
1267 548 1432 592 fortuna,
1452 559 1529 584 non
1555 545 1688 584 defen·

250 608 356 651 soris,
375 608 587 645 incusanda
609 616 680 646 est.
737 608 837 645 Nam
872 609 946 653 hic,
968 609 1034 659 qui
1065 615 1104 645 et
1133 609 1281 658 accepit
1307 615 1346 645 et
1369 607 1536 646 reddidit
1559 607 1687 645 omnia

250 668 405 704 verbera
434 667 586 711 invitus,
620 668 743 705 aliena
776 669 941 713 fortuna,
968 682 1043 705 non
1070 681 1155 713 sua,
1183 676 1242 705 est
1271 682 1387 706 usus:
1429 668 1524 705 alter
1542 674 1685 714 autem,

250 734 383 777 sponte
399 739 468 763 sua
487 734 642 764 evectus
667 728 713 765 ad
740 729 865 765 omnia
888 740 1128 778 quaecunque
1149 729 1241 778 egit,
1261 728 1369 766 factis
1391 728 1459 766 sibi
1481 729 1558 765 suis
1577 739 1685 765 suam

249 787 445 824 arcessivit
463 787 665 831 fortunam,
685 801 807 838 eoque
827 801 903 826 non
929 788 1052 825 aliena
1076 788 1242 833 fortuna,
1262 789 1331 827 sed
1351 801 1434 833 sua,
1453 789 1587 839 lapsus
1612 795 1686 825 est.

247 847 331 884 Jam
352 848 507 897 planum
529 848 670 885 factum
688 856 760 893 est,
777 861 879 885 reum
900 848 1090 886 homicidii
1105 861 1258 899 prorsus
1271 850 1478 886 obnoxium
1494 862 1571 886 non
1589 860 1686 886 esse.

249 908 361 949 Quod
377 908 408 944 si
422 916 562 953 tamen,
573 916 614 945 ut
623 921 862 946 communem
876 911 1061 947 ambobus
1075 911 1264 947 actionem
1279 909 1689 959 [verberationem],ita

247 969 494 1005 infortunium
523 982 672 1018 quoque
700 983 901 1007 commune
929 970 1148 1008 existimans
1170 971 1253 1020 quis
1277 982 1376 1014 esse,
1396 970 1554 1019 colligat
1570 982 1591 1007 e
1611 969 1687 1006 dis-

247 1029 399 1078 putatis,
425 1034 599 1065 neutrum
630 1029 763 1073 altero,
784 1031 862 1066 sive
893 1031 1147 1076 absolutione,
1166 1031 1245 1067 sive
1274 1030 1606 1075 condemnatione,
1628 1029 1686 1067 di-

246 1087 414 1137 gniorem
431 1100 528 1132 esse,
542 1101 608 1125 vos
624 1094 749 1126 tamen
765 1090 822 1126 vel
836 1089 889 1127 sic
904 1102 1059 1140 quoque
1073 1091 1194 1140 magis
1211 1091 1346 1127 deceat
1360 1102 1464 1127 reum
1477 1090 1686 1135 absolvere,

245 1161 359 1198 quam
388 1148 656 1186 condemnare.
715 1149 813 1186 Nam
841 1150 871 1187 si
904 1163 1053 1200 aequum
1081 1157 1153 1195 est,
1185 1157 1448 1188 accusatorem
1478 1150 1567 1188 ideo
1593 1161 1685 1188 con·

247 1208 440 1253 demnare,
451 1209 514 1258 qui
530 1209 730 1259 perspicue
747 1221 822 1246 non
843 1210 1016 1247 docuerit
1029 1210 1200 1260 injuriam
1216 1223 1238 1247 a
1258 1223 1323 1247 reo
1338 1211 1409 1247 sibi
1426 1211 1565 1248 factam
1577 1222 1687 1254 esse;

248 1269 300 1306 ita
316 1269 470 1319 impium
492 1270 603 1307 fuerit
622 1283 726 1307 reum
746 1272 1017 1315 condemnare,
1037 1271 1101 1321 qui
1127 1283 1203 1308 non
1222 1271 1422 1320 perspicue
1443 1270 1557 1308 fuerit
1579 1271 1686 1308 incu-

248 1335 413 1367 satorum
443 1338 666 1381 ooargutus‚
720 1332 848 1369 Modis
879 1332 1005 1382 itaque
1037 1333 1213 1369 omnibus
1243 1331 1345 1368 hunc
1375 1331 1496 1367 virum
1528 1332 1576 1369 ab
1609 1331 1685 1369 hoc

248 1390 401 1428 crimine
428 1391 727 1437 absolventibus,
747 1405 817 1430 nos
835 1392 941 1429 vobis
971 1393 1264 1437 demandamus,
1289 1392 1409 1429 multo
1435 1404 1505 1429 nos
1532 1391 1687 1442 quidem

248 1450 421 1488 sanctius
438 1458 550 1500 atque
567 1452 794 1502 religiosius,
814 1466 928 1502 quam
953 1453 1157 1491 adversarii
1178 1453 1282 1491 vobis
1304 1453 1420 1491 modo
1439 1454 1689 1497 mandabant,

248 1510 358 1548 amici
376 1512 494 1549 nostri
514 1525 561 1549 ex
580 1524 756 1562 persona,
778 1521 834 1555 ut,
861 1513 1058 1552 studentes
1078 1514 1309 1551 homicidam
1329 1513 1478 1564 punire,
1495 1514 1687 1552 insontem

248 1571 380 1608 tollere
401 1584 445 1608 ne
469 1572 688 1622 properetis.
745 1574 844 1610 Nam
865 1575 897 1611 si
915 1587 1000 1612 reus
1019 1574 1096 1620 hic,
1113 1575 1187 1611 hoc
1214 1580 1416 1624 praetextu,
1433 1575 1536 1625 quod
1555 1587 1685 1612 senem

248 1631 448 1669 sustulisse
468 1632 628 1678 dicatur,
656 1633 692 1670 in
713 1634 893 1671 ultionem
915 1635 994 1684 ejus
1010 1647 1076 1684 per
1094 1635 1202 1672 nefas
1222 1635 1432 1680 occidatur,
1451 1647 1583 1672 manes
1603 1636 1687 1686 ejus
1730 1650 1737 1654 ·

248 1690 335 1735 illis,
361 1692 537 1741 aquibus
556 1693 667 1730 morti
700 1693 811 1731 datus
838 1695 963 1739 fuerit,
984 1695 1088 1732 haud
1115 1696 1238 1732 minus
1258 1695 1387 1733 infesti
1421 1704 1546 1740 erunt,
1573 1704 1688 1746 atque

250 1763 380 1790 manes
403 1753 504 1790 senis
529 1762 615 1791 ante
645 1755 884 1805 interempti;
916 1763 954 1792 et
980 1756 1034 1792 sic
1060 1756 1252 1806 geminum
1282 1755 1382 1793 foret
1405 1756 1612 1806 piaculum,
1631 1757 1688 1793 in-

245 1814 349 1861 juste
370 1813 555 1858 sublatus,
573 1816 874 1864 peremptoribus
894 1816 972 1853 suis
988 1823 1268 1854 contracturus.
1326 1816 1422 1854 Haec
1436 1829 1502 1862 vos
1520 1816 1689 1854 reformi-

249 1873 396 1916 dantes,
425 1873 637 1912 existimate
661 1884 827 1913 vestrum
858 1889 956 1920 esse,
984 1884 1026 1914 ut
1058 1876 1246 1914 insontem
1280 1877 1436 1914 crimine
1452 1877 1685 1920 absolvatis;

250 1933 435 1983 impurum
454 1946 541 1971 vero
567 1936 724 1985 tempori
752 1937 1016 1985 permittentes
1052 1936 1257 1986 aliquando
1285 1936 1608 1987 patefaciendum,
1626 1949 1688 1974 re-

248 1993 403 2043 linquite
416 1995 595 2044 proximis
609 1996 790 2046 perempti
804 1997 1026 2034 necessariis
1040 1998 1088 2034 ad
1104 1997 1283 2035 ultionem
1299 2011 1308 2034 :
1330 1997 1385 2035 sic
1399 1998 1497 2035 enim
1513 2004 1687 2049 agentes,

249 2053 369 2090 modis
388 2055 508 2104 agatis
522 2055 599 2105 juri
621 2063 659 2093 et
675 2056 844 2094 humano
864 2064 903 2094 et
920 2057 1049 2095 divino
1068 2058 1448 2097 convenientissimis.
