1822 3219
258 146 336 180 222
912 146 1083 184 LYSIAE

262 250 406 295 veritis,
434 251 500 295 ita,
528 250 559 288 si
592 265 678 302 quoe
701 252 949 303 deliquerint,
973 262 1041 291 aut
1067 267 1202 292 eorum
1233 267 1275 292 se
1308 268 1440 306 poenas
1467 257 1639 306 daturos,
1667 268 1735 300 aut

261 312 419 350 meliore
432 325 545 363 quam
564 327 668 352 nunc
683 322 775 352 sunt
791 316 1012 354 conditione
1027 316 1189 361 futuros,
1203 324 1270 353 aut
1286 317 1413 354 saltim
1435 332 1512 357 non
1531 320 1732 360 deteriore.

261 373 362 411 Nam
383 374 462 412 sive
482 375 678 425 potientur
698 376 852 426 cupitis,
874 377 953 413 sive
975 390 1043 427 spe
1066 384 1103 414 et
1123 379 1324 415 conatibus
1340 379 1512 417 audaciae
1530 393 1610 418 suae
1630 385 1732 422 exci-

259 436 378 475 dent:
409 437 503 475 illud
532 438 561 475 si
591 439 756 483 eveniat,
784 440 924 483 sciunt,
947 439 1102 490 impune
1124 454 1164 477 se
1193 441 1386 491 capitibus
1408 443 1548 479 civium
1572 443 1731 483 insulta-

257 506 389 542 turos3
423 500 480 537 sin
496 500 583 545 hoc,
599 501 676 550 pari
695 509 824 537 tamen
844 514 884 538 se
905 502 1103 538 vobiscum
1121 502 1209 553 jure
1233 503 1332 540 civili
1357 504 1555 554 gavisuros
1576 512 1731 543 norunt.

257 560 454 622 Peregrini
476 570 602 599 autem
620 570 812 613 quotquot
828 576 929 600 nunc
948 563 983 600 in
1004 564 1096 600 urbe
1116 570 1243 601 vestra
1259 566 1474 611 versantur,
1495 567 1730 618 scient,jure

253 636 301 660 ne
322 636 368 661 an
391 624 527 675 injuria
550 625 917 677 Trigintatyrannos
941 627 1017 663 suis
1044 627 1184 677 quique
1205 641 1250 665 ex
1276 630 1426 679 oppidis
1445 630 1625 681 agrisque
1655 632 1728 669 sub

253 687 443 736 praeconis
463 700 557 725 voce
573 688 843 725 exterminent.
903 688 1156 727 Contendunt
1175 690 1224 726 illi
1242 691 1397 739 quidem
1418 705 1522 729 nunc
1537 692 1732 742 Triginta-

252 756 435 798 tyrannos
457 749 599 800 ubique
621 750 792 786 locorum
823 751 1032 800 exagitare,
1053 764 1121 802 pro
1143 751 1318 789 hostibus
1349 753 1539 791 universae
1561 754 1726 793 Graeciae

250 812 518 849 communibus
539 825 605 848 eos
635 811 850 850 babentes:
881 812 943 849 ubi
973 822 1098 850 autem
1122 826 1189 850 vos
1219 814 1381 851 viderint
1410 822 1486 852 tani
1520 816 1623 854 leves
1645 823 1723 854 tam

248 872 512 910 inconstantes
549 881 624 909 tam
660 874 817 923 turpiter
849 873 983 911 molles
1007 882 1043 911 et
1071 875 1246 925 ignavos,
1269 884 1310 912 ut
1339 883 1537 926 tyrannos,
1557 891 1721 928 quorum

248 933 405 985 injurias
426 935 496 985 ipsi
518 935 786 979 toleraveritis,
809 936 844 972 in
865 943 1054 986 potestate
1075 949 1162 972 cum
1180 936 1370 980 babeatis,
1391 937 1568 988 impunes
1593 946 1720 976 tamen

248 995 464 1041 dimittatis,
499 997 702 1048 poenitebit
733 997 836 1047 ipsos
864 997 921 1034 sui
954 1011 1047 1047 erga
1073 1011 1141 1034 vos
1171 997 1302 1041 studii,
1335 998 1497 1035 multum
1528 1000 1600 1049 ipsi
1635 1013 1721 1039 sese

246 1059 397 1108 ineptos
419 1067 458 1096 et
490 1059 588 1096 male
619 1059 776 1096 sedulos
803 1059 1051 1110 judicabunt,
1088 1059 1153 1108 qui
1188 1059 1304 1095 vestri
1339 1071 1459 1096 causa
1493 1059 1722 1106 frustraneis

245 1128 497 1158 conterantur
545 1121 730 1158 molestiis
776 1121 943 1171 odiaque
990 1119 1373 1158 Lacedaemoniorum
1421 1121 1594 1171 tyrannis
1638 1128 1721 1159 stu-

245 1183 418 1220 dentium
440 1183 752 1220 insectationibus
773 1191 1021 1235 tyrannorum
1045 1182 1115 1220 sibi
1143 1182 1402 1220 consciscant.
1461 1182 1719 1234 Imperatores

242 1255 405 1290 vestros,
440 1245 565 1282 navali
605 1245 654 1282 ad
693 1245 909 1295 Arginusas
943 1244 1073 1295 prtelio
1106 1244 1285 1287 victores,
1322 1251 1495 1281 extremo
1529 1244 1718 1296 supplicio

243 1306 440 1350 affecistis,
462 1307 535 1344 alia
557 1306 662 1343 nulla
682 1306 730 1344 de
753 1320 873 1343 causa
891 1320 1004 1357 quam
1029 1306 1130 1357 quod
1155 1306 1369 1343 faterentur
1388 1320 1456 1356 per
1475 1308 1718 1357 tempestatis

242 1368 484 1406 atrocitatem
508 1368 578 1405 sibi
610 1377 792 1418 negatum
816 1376 855 1404 ut
890 1367 1096 1416 naufragos
1118 1380 1137 1403 e
1167 1367 1259 1404 mari
1287 1367 1487 1405 sublectos
1518 1375 1718 1405 servarent

243 1431 520 1473 humarentve;
564 1430 842 1467 existimabatis
865 1429 1041 1466 nimirum
1063 1436 1237 1479 oportere
1261 1442 1343 1473 vos,
1370 1430 1560 1479 capitibus
1597 1430 1718 1481 impe-

241 1500 411 1530 ratorum
434 1499 664 1537 vestrorum,
684 1491 837 1528 tametsi
856 1491 1058 1535 victorum,
1076 1503 1208 1528 inanes
1229 1497 1286 1527 tot
1304 1490 1470 1527 virorum
1492 1490 1647 1528 fortium
1668 1504 1715 1530 eo

241 1554 277 1591 in
297 1554 427 1604 praelio
446 1553 581 1591 misere
603 1553 650 1590 ab
672 1553 789 1590 undis
809 1552 1036 1590 haustorurn
1061 1552 1212 1601 placare
1234 1564 1243 1589 :
1274 1551 1344 1589 bos
1371 1565 1472 1595 vero,
1493 1553 1558 1603 qui
1579 1554 1717 1604 privati

240 1616 383 1660 adhuc,
403 1623 590 1666 quantum
615 1614 651 1651 in
678 1615 772 1666 ipsis
793 1621 910 1658 esset,
932 1614 980 1651 ad
1003 1616 1154 1651 cladem
1178 1613 1430 1651 contulerunt
1448 1614 1561 1652 classi
1575 1625 1714 1654 vestrae

240 1677 345 1728 apud
379 1676 687 1727 AEgospotamos
728 1676 885 1719 illatam,
927 1675 1174 1726 postmodum
1220 1682 1365 1719 autern,
1402 1688 1553 1713 summa
1587 1689 1713 1714 rerum

241 1739 366 1790 potiti,
389 1748 527 1789 sponte
555 1751 638 1781 sua,
672 1738 824 1775 nemine
860 1745 1040 1788 cogente,
1074 1737 1217 1774 multos
1251 1737 1389 1774 civium
1423 1737 1569 1775 indicta
1595 1751 1714 1776 causa

241 1801 325 1839 neci
348 1801 553 1844 dederunt,
575 1800 612 1837 id
645 1800 749 1850 quod
784 1800 855 1850 ipsi
885 1799 988 1836 haud
1022 1799 1249 1844 diffitentur,
1273 1798 1500 1836 dubitabitis
1535 1799 1718 1850 ipsosque

237 1865 460 1915 liberosque
481 1864 660 1901 extremis
683 1862 819 1900 tollere
842 1862 1043 1913 suppliciis
1061 1861 1076 1898 ἵ

292 1931 331 1965 8.
365 1927 439 1964 Hic
468 1925 629 1976 defungi
661 1933 835 1975 poteram
872 1924 1124 1961 accusatione
1154 1924 1347 1975 finemque
1386 1924 1419 1961 ei
1451 1936 1553 1961 eram
1587 1923 1711 1974 impo-

238 1991 397 2035 siturus,
428 1989 651 2026 existimans
684 1987 814 2037 capita
847 1986 1105 2024 accusationis
1133 1986 1261 2024 adbuc
1293 1999 1314 2023 a
1345 2000 1404 2023 me
1435 1986 1630 2037 proposita
1661 1986 1710 2023 ad

236 2051 499 2090 damnandum
522 2063 628 2088 reum
645 2049 820 2086 sufficere
839 2062 847 2086 ε
879 2048 932 2086 sic
947 2048 1046 2086 enim
1062 2061 1218 2092 censeo,
1235 2056 1502 2085 accusatorem
1521 2047 1712 2085 hactenus

237 2117 378 2154 debere
408 2115 658 2160 contendere,
687 2121 729 2150 ut
757 2126 845 2150 reus
874 2113 1069 2164 judicibus
1098 2112 1276 2150 videatur
1307 2113 1425 2164 digna
1452 2113 1586 2150 mortis
1618 2127 1708 2161 sup-

236 2179 350 2229 plicio
373 2187 546 2228 patrasse
564 2191 573 2220 ;
606 2175 712 2226 quod
731 2183 944 2212 extremum
969 2181 1030 2212 est
1050 2174 1323 2226 suppliciorum
1345 2187 1432 2224 quae
1453 2187 1476 2211 a
1495 2173 1710 2210 criminosis

236 2240 357 2290 repeti
389 2245 566 2289 possunt.
638 2237 834 2280 Quocirca
867 2249 945 2273 non
981 2236 1092 2273 video
1126 2236 1218 2286 quid
1258 2242 1435 2286 oporteat
1471 2235 1634 2272 muitum
1671 2235 1708 2272 in

235 2300 457 2350 hujusmodi
490 2299 689 2337 hominurn
727 2298 977 2336 accusatione
1019 2297 1269 2342 contendere,
1305 2310 1467 2347 quorum
1501 2306 1579 2334 tam
1618 2304 1710 2334 sunt

235 2363 404 2403 enormia
420 2361 580 2406 scelera,
600 2367 643 2397 ut
662 2373 796 2410 poenas
816 2367 876 2396 sat
893 2372 1054 2409 magnas
1076 2358 1201 2396 daturi
1229 2372 1304 2396 non
1329 2359 1544 2405 videantur,
1562 2358 1709 2396 etiamsi

236 2424 390 2476 singula
408 2435 571 2474 quaeque
593 2421 739 2459 scelera
755 2422 784 2458 si
806 2421 885 2458 fieri
902 2421 1021 2471 possit
1041 2421 1141 2458 binis
1164 2422 1349 2458 mortibus
1367 2420 1489 2458 luant.
1547 2420 1708 2457 Verum-

235 2494 362 2525 tamen
385 2497 589 2536 superesse
610 2483 722 2520 video
742 2483 949 2521 nonnullas
982 2483 1246 2527 causationes,
1272 2495 1368 2533 quas
1390 2495 1448 2520 me
1475 2482 1588 2519 decet
1610 2481 1708 2519 Era-

236 2547 406 2586 tostheni
429 2546 590 2597 eripere.
649 2545 816 2595 AEquum
835 2544 936 2582 enim
954 2545 1126 2596 profecto
1146 2557 1220 2582 non
1237 2553 1295 2582 est
1311 2545 1344 2581 ei
1362 2557 1515 2595 quoque
1530 2545 1709 2590 concedi,

235 2610 341 2662 quod
360 2610 397 2647 in
419 2609 492 2646 hae
509 2607 664 2645 civitate
687 2606 794 2643 multi
815 2614 952 2643 contra
971 2619 1086 2657 quam
1108 2606 1274 2643 decebat
1294 2613 1495 2655 usurpant,
1517 2605 1596 2656 qui,
1617 2619 1718 2644 cum>

232 2672 387 2709 vincere
407 2671 521 2707 rebus
548 2674 587 2705 et
608 2667 805 2718 conjectas
833 2668 869 2704 in
891 2681 931 2704 se
951 2668 1238 2704 criminationes
1271 2667 1464 2717 depellere
1492 2677 1704 2717 nequeunt,

236 2731 478 2772 dissimulata
506 2737 547 2767 et
573 2729 767 2780 praeterita
789 2728 1016 2765 defensione
1044 2728 1251 2779 praestigiis
1266 2728 1467 2778 jactantiae
1488 2729 1598 2766 vobis
1625 2729 1710 2766 illu—

235 2795 346 2837 dunt,
364 2794 411 2830 de
431 2791 610 2829 laudibus
633 2790 712 2828 suis
728 2789 776 2827 ad
795 2802 860 2826 vos
876 2790 996 2826 multa
1013 2798 1050 2827 et
1071 2789 1280 2826 invidenda
1296 2790 1569 2840 praedicantes,
1588 2803 1704 2841 quam

234 2859 353 2896 fortes
376 2855 452 2892 sint
485 2853 638 2902 milites,
659 2865 776 2903 quam
803 2851 924 2889 multa
950 2851 1096 2902 oppida
1117 2863 1139 2887 a
1159 2851 1267 2888 vobis
1297 2852 1467 2890 alienata
1497 2865 1630 2889 rursus
1655 2852 1705 2890 ad

235 2927 401 2959 vestram
429 2916 653 2954 societatem
683 2914 928 2966 redegerint:
960 2926 1180 2963 quanquam
1205 2926 1253 2950 ne
1280 2915 1423 2965 poterit
1447 2914 1618 2966 quidem.
1647 2921 1703 2952 et-
