<?xml version="1.0" encoding="UTF-8"?>
<!DOCTYPE html PUBLIC "-//W3C//DTD XHTML 1.0 Transitional//EN"
    "http://www.w3.org/TR/xhtml1/DTD/xhtml1-transitional.dtd">
<html xmlns="http://www.w3.org/1999/xhtml" xml:lang="en" lang="en">
 <head>
  <title>
</title>
<meta http-equiv="Content-Type" content="text/html;charset=utf-8" />
  <meta name='ocr-system' content='tesseract 3.04.00' />
  <meta name='ocr-capabilities' content='ocr_page ocr_carea ocr_par ocr_line ocrx_word'/>
</head>
<body>
  <div class='ocr_page' id='page_1' title='image "./oratoresatticie13dobs_0364.png"; bbox 0 0 1822 3219; ppageno 0'>
   <div class='ocr_carea' id='block_1_1' title="bbox 215 148 1035 187">
    <p class='ocr_par' dir='ltr' id='par_1_1' title="bbox 215 148 1035 187">
     <span class='ocr_line' id='line_1_1' title="bbox 215 148 1035 187; baseline 0.004 -3"><span class='ocrx_word' id='word_1_1' title='bbox 215 148 291 184; x_wconf 85' lang='lat'>352</span> <span class='ocrx_word' id='word_1_2' title='bbox 753 171 756 174; x_wconf 87' lang='lat'><strong>·</strong></span> <span class='ocrx_word' id='word_1_3' title='bbox 866 148 1035 187; x_wconf 86' lang='lat' dir='ltr'>LYSIAE</span> 
     </span>
    </p>
   </div>
   <div class='ocr_carea' id='block_1_2' title="bbox 205 247 1671 1577">
    <p class='ocr_par' dir='ltr' id='par_1_2' title="bbox 205 247 1671 1577">
     <span class='ocr_line' id='line_1_2' title="bbox 212 247 1665 302; baseline 0.003 -17"><span class='ocrx_word' id='word_1_4' title='bbox 212 247 345 285; x_wconf 87' lang='lat' dir='ltr'>vestris</span> <span class='ocrx_word' id='word_1_5' title='bbox 362 258 440 284; x_wconf 91' lang='lat' dir='ltr'>rem</span> <span class='ocrx_word' id='word_1_6' title='bbox 457 252 635 298; x_wconf 84' lang='lat' dir='ltr'>augeret3</span> <span class='ocrx_word' id='word_1_7' title='bbox 664 255 822 286; x_wconf 90' lang='lat' dir='ltr'>evectus</span> <span class='ocrx_word' id='word_1_8' title='bbox 843 252 943 288; x_wconf 89' lang='lat' dir='ltr'>enim</span> <span class='ocrx_word' id='word_1_9' title='bbox 961 250 1107 301; x_wconf 88' lang='lat' dir='ltr'>Orop0,</span> <span class='ocrx_word' id='word_1_10' title='bbox 1122 250 1216 288; x_wconf 86' lang='lat' dir='ltr'>alias</span> <span class='ocrx_word' id='word_1_11' title='bbox 1235 251 1342 289; x_wconf 83' lang='lat' dir='ltr'>solus</span> <span class='ocrx_word' id='word_1_12' title='bbox 1358 252 1452 302; x_wconf 83' lang='lat' dir='ltr'>ipse,</span> <span class='ocrx_word' id='word_1_13' title='bbox 1467 251 1561 290; x_wconf 81' lang='lat' dir='ltr'>alias</span> <span class='ocrx_word' id='word_1_14' title='bbox 1579 265 1665 291; x_wconf 90' lang='lat' dir='ltr'>cum</span> 
     </span>
     <span class='ocr_line' id='line_1_3' title="bbox 211 308 1669 361; baseline 0.004 -16"><span class='ocrx_word' id='word_1_15' title='bbox 211 308 327 359; x_wconf 88' lang='lat' dir='ltr'>globo</span> <span class='ocrx_word' id='word_1_16' title='bbox 346 320 462 358; x_wconf 87' lang='lat' dir='ltr'>quem</span> <span class='ocrx_word' id='word_1_17' title='bbox 483 309 652 347; x_wconf 89' lang='lat' dir='ltr'>ducebat</span> <span class='ocrx_word' id='word_1_18' title='bbox 670 308 866 347; x_wconf 87' lang='lat' dir='ltr'>hominurn</span> <span class='ocrx_word' id='word_1_19' title='bbox 887 310 1155 361; x_wconf 89' lang='lat' dir='ltr'>improborum,</span> <span class='ocrx_word' id='word_1_20' title='bbox 1176 311 1240 361; x_wconf 92' lang='lat' dir='ltr'>qui</span> <span class='ocrx_word' id='word_1_21' title='bbox 1262 311 1393 349; x_wconf 81' lang='lat' dir='ltr'><strong>clades</strong></span> <span class='ocrx_word' id='word_1_22' title='bbox 1413 319 1560 350; x_wconf 80' lang='lat' dir='ltr'>vestras</span> <span class='ocrx_word' id='word_1_23' title='bbox 1584 312 1669 351; x_wconf 88' lang='lat' dir='ltr'>lau-</span> 
     </span>
     <span class='ocr_line' id='line_1_4' title="bbox 211 370 1668 425; baseline 0.003 -18"><span class='ocrx_word' id='word_1_24' title='bbox 211 377 289 407; x_wconf 91' lang='lat' dir='ltr'>tam</span> <span class='ocrx_word' id='word_1_25' title='bbox 316 370 386 408; x_wconf 87' lang='lat' dir='ltr'>sibi</span> <span class='ocrx_word' id='word_1_26' title='bbox 417 378 533 422; x_wconf 90' lang='lat' dir='ltr'>atque</span> <span class='ocrx_word' id='word_1_27' title='bbox 562 379 823 422; x_wconf 90' lang='lat' dir='ltr'>quaestuosam</span> <span class='ocrx_word' id='word_1_28' title='bbox 844 372 1032 411; x_wconf 86' lang='lat' dir='ltr'>ducerent</span> <span class='ocrx_word' id='word_1_29' title='bbox 1051 373 1297 423; x_wconf 89' lang='lat' dir='ltr'>provinciam,</span> <span class='ocrx_word' id='word_1_30' title='bbox 1317 374 1534 425; x_wconf 85' lang='lat' dir='ltr'><strong>persultans</strong></span> <span class='ocrx_word' id='word_1_31' title='bbox 1553 386 1668 424; x_wconf 81' lang='lat' dir='ltr'>agros</span> 
     </span>
     <span class='ocr_line' id='line_1_5' title="bbox 210 431 1669 484; baseline 0.004 -17"><span class='ocrx_word' id='word_1_32' title='bbox 210 437 372 477; x_wconf 91' lang='lat' dir='ltr'>vestros,</span> <span class='ocrx_word' id='word_1_33' title='bbox 396 431 428 469; x_wconf 87' lang='lat' dir='ltr'>si</span> <span class='ocrx_word' id='word_1_34' title='bbox 449 446 546 483; x_wconf 92' lang='lat' dir='ltr'>quos</span> <span class='ocrx_word' id='word_1_35' title='bbox 565 433 602 470; x_wconf 88' lang='lat' dir='ltr'>in</span> <span class='ocrx_word' id='word_1_36' title='bbox 624 434 725 471; x_wconf 89' lang='lat' dir='ltr'>cives</span> <span class='ocrx_word' id='word_1_37' title='bbox 747 440 893 471; x_wconf 85' lang='lat' dir='ltr'>vestros</span> <span class='ocrx_word' id='word_1_38' title='bbox 914 435 1125 472; x_wconf 85' lang='lat' dir='ltr'>incurreret</span> <span class='ocrx_word' id='word_1_39' title='bbox 1146 434 1255 471; x_wconf 84' lang='lat' dir='ltr'>annis</span> <span class='ocrx_word' id='word_1_40' title='bbox 1277 447 1428 484; x_wconf 85' lang='lat' dir='ltr'>graves,</span> <span class='ocrx_word' id='word_1_41' title='bbox 1450 436 1486 472; x_wconf 89' lang='lat' dir='ltr'>in</span> <span class='ocrx_word' id='word_1_42' title='bbox 1508 435 1669 474; x_wconf 86' lang='lat' dir='ltr'>munici-</span> 
     </span>
     <span class='ocr_line' id='line_1_6' title="bbox 210 492 1670 545; baseline 0.004 -17"><span class='ocrx_word' id='word_1_43' title='bbox 210 492 282 541; x_wconf 89' lang='lat' dir='ltr'><strong>piis</strong></span> <span class='ocrx_word' id='word_1_44' title='bbox 302 492 470 539; x_wconf 91' lang='lat' dir='ltr'>relictos,</span> <span class='ocrx_word' id='word_1_45' title='bbox 490 494 526 530; x_wconf 89' lang='lat' dir='ltr'>in</span> <span class='ocrx_word' id='word_1_46' title='bbox 548 507 587 531; x_wconf 88' lang='lat' dir='ltr'>re</span> <span class='ocrx_word' id='word_1_47' title='bbox 607 493 780 532; x_wconf 85' lang='lat' dir='ltr'>familiari</span> <span class='ocrx_word' id='word_1_48' title='bbox 802 507 984 544; x_wconf 85' lang='lat' dir='ltr'>perquam</span> <span class='ocrx_word' id='word_1_49' title='bbox 1005 502 1127 540; x_wconf 88' lang='lat' dir='ltr'>curta,</span> <span class='ocrx_word' id='word_1_50' title='bbox 1147 507 1224 545; x_wconf 88' lang='lat' dir='ltr'>qua</span> <span class='ocrx_word' id='word_1_51' title='bbox 1235 507 1364 532; x_wconf 87' lang='lat' dir='ltr'>carere</span> <span class='ocrx_word' id='word_1_52' title='bbox 1384 495 1433 532; x_wconf 87' lang='lat' dir='ltr'>ad</span> <span class='ocrx_word' id='word_1_53' title='bbox 1450 495 1562 533; x_wconf 89' lang='lat' dir='ltr'>vitam</span> <span class='ocrx_word' id='word_1_54' title='bbox 1583 507 1670 534; x_wconf 79' lang='lat' dir='ltr'>sus-</span> 
     </span>
     <span class='ocr_line' id='line_1_7' title="bbox 213 553 1669 605; baseline 0.003 -16"><span class='ocrx_word' id='word_1_55' title='bbox 213 553 434 591; x_wconf 84' lang='lat' dir='ltr'>tentandam</span> <span class='ocrx_word' id='word_1_56' title='bbox 471 554 576 591; x_wconf 89' lang='lat' dir='ltr'>nullo</span> <span class='ocrx_word' id='word_1_57' title='bbox 603 555 718 592; x_wconf 88' lang='lat' dir='ltr'>modo</span> <span class='ocrx_word' id='word_1_58' title='bbox 751 563 925 605; x_wconf 87' lang='lat' dir='ltr'>possent,</span> <span class='ocrx_word' id='word_1_59' title='bbox 951 568 1018 605; x_wconf 89' lang='lat' dir='ltr'>per</span> <span class='ocrx_word' id='word_1_60' title='bbox 1044 562 1198 593; x_wconf 82' lang='lat' dir='ltr'>aetatem</span> <span class='ocrx_word' id='word_1_61' title='bbox 1226 555 1329 593; x_wconf 82' lang='lat' dir='ltr'>haud</span> <span class='ocrx_word' id='word_1_62' title='bbox 1360 555 1531 593; x_wconf 74' lang='lat' dir='ltr'>valentes</span> <span class='ocrx_word' id='word_1_63' title='bbox 1560 556 1669 594; x_wconf 86' lang='lat' dir='ltr'>vobis</span> 
     </span>
     <span class='ocr_line' id='line_1_8' title="bbox 211 613 1670 666; baseline 0.003 -16"><span class='ocrx_word' id='word_1_64' title='bbox 211 613 402 662; x_wconf 87' lang='lat' dir='ltr'>opitulari,</span> <span class='ocrx_word' id='word_1_65' title='bbox 427 628 516 652; x_wconf 90' lang='lat' dir='ltr'>cum</span> <span class='ocrx_word' id='word_1_66' title='bbox 544 616 678 652; x_wconf 88' lang='lat' dir='ltr'>animis</span> <span class='ocrx_word' id='word_1_67' title='bbox 703 616 819 653; x_wconf 89' lang='lat' dir='ltr'>vestri</span> <span class='ocrx_word' id='word_1_68' title='bbox 844 624 974 654; x_wconf 88' lang='lat' dir='ltr'>essent</span> <span class='ocrx_word' id='word_1_69' title='bbox 996 615 1277 661; x_wconf 86' lang='lat' dir='ltr'>studiosissimi,</span> <span class='ocrx_word' id='word_1_70' title='bbox 1299 616 1370 654; x_wconf 90' lang='lat' dir='ltr'>hos</span> <span class='ocrx_word' id='word_1_71' title='bbox 1393 616 1508 666; x_wconf 84' lang='lat' dir='ltr'>igitur</span> <span class='ocrx_word' id='word_1_72' title='bbox 1529 615 1670 654; x_wconf 86' lang='lat' dir='ltr'>Philon</span> 
     </span>
     <span class='ocr_line' id='line_1_9' title="bbox 212 674 1669 728; baseline 0.002 -17"><span class='ocrx_word' id='word_1_73' title='bbox 212 674 371 713; x_wconf 89' lang='lat' dir='ltr'>fortunis</span> <span class='ocrx_word' id='word_1_74' title='bbox 397 676 598 726; x_wconf 86' lang='lat' dir='ltr'>spoliabat,</span> <span class='ocrx_word' id='word_1_75' title='bbox 630 677 782 728; x_wconf 87' lang='lat' dir='ltr'>majoris</span> <span class='ocrx_word' id='word_1_76' title='bbox 808 678 952 715; x_wconf 87' lang='lat' dir='ltr'>faciens</span> <span class='ocrx_word' id='word_1_77' title='bbox 979 678 1282 715; x_wconf 87' lang='lat' dir='ltr'>mediocritatem</span> <span class='ocrx_word' id='word_1_78' title='bbox 1312 679 1457 715; x_wconf 85' lang='lat' dir='ltr'>fructus</span> <span class='ocrx_word' id='word_1_79' title='bbox 1484 690 1598 728; x_wconf 90' lang='lat' dir='ltr'>quem</span> <span class='ocrx_word' id='word_1_80' title='bbox 1622 689 1669 716; x_wconf 88' lang='lat' dir='ltr'>ex</span> 
     </span>
     <span class='ocr_line' id='line_1_10' title="bbox 210 735 1668 789; baseline 0.003 -17"><span class='ocrx_word' id='word_1_81' title='bbox 210 747 342 773; x_wconf 90' lang='lat' dir='ltr'>eorum</span> <span class='ocrx_word' id='word_1_82' title='bbox 365 735 496 787; x_wconf 88' lang='lat' dir='ltr'>spoliis</span> <span class='ocrx_word' id='word_1_83' title='bbox 516 737 763 787; x_wconf 82' lang='lat' dir='ltr'>percipiebat,</span> <span class='ocrx_word' id='word_1_84' title='bbox 777 750 892 788; x_wconf 89' lang='lat' dir='ltr'>quam</span> <span class='ocrx_word' id='word_1_85' title='bbox 913 737 1069 776; x_wconf 88' lang='lat' dir='ltr'>laudem</span> <span class='ocrx_word' id='word_1_86' title='bbox 1089 738 1316 776; x_wconf 82' lang='lat' dir='ltr'>innocentiae</span> <span class='ocrx_word' id='word_1_87' title='bbox 1337 745 1451 789; x_wconf 89' lang='lat' dir='ltr'>atque</span> <span class='ocrx_word' id='word_1_88' title='bbox 1471 738 1668 776; x_wconf 90' lang='lat' dir='ltr'>continen-</span> 
     </span>
     <span class='ocr_line' id='line_1_11' title="bbox 211 795 1669 848; baseline 0.003 -16"><span class='ocrx_word' id='word_1_89' title='bbox 211 795 274 832; x_wconf 85' lang='lat' dir='ltr'>tiae</span> <span class='ocrx_word' id='word_1_90' title='bbox 302 809 394 846; x_wconf 80' lang='lat' dir='ltr'>erga</span> <span class='ocrx_word' id='word_1_91' title='bbox 423 809 503 842; x_wconf 92' lang='lat' dir='ltr'>eos,</span> <span class='ocrx_word' id='word_1_92' title='bbox 522 797 587 846; x_wconf 87' lang='lat' dir='ltr'>qui</span> <span class='ocrx_word' id='word_1_93' title='bbox 615 809 732 842; x_wconf 90' lang='lat' dir='ltr'>nunc,</span> <span class='ocrx_word' id='word_1_94' title='bbox 754 810 830 848; x_wconf 93' lang='lat' dir='ltr'>quo</span> <span class='ocrx_word' id='word_1_95' title='bbox 855 799 979 836; x_wconf 88' lang='lat' dir='ltr'>minus</span> <span class='ocrx_word' id='word_1_96' title='bbox 1006 799 1044 835; x_wconf 89' lang='lat' dir='ltr'>in</span> <span class='ocrx_word' id='word_1_97' title='bbox 1071 811 1117 836; x_wconf 91' lang='lat' dir='ltr'>eo</span> <span class='ocrx_word' id='word_1_98' title='bbox 1144 811 1233 836; x_wconf 89' lang='lat' dir='ltr'>suas</span> <span class='ocrx_word' id='word_1_99' title='bbox 1259 799 1386 836; x_wconf 89' lang='lat' dir='ltr'>cuncti</span> <span class='ocrx_word' id='word_1_100' title='bbox 1408 806 1669 848; x_wconf 83' lang='lat' dir='ltr'>exsequantur</span> 
     </span>
     <span class='ocr_line' id='line_1_12' title="bbox 209 856 1668 909; baseline 0.003 -17"><span class='ocrx_word' id='word_1_101' title='bbox 209 856 377 906; x_wconf 88' lang='lat' dir='ltr'>injurias,</span> <span class='ocrx_word' id='word_1_102' title='bbox 405 857 542 894; x_wconf 88' lang='lat' dir='ltr'>eadem</span> <span class='ocrx_word' id='word_1_103' title='bbox 568 857 615 895; x_wconf 88' lang='lat' dir='ltr'>ab</span> <span class='ocrx_word' id='word_1_104' title='bbox 638 858 720 908; x_wconf 84' lang='lat' dir='ltr'>ipsa</span> <span class='ocrx_word' id='word_1_105' title='bbox 747 871 864 896; x_wconf 89' lang='lat' dir='ltr'>causa</span> <span class='ocrx_word' id='word_1_106' title='bbox 891 859 1163 909; x_wconf 87' lang='lat' dir='ltr'>impediuntur,</span> <span class='ocrx_word' id='word_1_107' title='bbox 1190 860 1239 896; x_wconf 93' lang='lat' dir='ltr'>ob</span> <span class='ocrx_word' id='word_1_108' title='bbox 1266 871 1380 909; x_wconf 91' lang='lat' dir='ltr'>quam</span> <span class='ocrx_word' id='word_1_109' title='bbox 1408 865 1487 896; x_wconf 92' lang='lat' dir='ltr'>tum</span> <span class='ocrx_word' id='word_1_110' title='bbox 1512 871 1668 909; x_wconf 82' lang='lat' dir='ltr'>quoque</span> 
     </span>
     <span class='ocr_line' id='line_1_13' title="bbox 205 917 1669 970; baseline 0.002 -16"><span class='ocrx_word' id='word_1_111' title='bbox 205 917 320 955; x_wconf 48' lang='lat' dir='ltr'>‘vobis</span> <span class='ocrx_word' id='word_1_112' title='bbox 338 930 561 957; x_wconf 85' lang='lat' dir='ltr'>succurrere</span> <span class='ocrx_word' id='word_1_113' title='bbox 577 931 663 956; x_wconf 89' lang='lat' dir='ltr'>cum</span> <span class='ocrx_word' id='word_1_114' title='bbox 681 919 823 957; x_wconf 88' lang='lat' dir='ltr'>vellent</span> <span class='ocrx_word' id='word_1_115' title='bbox 839 933 914 957; x_wconf 90' lang='lat' dir='ltr'>non</span> <span class='ocrx_word' id='word_1_116' title='bbox 932 927 1120 970; x_wconf 86' lang='lat' dir='ltr'>poterant.</span> <span class='ocrx_word' id='word_1_117' title='bbox 1176 919 1318 956; x_wconf 89' lang='lat' dir='ltr'>Verum</span> <span class='ocrx_word' id='word_1_118' title='bbox 1334 918 1548 956; x_wconf 92' lang='lat' dir='ltr'>cavendum</span> <span class='ocrx_word' id='word_1_119' title='bbox 1563 919 1669 957; x_wconf 83' lang='lat' dir='ltr'>vobis</span> 
     </span>
     <span class='ocr_line' id='line_1_14' title="bbox 209 979 1667 1029; baseline 0.001 -14"><span class='ocrx_word' id='word_1_120' title='bbox 209 984 281 1023; x_wconf 92' lang='lat' dir='ltr'>est,</span> <span class='ocrx_word' id='word_1_121' title='bbox 302 987 345 1016; x_wconf 90' lang='lat' dir='ltr'>ut</span> <span class='ocrx_word' id='word_1_122' title='bbox 363 991 494 1017; x_wconf 88' lang='lat' dir='ltr'>eorum</span> <span class='ocrx_word' id='word_1_123' title='bbox 514 979 710 1017; x_wconf 84' lang='lat' dir='ltr'>infirmitas</span> <span class='ocrx_word' id='word_1_124' title='bbox 739 980 874 1018; x_wconf 89' lang='lat' dir='ltr'>eadem</span> <span class='ocrx_word' id='word_1_125' title='bbox 895 993 941 1018; x_wconf 89' lang='lat' dir='ltr'>ne</span> <span class='ocrx_word' id='word_1_126' title='bbox 963 980 1021 1017; x_wconf 92' lang='lat' dir='ltr'>bis</span> <span class='ocrx_word' id='word_1_127' title='bbox 1042 979 1196 1017; x_wconf 89' lang='lat' dir='ltr'>Philoni</span> <span class='ocrx_word' id='word_1_128' title='bbox 1223 979 1418 1029; x_wconf 88' lang='lat' dir='ltr'>provincia</span> <span class='ocrx_word' id='word_1_129' title='bbox 1442 979 1521 1016; x_wconf 90' lang='lat' dir='ltr'>fiat.</span> <span class='ocrx_word' id='word_1_130' title='bbox 1578 979 1667 1018; x_wconf 82' lang='lat' dir='ltr'>Jam</span> 
     </span>
     <span class='ocr_line' id='line_1_15' title="bbox 211 1038 1669 1077; baseline 0 -1"><span class='ocrx_word' id='word_1_131' title='bbox 211 1038 328 1076; x_wconf 86' lang='lat' dir='ltr'>semel</span> <span class='ocrx_word' id='word_1_132' title='bbox 363 1039 528 1077; x_wconf 88' lang='lat' dir='ltr'>fortunis</span> <span class='ocrx_word' id='word_1_133' title='bbox 563 1051 630 1076; x_wconf 88' lang='lat' dir='ltr'>eos</span> <span class='ocrx_word' id='word_1_134' title='bbox 662 1040 841 1077; x_wconf 86' lang='lat' dir='ltr'>omnibus</span> <span class='ocrx_word' id='word_1_135' title='bbox 874 1039 1084 1077; x_wconf 86' lang='lat' dir='ltr'>denudavit</span> <span class='ocrx_word' id='word_1_136' title='bbox 1101 1051 1110 1076; x_wconf 92' lang='lat'><strong>:</strong></span> <span class='ocrx_word' id='word_1_137' title='bbox 1156 1052 1260 1077; x_wconf 86' lang='lat' dir='ltr'>nunc</span> <span class='ocrx_word' id='word_1_138' title='bbox 1292 1040 1426 1076; x_wconf 87' lang='lat' dir='ltr'>iterum</span> <span class='ocrx_word' id='word_1_139' title='bbox 1459 1051 1506 1076; x_wconf 84' lang='lat' dir='ltr'>ex</span> <span class='ocrx_word' id='word_1_140' title='bbox 1537 1051 1669 1076; x_wconf 90' lang='lat' dir='ltr'>eorum</span> 
     </span>
     <span class='ocr_line' id='line_1_16' title="bbox 210 1098 1668 1150; baseline 0.001 -14"><span class='ocrx_word' id='word_1_141' title='bbox 210 1098 360 1137; x_wconf 90' lang='lat' dir='ltr'>damnis</span> <span class='ocrx_word' id='word_1_142' title='bbox 377 1098 525 1137; x_wconf 90' lang='lat' dir='ltr'>lucrum</span> <span class='ocrx_word' id='word_1_143' title='bbox 544 1100 720 1146; x_wconf 83' lang='lat' dir='ltr'>aufferat,</span> <span class='ocrx_word' id='word_1_144' title='bbox 741 1101 772 1138; x_wconf 93' lang='lat' dir='ltr'>si</span> <span class='ocrx_word' id='word_1_145' title='bbox 793 1100 991 1150; x_wconf 87' lang='lat' dir='ltr'>fiat,quod</span> <span class='ocrx_word' id='word_1_146' title='bbox 1005 1113 1072 1137; x_wconf 91' lang='lat' dir='ltr'>vos</span> <span class='ocrx_word' id='word_1_147' title='bbox 1094 1100 1246 1137; x_wconf 88' lang='lat' dir='ltr'>minime</span> <span class='ocrx_word' id='word_1_148' title='bbox 1266 1099 1528 1145; x_wconf 73' lang='lat' dir='ltr'>committetis,</span> <span class='ocrx_word' id='word_1_149' title='bbox 1544 1107 1587 1137; x_wconf 90' lang='lat' dir='ltr'>ut</span> <span class='ocrx_word' id='word_1_150' title='bbox 1601 1111 1668 1137; x_wconf 85' lang='lat' dir='ltr'>vos</span> 
     </span>
     <span class='ocr_line' id='line_1_17' title="bbox 210 1159 1669 1212; baseline 0.001 -16"><span class='ocrx_word' id='word_1_151' title='bbox 210 1159 409 1197; x_wconf 90' lang='lat' dir='ltr'>Philonem</span> <span class='ocrx_word' id='word_1_152' title='bbox 438 1160 523 1198; x_wconf 90' lang='lat' dir='ltr'>ideo</span> <span class='ocrx_word' id='word_1_153' title='bbox 549 1161 731 1212; x_wconf 87' lang='lat' dir='ltr'>probetis,</span> <span class='ocrx_word' id='word_1_154' title='bbox 752 1161 856 1212; x_wconf 89' lang='lat' dir='ltr'>quod</span> <span class='ocrx_word' id='word_1_155' title='bbox 882 1161 934 1198; x_wconf 91' lang='lat' dir='ltr'>illi</span> <span class='ocrx_word' id='word_1_156' title='bbox 963 1160 1092 1198; x_wconf 88' lang='lat' dir='ltr'>cuncti</span> <span class='ocrx_word' id='word_1_157' title='bbox 1112 1173 1134 1198; x_wconf 88' lang='lat' dir='ltr'>a</span> <span class='ocrx_word' id='word_1_158' title='bbox 1153 1161 1259 1198; x_wconf 90' lang='lat' dir='ltr'>senio</span> <span class='ocrx_word' id='word_1_159' title='bbox 1283 1167 1322 1199; x_wconf 91' lang='lat' dir='ltr'>et</span> <span class='ocrx_word' id='word_1_160' title='bbox 1339 1160 1558 1199; x_wconf 78' lang='lat' dir='ltr'>valetudIne</span> <span class='ocrx_word' id='word_1_161' title='bbox 1577 1173 1669 1198; x_wconf 90' lang='lat' dir='ltr'>con-</span> 
     </span>
     <span class='ocr_line' id='line_1_18' title="bbox 210 1220 1668 1272; baseline 0 -15"><span class='ocrx_word' id='word_1_162' title='bbox 210 1220 332 1258; x_wconf 88' lang='lat' dir='ltr'>stricti</span> <span class='ocrx_word' id='word_1_163' title='bbox 350 1220 411 1259; x_wconf 89' lang='lat' dir='ltr'>hic</span> <span class='ocrx_word' id='word_1_164' title='bbox 431 1221 566 1260; x_wconf 87' lang='lat' dir='ltr'>adesse</span> <span class='ocrx_word' id='word_1_165' title='bbox 587 1228 626 1259; x_wconf 90' lang='lat' dir='ltr'>et</span> <span class='ocrx_word' id='word_1_166' title='bbox 646 1222 693 1260; x_wconf 91' lang='lat' dir='ltr'>de</span> <span class='ocrx_word' id='word_1_167' title='bbox 711 1221 823 1260; x_wconf 89' lang='lat' dir='ltr'>hoste</span> <span class='ocrx_word' id='word_1_168' title='bbox 854 1234 924 1260; x_wconf 89' lang='lat' dir='ltr'>suo</span> <span class='ocrx_word' id='word_1_169' title='bbox 952 1221 1059 1272; x_wconf 88' lang='lat' dir='ltr'>queri</span> <span class='ocrx_word' id='word_1_170' title='bbox 1087 1234 1252 1272; x_wconf 86' lang='lat' dir='ltr'>eumque</span> <span class='ocrx_word' id='word_1_171' title='bbox 1273 1223 1344 1259; x_wconf 81' lang='lat' dir='ltr'>suo</span> <span class='ocrx_word' id='word_1_172' title='bbox 1362 1234 1532 1271; x_wconf 88' lang='lat' dir='ltr'>premere</span> <span class='ocrx_word' id='word_1_173' title='bbox 1559 1221 1668 1258; x_wconf 84' lang='lat' dir='ltr'>testi-</span> 
     </span>
     <span class='ocr_line' id='line_1_19' title="bbox 209 1281 1668 1333; baseline 0 -15"><span class='ocrx_word' id='word_1_174' title='bbox 209 1282 338 1320; x_wconf 89' lang='lat' dir='ltr'>monio</span> <span class='ocrx_word' id='word_1_175' title='bbox 359 1295 436 1320; x_wconf 88' lang='lat' dir='ltr'>non</span> <span class='ocrx_word' id='word_1_176' title='bbox 455 1290 641 1333; x_wconf 78' lang='lat' dir='ltr'>possunt:</span> <span class='ocrx_word' id='word_1_177' title='bbox 671 1295 818 1328; x_wconf 91' lang='lat' dir='ltr'>verum,</span> <span class='ocrx_word' id='word_1_178' title='bbox 838 1283 988 1321; x_wconf 88' lang='lat' dir='ltr'>etiamsi</span> <span class='ocrx_word' id='word_1_179' title='bbox 1008 1282 1068 1320; x_wconf 87' lang='lat' dir='ltr'>vel</span> <span class='ocrx_word' id='word_1_180' title='bbox 1095 1295 1193 1319; x_wconf 91' lang='lat' dir='ltr'>unus</span> <span class='ocrx_word' id='word_1_181' title='bbox 1219 1282 1334 1320; x_wconf 91' lang='lat' dir='ltr'>modo</span> <span class='ocrx_word' id='word_1_182' title='bbox 1354 1281 1500 1319; x_wconf 91' lang='lat' dir='ltr'>illorum</span> <span class='ocrx_word' id='word_1_183' title='bbox 1520 1288 1601 1318; x_wconf 87' lang='lat' dir='ltr'>tum</span> <span class='ocrx_word' id='word_1_184' title='bbox 1620 1281 1668 1319; x_wconf 87' lang='lat' dir='ltr'>ab</span> 
     </span>
     <span class='ocr_line' id='line_1_20' title="bbox 210 1334 1669 1394; baseline 0 -15"><span class='ocrx_word' id='word_1_185' title='bbox 210 1341 285 1380; x_wconf 88' lang='lat' dir='ltr'>hoc</span> <span class='ocrx_word' id='word_1_186' title='bbox 306 1342 466 1381; x_wconf 88' lang='lat' dir='ltr'>Philone</span> <span class='ocrx_word' id='word_1_187' title='bbox 487 1351 712 1381; x_wconf 82' lang='lat' dir='ltr'>vexatorum</span> <span class='ocrx_word' id='word_1_188' title='bbox 732 1343 933 1394; x_wconf 86' lang='lat' dir='ltr'>injudicio</span> <span class='ocrx_word' id='word_1_189' title='bbox 954 1343 1069 1389; x_wconf 89' lang='lat' dir='ltr'>adsit,</span> <span class='ocrx_word' id='word_1_190' title='bbox 1090 1344 1183 1381; x_wconf 89' lang='lat' dir='ltr'>satis</span> <span class='ocrx_word' id='word_1_191' title='bbox 1204 1342 1277 1381; x_wconf 90' lang='lat' dir='ltr'>hoc</span> <span class='ocrx_word' id='word_1_192' title='bbox 1298 1354 1480 1393; x_wconf 87' lang='lat' dir='ltr'>magnum</span> <span class='ocrx_word' id='word_1_193' title='bbox 1495 1334 1669 1392; x_wconf 69' lang='lat' dir='ltr'>judicate</span> 
     </span>
     <span class='ocr_line' id='line_1_21' title="bbox 210 1402 1671 1453; baseline 0 -14"><span class='ocrx_word' id='word_1_194' title='bbox 210 1410 478 1453; x_wconf 85' lang='lat' dir='ltr'>argumentum</span> <span class='ocrx_word' id='word_1_195' title='bbox 506 1403 689 1449; x_wconf 85' lang='lat' dir='ltr'>veritatis,</span> <span class='ocrx_word' id='word_1_196' title='bbox 719 1412 759 1442; x_wconf 92' lang='lat' dir='ltr'>et</span> <span class='ocrx_word' id='word_1_197' title='bbox 788 1404 892 1442; x_wconf 92' lang='lat' dir='ltr'>hunc</span> <span class='ocrx_word' id='word_1_198' title='bbox 924 1403 1125 1442; x_wconf 89' lang='lat' dir='ltr'>Philonem</span> <span class='ocrx_word' id='word_1_199' title='bbox 1156 1403 1246 1441; x_wconf 91' lang='lat' dir='ltr'>odio</span> <span class='ocrx_word' id='word_1_200' title='bbox 1277 1416 1392 1453; x_wconf 88' lang='lat' dir='ltr'>quam</span> <span class='ocrx_word' id='word_1_201' title='bbox 1422 1403 1500 1440; x_wconf 82' lang='lat' dir='ltr'>fleri</span> <span class='ocrx_word' id='word_1_202' title='bbox 1529 1402 1671 1453; x_wconf 87' lang='lat' dir='ltr'>poterit</span> 
     </span>
     <span class='ocr_line' id='line_1_22' title="bbox 205 1462 1670 1516; baseline 0.001 -16"><span class='ocrx_word' id='word_1_203' title='bbox 205 1464 372 1501; x_wconf 88' lang='lat' dir='ltr'>maximo</span> <span class='ocrx_word' id='word_1_204' title='bbox 391 1463 647 1511; x_wconf 87' lang='lat' dir='ltr'>insectamini,</span> <span class='ocrx_word' id='word_1_205' title='bbox 667 1465 732 1515; x_wconf 87' lang='lat' dir='ltr'>qui</span> <span class='ocrx_word' id='word_1_206' title='bbox 754 1465 926 1516; x_wconf 86' lang='lat' dir='ltr'>expilare</span> <span class='ocrx_word' id='word_1_207' title='bbox 947 1464 1170 1503; x_wconf 85' lang='lat' dir='ltr'>sustinuerit</span> <span class='ocrx_word' id='word_1_208' title='bbox 1184 1475 1263 1509; x_wconf 90' lang='lat' dir='ltr'>eos,</span> <span class='ocrx_word' id='word_1_209' title='bbox 1284 1464 1424 1514; x_wconf 89' lang='lat' dir='ltr'>quibus</span> <span class='ocrx_word' id='word_1_210' title='bbox 1447 1463 1509 1501; x_wconf 88' lang='lat' dir='ltr'>alii</span> <span class='ocrx_word' id='word_1_211' title='bbox 1528 1462 1670 1501; x_wconf 82' lang='lat' dir='ltr'>miserti</span> 
     </span>
     <span class='ocr_line' id='line_1_23' title="bbox 205 1524 1444 1577; baseline -0.002 -14"><span class='ocrx_word' id='word_1_212' title='bbox 205 1525 439 1576; x_wconf 86' lang='lat' dir='ltr'>paupertatis</span> <span class='ocrx_word' id='word_1_213' title='bbox 460 1525 508 1564; x_wconf 89' lang='lat' dir='ltr'>de</span> <span class='ocrx_word' id='word_1_214' title='bbox 529 1539 599 1564; x_wconf 91' lang='lat' dir='ltr'>suo</span> <span class='ocrx_word' id='word_1_215' title='bbox 620 1526 747 1577; x_wconf 86' lang='lat' dir='ltr'>largiri</span> <span class='ocrx_word' id='word_1_216' title='bbox 767 1525 868 1564; x_wconf 86' lang='lat' dir='ltr'>soliti</span> <span class='ocrx_word' id='word_1_217' title='bbox 890 1526 977 1565; x_wconf 90' lang='lat' dir='ltr'>sint.</span> <span class='ocrx_word' id='word_1_218' title='bbox 1037 1526 1125 1564; x_wconf 88' lang='lat' dir='ltr'>Cita</span> <span class='ocrx_word' id='word_1_219' title='bbox 1143 1532 1185 1564; x_wconf 87' lang='lat' dir='ltr'>tu</span> <span class='ocrx_word' id='word_1_220' title='bbox 1199 1524 1289 1562; x_wconf 88' lang='lat' dir='ltr'>mibi</span> <span class='ocrx_word' id='word_1_221' title='bbox 1309 1531 1444 1562; x_wconf 87' lang='lat' dir='ltr'>testes.</span> 
     </span>
    </p>
   </div>
   <div class='ocr_carea' id='block_1_3' title="bbox 830 1670 1043 1708">
    <p class='ocr_par' dir='ltr' id='par_1_3' title="bbox 830 1670 1043 1708">
     <span class='ocr_line' id='line_1_24' title="bbox 830 1670 1043 1708; baseline 0 -1"><span class='ocrx_word' id='word_1_222' title='bbox 830 1670 1043 1708; x_wconf 88' lang='lat' dir='ltr'>TESTES.</span> 
     </span>
    </p>
   </div>
   <div class='ocr_carea' id='block_1_4' title="bbox 209 1768 1671 2921">
    <p class='ocr_par' dir='ltr' id='par_1_4' title="bbox 209 1768 1671 2921">
     <span class='ocr_line' id='line_1_25' title="bbox 262 1768 1667 1820; baseline 0 -9"><span class='ocrx_word' id='word_1_223' title='bbox 262 1775 300 1811; x_wconf 83' lang='lat'>6.</span> <span class='ocrx_word' id='word_1_224' title='bbox 331 1773 451 1811; x_wconf 85' lang='lat' dir='ltr'>Porro</span> <span class='ocrx_word' id='word_1_225' title='bbox 472 1784 628 1810; x_wconf 90' lang='lat' dir='ltr'>causam</span> <span class='ocrx_word' id='word_1_226' title='bbox 650 1771 762 1809; x_wconf 85' lang='lat' dir='ltr'>video</span> <span class='ocrx_word' id='word_1_227' title='bbox 784 1770 944 1816; x_wconf 88' lang='lat' dir='ltr'>nullam,</span> <span class='ocrx_word' id='word_1_228' title='bbox 964 1783 1033 1807; x_wconf 89' lang='lat' dir='ltr'>cur</span> <span class='ocrx_word' id='word_1_229' title='bbox 1051 1782 1119 1807; x_wconf 93' lang='lat' dir='ltr'>vos</span> <span class='ocrx_word' id='word_1_230' title='bbox 1148 1777 1324 1820; x_wconf 86' lang='lat' dir='ltr'>oporteat</span> <span class='ocrx_word' id='word_1_231' title='bbox 1340 1768 1415 1809; x_wconf 84' lang='lat' dir='ltr'>hoc</span> <span class='ocrx_word' id='word_1_232' title='bbox 1435 1770 1484 1809; x_wconf 90' lang='lat' dir='ltr'>de</span> <span class='ocrx_word' id='word_1_233' title='bbox 1506 1770 1667 1810; x_wconf 87' lang='lat' dir='ltr'>Philone</span> 
     </span>
     <span class='ocr_line' id='line_1_26' title="bbox 209 1830 1670 1881; baseline -0.001 -9"><span class='ocrx_word' id='word_1_234' title='bbox 209 1835 334 1872; x_wconf 84' lang='lat' dir='ltr'>secius</span> <span class='ocrx_word' id='word_1_235' title='bbox 368 1840 549 1876; x_wconf 79' lang='lat' dir='ltr'>statuere,</span> <span class='ocrx_word' id='word_1_236' title='bbox 570 1839 685 1881; x_wconf 85' lang='lat' dir='ltr'>atque</span> <span class='ocrx_word' id='word_1_237' title='bbox 711 1831 783 1881; x_wconf 89' lang='lat' dir='ltr'>ipsi</span> <span class='ocrx_word' id='word_1_238' title='bbox 812 1831 893 1881; x_wconf 89' lang='lat' dir='ltr'>ejus</span> <span class='ocrx_word' id='word_1_239' title='bbox 922 1830 1142 1875; x_wconf 83' lang='lat' dir='ltr'>necessarii,</span> <span class='ocrx_word' id='word_1_240' title='bbox 1162 1843 1260 1880; x_wconf 91' lang='lat' dir='ltr'>quos</span> <span class='ocrx_word' id='word_1_241' title='bbox 1286 1838 1590 1869; x_wconf 83' lang='lat' dir='ltr'>consentaneum</span> <span class='ocrx_word' id='word_1_242' title='bbox 1610 1840 1670 1870; x_wconf 91' lang='lat' dir='ltr'>est</span> 
     </span>
     <span class='ocr_line' id='line_1_27' title="bbox 209 1891 1669 1943; baseline -0.001 -12"><span class='ocrx_word' id='word_1_243' title='bbox 209 1908 294 1932; x_wconf 91' lang='lat' dir='ltr'>eum</span> <span class='ocrx_word' id='word_1_244' title='bbox 322 1893 466 1943; x_wconf 90' lang='lat' dir='ltr'>optime</span> <span class='ocrx_word' id='word_1_245' title='bbox 495 1904 625 1936; x_wconf 89' lang='lat' dir='ltr'>nosse,</span> <span class='ocrx_word' id='word_1_246' title='bbox 646 1898 885 1933; x_wconf 84' lang='lat' dir='ltr'>statuerunt;</span> <span class='ocrx_word' id='word_1_247' title='bbox 926 1903 1018 1940; x_wconf 83' lang='lat' dir='ltr'>erga</span> <span class='ocrx_word' id='word_1_248' title='bbox 1043 1903 1138 1940; x_wconf 92' lang='lat' dir='ltr'>quos</span> <span class='ocrx_word' id='word_1_249' title='bbox 1166 1891 1220 1928; x_wconf 89' lang='lat' dir='ltr'>ita</span> <span class='ocrx_word' id='word_1_250' title='bbox 1246 1904 1287 1928; x_wconf 90' lang='lat' dir='ltr'>se</span> <span class='ocrx_word' id='word_1_251' title='bbox 1315 1891 1436 1941; x_wconf 86' lang='lat' dir='ltr'>gessit</span> <span class='ocrx_word' id='word_1_252' title='bbox 1465 1891 1669 1930; x_wconf 90' lang='lat' dir='ltr'>immanem</span> 
     </span>
     <span class='ocr_line' id='line_1_28' title="bbox 209 1946 1668 2005; baseline -0.001 -13"><span class='ocrx_word' id='word_1_253' title='bbox 209 1962 324 2005; x_wconf 89' lang='lat' dir='ltr'>atque</span> <span class='ocrx_word' id='word_1_254' title='bbox 342 1953 568 1999; x_wconf 86' lang='lat' dir='ltr'>belluinum,</span> <span class='ocrx_word' id='word_1_255' title='bbox 583 1959 639 1997; x_wconf 91' lang='lat' dir='ltr'>ut,</span> <span class='ocrx_word' id='word_1_256' title='bbox 657 1951 805 1989; x_wconf 89' lang='lat' dir='ltr'>etiamsi</span> <span class='ocrx_word' id='word_1_257' title='bbox 821 1950 926 1988; x_wconf 92' lang='lat' dir='ltr'>aliud</span> <span class='ocrx_word' id='word_1_258' title='bbox 946 1951 1040 1988; x_wconf 88' lang='lat' dir='ltr'>nihil</span> <span class='ocrx_word' id='word_1_259' title='bbox 1060 1951 1295 2001; x_wconf 86' lang='lat' dir='ltr'>deliquisset,</span> <span class='ocrx_word' id='word_1_260' title='bbox 1308 1952 1368 1989; x_wconf 90' lang='lat' dir='ltr'>vel</span> <span class='ocrx_word' id='word_1_261' title='bbox 1387 1952 1469 1989; x_wconf 88' lang='lat' dir='ltr'>sola</span> <span class='ocrx_word' id='word_1_262' title='bbox 1486 1946 1570 1990; x_wconf 81' lang='lat' dir='ltr'>haec</span> <span class='ocrx_word' id='word_1_263' title='bbox 1584 1953 1668 2003; x_wconf 84' lang='lat' dir='ltr'>ejus</span> 
     </span>
     <span class='ocr_line' id='line_1_29' title="bbox 210 2012 1671 2064; baseline -0.001 -11"><span class='ocrx_word' id='word_1_264' title='bbox 210 2015 425 2053; x_wconf 87' lang='lat' dir='ltr'>immanitas</span> <span class='ocrx_word' id='word_1_265' title='bbox 444 2027 514 2052; x_wconf 85' lang='lat' dir='ltr'>vos</span> <span class='ocrx_word' id='word_1_266' title='bbox 540 2027 628 2051; x_wconf 90' lang='lat' dir='ltr'>eum</span> <span class='ocrx_word' id='word_1_267' title='bbox 655 2013 860 2063; x_wconf 86' lang='lat' dir='ltr'>reprobare</span> <span class='ocrx_word' id='word_1_268' title='bbox 887 2012 936 2049; x_wconf 88' lang='lat' dir='ltr'>sit</span> <span class='ocrx_word' id='word_1_269' title='bbox 961 2018 1154 2050; x_wconf 84' lang='lat' dir='ltr'>coactura.</span> <span class='ocrx_word' id='word_1_270' title='bbox 1214 2012 1416 2059; x_wconf 89' lang='lat' dir='ltr'>Omittam‚</span> <span class='ocrx_word' id='word_1_271' title='bbox 1437 2025 1524 2064; x_wconf 88' lang='lat' dir='ltr'>quae</span> <span class='ocrx_word' id='word_1_272' title='bbox 1549 2020 1671 2052; x_wconf 69' lang='lat' dir='ltr'>mater</span> 
     </span>
     <span class='ocr_line' id='line_1_30' title="bbox 209 2073 1671 2126; baseline -0.001 -12"><span class='ocrx_word' id='word_1_273' title='bbox 209 2076 338 2114; x_wconf 87' lang='lat' dir='ltr'>adhuc</span> <span class='ocrx_word' id='word_1_274' title='bbox 359 2081 553 2126; x_wconf 89' lang='lat' dir='ltr'>superstes</span> <span class='ocrx_word' id='word_1_275' title='bbox 573 2074 621 2111; x_wconf 87' lang='lat' dir='ltr'>de</span> <span class='ocrx_word' id='word_1_276' title='bbox 637 2086 682 2111; x_wconf 92' lang='lat' dir='ltr'>eo</span> <span class='ocrx_word' id='word_1_277' title='bbox 697 2080 832 2122; x_wconf 87' lang='lat' dir='ltr'>questa</span> <span class='ocrx_word' id='word_1_278' title='bbox 850 2082 933 2110; x_wconf 85' lang='lat' dir='ltr'>est:</span> <span class='ocrx_word' id='word_1_279' title='bbox 964 2080 1004 2110; x_wconf 90' lang='lat' dir='ltr'>at</span> <span class='ocrx_word' id='word_1_280' title='bbox 1023 2073 1061 2110; x_wconf 90' lang='lat' dir='ltr'>in</span> <span class='ocrx_word' id='word_1_281' title='bbox 1080 2074 1187 2111; x_wconf 89' lang='lat' dir='ltr'>exitu</span> <span class='ocrx_word' id='word_1_282' title='bbox 1203 2074 1289 2111; x_wconf 86' lang='lat' dir='ltr'>vitae</span> <span class='ocrx_word' id='word_1_283' title='bbox 1306 2087 1393 2123; x_wconf 82' lang='lat' dir='ltr'>quae</span> <span class='ocrx_word' id='word_1_284' title='bbox 1413 2075 1503 2124; x_wconf 81' lang='lat' dir='ltr'>egit,</span> <span class='ocrx_word' id='word_1_285' title='bbox 1514 2087 1562 2112; x_wconf 61' lang='lat' dir='ltr'>‘ea</span> <span class='ocrx_word' id='word_1_286' title='bbox 1580 2082 1671 2113; x_wconf 83' lang='lat' dir='ltr'>sunt</span> 
     </span>
     <span class='ocr_line' id='line_1_31' title="bbox 211 2127 1669 2191; baseline -0.003 -13"><span class='ocrx_word' id='word_1_287' title='bbox 211 2140 414 2191; x_wconf 87' lang='lat' dir='ltr'>ejusmodi,</span> <span class='ocrx_word' id='word_1_288' title='bbox 446 2145 489 2176; x_wconf 89' lang='lat' dir='ltr'>ut</span> <span class='ocrx_word' id='word_1_289' title='bbox 521 2138 632 2176; x_wconf 89' lang='lat' dir='ltr'>facile</span> <span class='ocrx_word' id='word_1_290' title='bbox 659 2137 768 2175; x_wconf 90' lang='lat' dir='ltr'>vobis</span> <span class='ocrx_word' id='word_1_291' title='bbox 802 2138 851 2174; x_wconf 90' lang='lat' dir='ltr'>sit</span> <span class='ocrx_word' id='word_1_292' title='bbox 883 2136 988 2174; x_wconf 86' lang='lat' dir='ltr'>illinc</span> <span class='ocrx_word' id='word_1_293' title='bbox 1019 2136 1202 2186; x_wconf 88' lang='lat' dir='ltr'>colligere</span> <span class='ocrx_word' id='word_1_294' title='bbox 1235 2136 1358 2187; x_wconf 89' lang='lat' dir='ltr'>qualis</span> <span class='ocrx_word' id='word_1_295' title='bbox 1387 2150 1480 2187; x_wconf 84' lang='lat' dir='ltr'>erga</span> <span class='ocrx_word' id='word_1_296' title='bbox 1508 2127 1669 2175; x_wconf 84' lang='lat' dir='ltr'>matrem</span> 
     </span>
     <span class='ocr_line' id='line_1_32' title="bbox 209 2197 1668 2242; baseline -0.001 -4"><span class='ocrx_word' id='word_1_297' title='bbox 209 2202 337 2239; x_wconf 85' lang='lat' dir='ltr'>fuerit.</span> <span class='ocrx_word' id='word_1_298' title='bbox 395 2200 586 2238; x_wconf 88' lang='lat' dir='ltr'>Dubitans</span> <span class='ocrx_word' id='word_1_299' title='bbox 613 2199 713 2236; x_wconf 89' lang='lat' dir='ltr'>enim</span> <span class='ocrx_word' id='word_1_300' title='bbox 739 2198 803 2236; x_wconf 88' lang='lat' dir='ltr'>illa</span> <span class='ocrx_word' id='word_1_301' title='bbox 826 2198 993 2235; x_wconf 80' lang='lat' dir='ltr'>cadaver</span> <span class='ocrx_word' id='word_1_302' title='bbox 1016 2210 1127 2235; x_wconf 87' lang='lat' dir='ltr'>suum</span> <span class='ocrx_word' id='word_1_303' title='bbox 1153 2197 1231 2235; x_wconf 88' lang='lat' dir='ltr'>filio</span> <span class='ocrx_word' id='word_1_304' title='bbox 1258 2197 1428 2242; x_wconf 89' lang='lat' dir='ltr'>credere,</span> <span class='ocrx_word' id='word_1_305' title='bbox 1449 2203 1527 2235; x_wconf 88' lang='lat' dir='ltr'>tres</span> <span class='ocrx_word' id='word_1_306' title='bbox 1546 2198 1668 2236; x_wconf 83' lang='lat' dir='ltr'>minas</span> 
     </span>
     <span class='ocr_line' id='line_1_33' title="bbox 210 2257 1670 2310; baseline -0.001 -12"><span class='ocrx_word' id='word_1_307' title='bbox 210 2262 247 2298; x_wconf 89' lang='lat' dir='ltr'>in</span> <span class='ocrx_word' id='word_1_308' title='bbox 277 2262 392 2299; x_wconf 86' lang='lat' dir='ltr'>funus</span> <span class='ocrx_word' id='word_1_309' title='bbox 421 2274 534 2299; x_wconf 86' lang='lat' dir='ltr'>suum</span> <span class='ocrx_word' id='word_1_310' title='bbox 564 2259 779 2310; x_wconf 80' lang='lat' dir='ltr'>erogandas</span> <span class='ocrx_word' id='word_1_311' title='bbox 801 2258 1008 2309; x_wconf 85' lang='lat' dir='ltr'>Antiphani</span> <span class='ocrx_word' id='word_1_312' title='bbox 1035 2258 1262 2296; x_wconf 87' lang='lat' dir='ltr'>moribunda</span> <span class='ocrx_word' id='word_1_313' title='bbox 1287 2257 1461 2304; x_wconf 86' lang='lat' dir='ltr'>tradidit,</span> <span class='ocrx_word' id='word_1_314' title='bbox 1481 2271 1567 2296; x_wconf 88' lang='lat' dir='ltr'>cum</span> <span class='ocrx_word' id='word_1_315' title='bbox 1592 2271 1670 2308; x_wconf 87' lang='lat' dir='ltr'>quo</span> 
     </span>
     <span class='ocr_line' id='line_1_34' title="bbox 211 2320 1670 2372; baseline -0.002 -12"><span class='ocrx_word' id='word_1_316' title='bbox 211 2322 318 2360; x_wconf 85' lang='lat' dir='ltr'>nulla</span> <span class='ocrx_word' id='word_1_317' title='bbox 347 2323 418 2372; x_wconf 91' lang='lat' dir='ltr'>ipsi</span> <span class='ocrx_word' id='word_1_318' title='bbox 445 2321 695 2360; x_wconf 88' lang='lat' dir='ltr'>necessitudo</span> <span class='ocrx_word' id='word_1_319' title='bbox 722 2327 816 2358; x_wconf 88' lang='lat' dir='ltr'>erat.</span> <span class='ocrx_word' id='word_1_320' title='bbox 874 2320 997 2357; x_wconf 86' lang='lat' dir='ltr'>Norat</span> <span class='ocrx_word' id='word_1_321' title='bbox 1016 2333 1106 2370; x_wconf 84' lang='lat' dir='ltr'>ergo</span> <span class='ocrx_word' id='word_1_322' title='bbox 1133 2320 1250 2356; x_wconf 86' lang='lat' dir='ltr'>filium</span> <span class='ocrx_word' id='word_1_323' title='bbox 1271 2320 1481 2370; x_wconf 87' lang='lat' dir='ltr'>cupiditate</span> <span class='ocrx_word' id='word_1_324' title='bbox 1500 2327 1670 2371; x_wconf 88' lang='lat' dir='ltr'>captum,</span> 
     </span>
     <span class='ocr_line' id='line_1_35' title="bbox 212 2381 1670 2433; baseline -0.001 -13"><span class='ocrx_word' id='word_1_325' title='bbox 212 2390 436 2433; x_wconf 87' lang='lat' dir='ltr'>contempta</span> <span class='ocrx_word' id='word_1_326' title='bbox 465 2382 663 2432; x_wconf 83' lang='lat' dir='ltr'>sanguinis</span> <span class='ocrx_word' id='word_1_327' title='bbox 693 2381 909 2419; x_wconf 87' lang='lat' dir='ltr'>arctissima</span> <span class='ocrx_word' id='word_1_328' title='bbox 935 2381 1236 2424; x_wconf 88' lang='lat' dir='ltr'>necessitudine,</span> <span class='ocrx_word' id='word_1_329' title='bbox 1257 2381 1359 2431; x_wconf 86' lang='lat' dir='ltr'>ipsos</span> <span class='ocrx_word' id='word_1_330' title='bbox 1385 2388 1575 2418; x_wconf 87' lang='lat' dir='ltr'>extremos</span> <span class='ocrx_word' id='word_1_331' title='bbox 1600 2381 1670 2418; x_wconf 93' lang='lat' dir='ltr'>ho-</span> 
     </span>
     <span class='ocr_line' id='line_1_36' title="bbox 212 2442 1669 2493; baseline -0.002 -12"><span class='ocrx_word' id='word_1_332' title='bbox 212 2457 324 2482; x_wconf 83' lang='lat' dir='ltr'>nores</span> <span class='ocrx_word' id='word_1_333' title='bbox 357 2444 428 2482; x_wconf 84' lang='lat' dir='ltr'>sibi</span> <span class='ocrx_word' id='word_1_334' title='bbox 457 2457 540 2481; x_wconf 90' lang='lat' dir='ltr'>esse</span> <span class='ocrx_word' id='word_1_335' title='bbox 573 2444 868 2493; x_wconf 82' lang='lat' dir='ltr'>denegaturum.</span> <span class='ocrx_word' id='word_1_336' title='bbox 925 2442 1058 2492; x_wconf 89' lang='lat' dir='ltr'>Atqui,</span> <span class='ocrx_word' id='word_1_337' title='bbox 1091 2443 1123 2480; x_wconf 90' lang='lat' dir='ltr'>si</span> <span class='ocrx_word' id='word_1_338' title='bbox 1153 2450 1276 2480; x_wconf 88' lang='lat' dir='ltr'>mater</span> <span class='ocrx_word' id='word_1_339' title='bbox 1306 2442 1418 2488; x_wconf 89' lang='lat' dir='ltr'>adeo,</span> <span class='ocrx_word' id='word_1_340' title='bbox 1449 2453 1669 2493; x_wconf 88' lang='lat' dir='ltr'>quanquam</span> 
     </span>
     <span class='ocr_line' id='line_1_37' title="bbox 213 2502 1667 2554; baseline -0.002 -11"><span class='ocrx_word' id='word_1_341' title='bbox 213 2513 355 2543; x_wconf 85' lang='lat' dir='ltr'>matres</span> <span class='ocrx_word' id='word_1_342' title='bbox 382 2505 435 2542; x_wconf 86' lang='lat' dir='ltr'>ita</span> <span class='ocrx_word' id='word_1_343' title='bbox 461 2510 600 2542; x_wconf 84' lang='lat' dir='ltr'>natura</span> <span class='ocrx_word' id='word_1_344' title='bbox 624 2504 739 2541; x_wconf 83' lang='lat' dir='ltr'>factae</span> <span class='ocrx_word' id='word_1_345' title='bbox 769 2509 872 2549; x_wconf 88' lang='lat' dir='ltr'>sunt,</span> <span class='ocrx_word' id='word_1_346' title='bbox 893 2510 936 2540; x_wconf 93' lang='lat' dir='ltr'>ut</span> <span class='ocrx_word' id='word_1_347' title='bbox 956 2516 979 2540; x_wconf 86' lang='lat' dir='ltr'>a</span> <span class='ocrx_word' id='word_1_348' title='bbox 997 2503 1125 2540; x_wconf 86' lang='lat' dir='ltr'>liberis</span> <span class='ocrx_word' id='word_1_349' title='bbox 1157 2516 1250 2552; x_wconf 90' lang='lat' dir='ltr'>quas</span> <span class='ocrx_word' id='word_1_350' title='bbox 1278 2503 1473 2554; x_wconf 85' lang='lat' dir='ltr'>accipiunt</span> <span class='ocrx_word' id='word_1_351' title='bbox 1497 2502 1667 2552; x_wconf 85' lang='lat' dir='ltr'>injurias,</span> 
     </span>
     <span class='ocr_line' id='line_1_38' title="bbox 215 2562 1668 2617; baseline -0.003 -13"><span class='ocrx_word' id='word_1_352' title='bbox 215 2579 280 2604; x_wconf 89' lang='lat' dir='ltr'>eas</span> <span class='ocrx_word' id='word_1_353' title='bbox 296 2566 517 2617; x_wconf 89' lang='lat' dir='ltr'>plerumque</span> <span class='ocrx_word' id='word_1_354' title='bbox 537 2564 714 2608; x_wconf 91' lang='lat' dir='ltr'>tolerent,</span> <span class='ocrx_word' id='word_1_355' title='bbox 732 2570 770 2600; x_wconf 90' lang='lat' dir='ltr'>et</span> <span class='ocrx_word' id='word_1_356' title='bbox 790 2577 917 2601; x_wconf 83' lang='lat' dir='ltr'>rursus</span> <span class='ocrx_word' id='word_1_357' title='bbox 936 2564 1135 2601; x_wconf 85' lang='lat' dir='ltr'>beneficiis</span> <span class='ocrx_word' id='word_1_358' title='bbox 1155 2564 1270 2601; x_wconf 86' lang='lat' dir='ltr'>cultae</span> <span class='ocrx_word' id='word_1_359' title='bbox 1290 2564 1343 2600; x_wconf 92' lang='lat' dir='ltr'>nil</span> <span class='ocrx_word' id='word_1_360' title='bbox 1364 2562 1572 2600; x_wconf 89' lang='lat' dir='ltr'>admodum</span> <span class='ocrx_word' id='word_1_361' title='bbox 1588 2575 1668 2600; x_wconf 83' lang='lat' dir='ltr'>ma-</span> 
     </span>
     <span class='ocr_line' id='line_1_39' title="bbox 215 2623 1670 2678; baseline -0.001 -14"><span class='ocrx_word' id='word_1_362' title='bbox 215 2640 334 2678; x_wconf 83' lang='lat' dir='ltr'>gnum</span> <span class='ocrx_word' id='word_1_363' title='bbox 354 2634 469 2677; x_wconf 86' lang='lat' dir='ltr'>atque</span> <span class='ocrx_word' id='word_1_364' title='bbox 497 2625 723 2676; x_wconf 84' lang='lat' dir='ltr'>praeclarum</span> <span class='ocrx_word' id='word_1_365' title='bbox 743 2637 784 2661; x_wconf 90' lang='lat' dir='ltr'>se</span> <span class='ocrx_word' id='word_1_366' title='bbox 803 2624 901 2661; x_wconf 86' lang='lat' dir='ltr'>ferre</span> <span class='ocrx_word' id='word_1_367' title='bbox 921 2631 1074 2675; x_wconf 88' lang='lat' dir='ltr'>putent,</span> <span class='ocrx_word' id='word_1_368' title='bbox 1094 2624 1197 2674; x_wconf 90' lang='lat' dir='ltr'>quia,</span> <span class='ocrx_word' id='word_1_369' title='bbox 1218 2623 1400 2675; x_wconf 88' lang='lat' dir='ltr'>quicquid</span> <span class='ocrx_word' id='word_1_370' title='bbox 1420 2623 1483 2669; x_wconf 90' lang='lat' dir='ltr'>sit,</span> <span class='ocrx_word' id='word_1_371' title='bbox 1502 2625 1670 2662; x_wconf 87' lang='lat' dir='ltr'>benevo-</span> 
     </span>
     <span class='ocr_line' id='line_1_40' title="bbox 211 2684 1667 2737; baseline -0.003 -11"><span class='ocrx_word' id='word_1_372' title='bbox 211 2689 331 2726; x_wconf 88' lang='lat' dir='ltr'>lentia</span> <span class='ocrx_word' id='word_1_373' title='bbox 350 2688 389 2725; x_wconf 92' lang='lat' dir='ltr'>id</span> <span class='ocrx_word' id='word_1_374' title='bbox 409 2686 532 2737; x_wconf 85' lang='lat' dir='ltr'>magis</span> <span class='ocrx_word' id='word_1_375' title='bbox 559 2693 675 2736; x_wconf 90' lang='lat' dir='ltr'>atque</span> <span class='ocrx_word' id='word_1_376' title='bbox 702 2684 861 2723; x_wconf 85' lang='lat' dir='ltr'>caritate</span> <span class='ocrx_word' id='word_1_377' title='bbox 886 2698 1001 2734; x_wconf 91' lang='lat' dir='ltr'>quam</span> <span class='ocrx_word' id='word_1_378' title='bbox 1021 2685 1179 2722; x_wconf 90' lang='lat' dir='ltr'>veritate</span> <span class='ocrx_word' id='word_1_379' title='bbox 1201 2685 1252 2722; x_wconf 89' lang='lat' dir='ltr'>rei</span> <span class='ocrx_word' id='word_1_380' title='bbox 1273 2690 1478 2728; x_wconf 89' lang='lat' dir='ltr'>censetur;</span> <span class='ocrx_word' id='word_1_381' title='bbox 1510 2684 1614 2734; x_wconf 90' lang='lat' dir='ltr'>quod</span> <span class='ocrx_word' id='word_1_382' title='bbox 1636 2685 1667 2723; x_wconf 90' lang='lat' dir='ltr'>si</span> 
     </span>
     <span class='ocr_line' id='line_1_41' title="bbox 213 2744 1670 2799; baseline -0.002 -13"><span class='ocrx_word' id='word_1_383' title='bbox 213 2761 304 2799; x_wconf 86' lang='lat' dir='ltr'>ergo</span> <span class='ocrx_word' id='word_1_384' title='bbox 322 2754 444 2786; x_wconf 87' lang='lat' dir='ltr'>mater</span> <span class='ocrx_word' id='word_1_385' title='bbox 470 2748 573 2785; x_wconf 89' lang='lat' dir='ltr'>hunc</span> <span class='ocrx_word' id='word_1_386' title='bbox 592 2746 653 2784; x_wconf 89' lang='lat' dir='ltr'>vel</span> <span class='ocrx_word' id='word_1_387' title='bbox 682 2758 704 2783; x_wconf 91' lang='lat' dir='ltr'>e</span> <span class='ocrx_word' id='word_1_388' title='bbox 730 2745 916 2784; x_wconf 87' lang='lat' dir='ltr'>cadavere</span> <span class='ocrx_word' id='word_1_389' title='bbox 947 2758 1017 2783; x_wconf 90' lang='lat' dir='ltr'>suo</span> <span class='ocrx_word' id='word_1_390' title='bbox 1041 2744 1310 2796; x_wconf 88' lang='lat' dir='ltr'>compendium</span> <span class='ocrx_word' id='word_1_391' title='bbox 1330 2745 1522 2782; x_wconf 87' lang='lat' dir='ltr'>facturum</span> <span class='ocrx_word' id='word_1_392' title='bbox 1542 2745 1670 2795; x_wconf 90' lang='lat' dir='ltr'>suspi-</span> 
     </span>
     <span class='ocr_line' id='line_1_42' title="bbox 215 2805 1668 2859; baseline -0.001 -12"><span class='ocrx_word' id='word_1_393' title='bbox 215 2816 304 2848; x_wconf 84' lang='lat' dir='ltr'>cata</span> <span class='ocrx_word' id='word_1_394' title='bbox 318 2816 387 2854; x_wconf 87' lang='lat' dir='ltr'>est,</span> <span class='ocrx_word' id='word_1_395' title='bbox 404 2808 496 2859; x_wconf 82' lang='lat' dir='ltr'>quid</span> <span class='ocrx_word' id='word_1_396' title='bbox 511 2820 578 2846; x_wconf 87' lang='lat' dir='ltr'>vos</span> <span class='ocrx_word' id='word_1_397' title='bbox 597 2814 748 2859; x_wconf 84' lang='lat' dir='ltr'>oportet</span> <span class='ocrx_word' id='word_1_398' title='bbox 767 2806 818 2844; x_wconf 89' lang='lat' dir='ltr'>de</span> <span class='ocrx_word' id='word_1_399' title='bbox 837 2818 884 2845; x_wconf 91' lang='lat' dir='ltr'>eo</span> <span class='ocrx_word' id='word_1_400' title='bbox 903 2806 1104 2844; x_wconf 74' lang='lat' dir='ltr'>arbitrari?</span> <span class='ocrx_word' id='word_1_401' title='bbox 1132 2818 1244 2856; x_wconf 91' lang='lat' dir='ltr'>quem</span> <span class='ocrx_word' id='word_1_402' title='bbox 1262 2805 1296 2843; x_wconf 89' lang='lat' dir='ltr'>ei</span> <span class='ocrx_word' id='word_1_403' title='bbox 1315 2818 1406 2857; x_wconf 84' lang='lat' dir='ltr'>erga</span> <span class='ocrx_word' id='word_1_404' title='bbox 1419 2818 1485 2843; x_wconf 91' lang='lat' dir='ltr'>vos</span> <span class='ocrx_word' id='word_1_405' title='bbox 1500 2805 1668 2846; x_wconf 77' lang='lat' dir='ltr'>animum</span> 
     </span>
     <span class='ocr_line' id='line_1_43' title="bbox 214 2865 1668 2921; baseline -0.004 -11"><span class='ocrx_word' id='word_1_406' title='bbox 214 2871 324 2910; x_wconf 69' lang='lat' dir='ltr'>esse?</span> <span class='ocrx_word' id='word_1_407' title='bbox 365 2871 467 2909; x_wconf 87' lang='lat' dir='ltr'>Nam</span> <span class='ocrx_word' id='word_1_408' title='bbox 493 2883 584 2921; x_wconf 88' lang='lat' dir='ltr'>erga</span> <span class='ocrx_word' id='word_1_409' title='bbox 609 2869 843 2910; x_wconf 86' lang='lat' dir='ltr'>necessarios</span> <span class='ocrx_word' id='word_1_410' title='bbox 871 2867 936 2918; x_wconf 89' lang='lat' dir='ltr'>qui</span> <span class='ocrx_word' id='word_1_411' title='bbox 966 2874 1044 2906; x_wconf 89' lang='lat' dir='ltr'>tam</span> <span class='ocrx_word' id='word_1_412' title='bbox 1072 2866 1248 2905; x_wconf 90' lang='lat' dir='ltr'>immanis</span> <span class='ocrx_word' id='word_1_413' title='bbox 1278 2874 1357 2905; x_wconf 88' lang='lat' dir='ltr'>tam</span> <span class='ocrx_word' id='word_1_414' title='bbox 1383 2865 1559 2905; x_wconf 85' lang='lat' dir='ltr'>sordidus</span> <span class='ocrx_word' id='word_1_415' title='bbox 1587 2871 1668 2904; x_wconf 87' lang='lat' dir='ltr'>tam</span> 
     </span>
    </p>
   </div>
  </div>
 </body>
</html>
