1822 3219
547 123 769 160 CONTRA
802 123 1134 161 EVANDRL‘M.
1494 127 1573 162 329

118 228 333 266 contraxit?
378 228 467 266 Non
493 228 716 266 existimatis
747 239 813 265 eos
841 239 942 277 aegre
972 228 1130 273 laturos,
1160 241 1387 278 omnemque
1418 230 1572 280 culpam

116 287 267 326 illarum
289 296 480 326 tantarum
509 289 777 338 indignitatum
807 294 920 338 atque
946 288 1194 326 acerbitatum
1215 289 1322 326 vobis
1343 303 1428 328 esse
1450 291 1572 341 impu-

117 354 281 393 taturos‚
311 350 340 386 si
361 362 424 399 per
442 349 559 398 hujus
581 349 746 385 Evandri
776 349 812 385 in
841 355 1031 399 potestate
1055 362 1077 386 a
1097 348 1203 386 vobis
1228 351 1424 388 constituti
1444 353 1574 390 scelus

118 408 196 451 fiat,
217 417 261 446 ut
280 422 411 446 rursus
430 408 468 445 in
487 409 554 446 illa
572 409 782 446 miserrima
802 414 974 459 tempora
994 409 1225 454 relabantur,
1245 411 1383 459 quibus
1405 413 1572 461 ipsorum

120 469 229 506 multi
256 470 293 506 iu
318 482 512 507 carcerem
534 469 827 507 abducebantur
845 476 911 506 aut
930 470 1107 507 exsulare
1129 470 1390 520 cogebantur?
1418 485 1576 522 praeser-

110 531 184 567 ‘tim
212 531 242 568 si
271 531 344 568 hoc
371 544 526 581 quoque
557 541 635 568 una
667 532 897 582 recogitent,
930 532 1034 569 huuc
1065 533 1188 582 ipsum
1218 532 1506 583 Thrasybulum
1534 535 1570 572 in

116 603 238 629 causa
250 592 368 629 fuisse
382 592 686 636 curLeodamas,
702 592 804 629 hunc
817 592 1019 630 sacerdotii
1032 592 1216 630 honorem
1231 598 1380 643 petens,
1394 593 1571 643 repudia-

117 658 234 697 retur,
254 660 293 689 et
311 653 385 690 hoc
404 665 507 690 nunc
527 665 639 703 agere
660 659 703 689 ut
721 652 900 690 Evander
920 647 1120 702 probetur:
1152 657 1196 689 ut
1214 653 1314 689 enim
1333 652 1573 690 Leodaman-

117 719 195 748 tem
222 713 431 758 accusavit,
459 713 513 750 ita
541 725 644 750 nunc
670 720 824 762 paratus
853 718 912 749 est
939 713 1162 750 Evandrum
1191 713 1416 757 defendere:
1455 726 1576 764 quan-

114 783 230 821 quam
249 785 318 810 vos
338 785 469 809 omnes
491 773 627 818 nostis,
647 785 723 823 quo
751 785 843 823 erga
868 784 935 809 vos
963 773 1091 809 auimo
1119 773 1167 809 sit
1189 773 1369 811 Evander
1389 773 1572 823 praeditus

115 838 155 869 et
184 837 329 881 quanta
359 833 467 869 vobis
502 833 603 870 mala
632 833 875 870 consciverit.
942 833 1093 882 Ecquid
1127 832 1237 870 aitis?
1284 841 1467 883 quantam
1501 835 1573 884 ipsi

116 893 225 929 vobis
245 893 425 930 invidiam
453 893 684 939 conflabitiS,
714 894 744 931 si
766 893 1008 945 Thrasybulo
1035 905 1176 931 morem
1199 894 1271 931 hac
1291 895 1328 931 in
1350 908 1388 932 re
1411 895 1570 945 geratis!

108 952 423 991 >Leodamantem
451 967 538 991 cum
567 954 832 1005 reprobamus,
862 954 1118 1004 opinabantur
1145 967 1292 1000 omnes,
1316 968 1404 992 eum
1425 969 1447 992 a
1466 955 1574 993 vobis

116 1015 223 1052 iratis
243 1014 360 1052 fuisse
378 1016 640 1065 reprobatum:
674 1016 730 1053 sin
753 1022 878 1052 autem
902 1015 1122 1052 Evandrum
1142 1016 1325 1066 probetis,
1349 1017 1441 1053 certi
1462 1024 1574 1054 erunt

115 1088 250 1112 omues
290 1076 587 1114 Leodamantem
634 1076 832 1126 iniquitate
874 1075 1042 1125 repulsae
1083 1084 1219 1113 vestrae
1267 1077 1401 1113 laesum
1441 1077 1574 1114 fuisse.

118 1136 298 1173 Evandro
329 1137 484 1186 quidem
517 1145 555 1174 et
587 1137 826 1187 Thrasybulo
855 1138 1079 1186 caeterisque
1113 1137 1310 1174 advocatis
1342 1137 1412 1174 hoc
1444 1138 1572 1175 vobis-

113 1208 202 1232 cum
220 1203 412 1234 certamen
434 1203 506 1240 est,
530 1204 656 1234 utrum
677 1210 740 1234 vos
767 1200 912 1244 justam
932 1210 1087 1234 causam
1110 1197 1315 1241 obtenturi,
1336 1197 1419 1234 h.e.
1443 1198 1570 1235 Evan-

115 1256 227 1293 drum
246 1269 268 1294 a
287 1257 503 1294 sacerdotio
534 1257 727 1294 exclusuri
757 1257 851 1301 sitis,
883 1271 930 1293 an
961 1257 1031 1306 ipsi
1054 1257 1160 1294 vobis
1182 1258 1363 1307 injustam
1387 1259 1572 1295 extorturi

114 1319 172 1367 [et
191 1318 229 1354 in
249 1317 506 1355 sacerdotium
528 1330 594 1367 per
622 1318 732 1354 nefas
753 1317 952 1367 irrupturi]
973 1317 1067 1361 sint;
1099 1318 1207 1354 vobis
1229 1325 1359 1355 autem
1381 1331 1468 1355 cum
1490 1319 1571 1355 uni-

112 1391 222 1415 versa
235 1378 389 1416 civitate
402 1386 594 1415 certamen
609 1384 680 1422 est,
695 1383 822 1413 utrum
837 1389 954 1427 penes
971 1389 1055 1413 eam
1070 1378 1150 1414 sitis
1166 1385 1330 1416 vestram
1344 1378 1569 1429 dignitatem

114 1439 455 1489 sanctimoniaeque
485 1438 806 1476 existimationem
843 1438 978 1475 tuituri
1011 1451 1057 1475 an
1095 1439 1283 1485 amissuri,
1317 1453 1404 1490 quae
1437 1441 1570 1480 civitas

114 1500 404 1550 exspectatione
421 1512 607 1550 suspensa
624 1511 726 1536 nunc
742 1499 923 1536 observat
934 1511 1048 1549 quem
1062 1512 1127 1536 vos
1144 1513 1234 1550 erga
1249 1514 1287 1538 se
1306 1500 1387 1539 sitis
1403 1503 1571 1539 animum

111 1560 288 1598 habituri.
346 1561 471 1598 Nemo
490 1567 658 1597 vestrum
680 1566 867 1605 autumet,
888 1560 1016 1605 velim,
1043 1573 1103 1596 me
1125 1561 1398 1600 Leodainautis
1429 1564 1571 1609 studio,

112 1622 275 1659 hominis
303 1621 427 1667 amici,
449 1621 670 1658 Evandrum
698 1633 896 1658 accusare.
956 1621 1231 1671 Nequaq-uam.
1290 1623 1417 1661 Vestri
1445 1625 1569 1675 magis

111 1689 150 1719 et
175 1683 270 1732 reip.
300 1682 428 1719 studio
451 1683 525 1719 hoc
553 1683 608 1726 fit,
635 1681 745 1732 cujus
773 1681 983 1719 commodis
1009 1683 1200 1732 prospicio
1227 1690 1265 1720 et
1290 1683 1466 1722 inservio.
1526 1686 1569 1722 Id

110 1743 217 1792 quod
249 1742 360 1780 facile
391 1749 449 1780 est
478 1749 684 1793 perspectu
711 1755 757 1779 ex
784 1743 866 1791 ipsa
896 1755 947 1779 re.
1008 1743 1105 1779 Nam
1134 1743 1383 1782 Leodamanti
1415 1745 1568 1794 quidem

109 1803 267 1853 expedit
288 1804 508 1841 Evandrum
538 1816 560 1840 a
579 1803 686 1840 vobis
708 1803 880 1853 probari:
914 1803 1136 1840 Evandrum
1156 1805 1256 1841 enim
1284 1805 1314 1842 si
1341 1806 1568 1855 praeferetis,

109 1865 182 1915 ipsi
211 1871 360 1902 vosmet
386 1865 528 1901 famam
561 1870 728 1901 vestram
763 1863 1010 1909 infamabitis,
1042 1871 1085 1901 ut
1119 1877 1187 1915 pro
1218 1866 1401 1903 studiosis
1429 1867 1569 1917 plebis,

107 1925 328 1977 cujusmodi
359 1925 573 1962 Leodamas
604 1931 678 1973 est,
708 1924 924 1962 hominibus
953 1924 1137 1962 Evandro
1172 1926 1372 1974 similibus,
1407 1927 1479 1964 hoc
1510 1936 1570 1965 est

108 1986 339 2036 principatui
356 1998 568 2036 paucorum
584 1985 738 2030 deditis,
755 1985 901 2022 deferre
915 1992 1062 2022 vestros
1076 1985 1241 2023 honores
1257 1986 1476 2025 videamini.
1517 1986 1569 2025 Et

111 2048 144 2085 si
177 2047 400 2084 Evandrum
430 2046 693 2096 reprobamus,
723 2045 942 2083 videbimini
975 2046 1275 2085 Leodamantem
1301 2061 1456 2098 quoque
1490 2046 1568 2087 non

110 2109 193 2146 sine
229 2119 348 2146 causa
385 2109 631 2159 reprobasse:
682 2107 738 2144 sin
774 2113 901 2144 autem
938 2120 986 2144 ne
1015 2107 1118 2144 hunc
1153 2108 1307 2158 quidem
1343 2109 1566 2147 Evandrum

109 2170 374 2221 reprobabitis,
395 2169 466 2206 etsi
487 2177 564 2206 tam
586 2175 735 2218 turpem
760 2174 798 2205 et
817 2168 1069 2213 maculosum,
1086 2168 1309 2207 videbimini
1325 2171 1406 2221 pari
1427 2171 1566 2222 iniqui-

110 2237 188 2267 tate
206 2237 244 2268 et
263 2230 364 2267 hunc
384 2229 563 2280 allegisse
584 2235 625 2266 et
643 2229 757 2266 istum
778 2229 973 2280 rejecisse.

162 2293 200 2327 5.
230 2289 373 2326 Verum
406 2290 584 2327 Evander
603 2294 659 2337 (ut
688 2296 865 2327 auctores
886 2289 976 2327 mihi
1006 2297 1108 2337 sunt,
1127 2291 1191 2341 qui
1218 2292 1410 2329 facturum
1433 2293 1564 2341 aiant),

109 2363 187 2388 non
204 2351 263 2388 sui
282 2363 481 2388 censuram
502 2350 636 2400 magis,
658 2363 772 2400 quarn
793 2356 961 2387 vestram
981 2352 1042 2400 agi
1064 2364 1167 2388 nunc
1186 2364 1356 2398 causam,
1380 2359 1567 2403 quotquot

109 2411 264 2461 reliquis
292 2410 556 2448 exsulantibus
582 2410 620 2446 in
641 2411 734 2448 urbe
760 2411 970 2455 mansistis,
992 2411 1081 2456 aiet,
1103 2417 1293 2462 pactaque
1317 2413 1565 2463 jurejurando

109 2474 258 2511 sancita
274 2473 383 2511 vobis
404 2473 441 2509 in
462 2472 683 2510 memoriam
704 2472 920 2517 revocabit;
952 2473 1060 2522 quasi
1078 2474 1131 2510 sic
1152 2486 1298 2518 omnes,
1318 2481 1508 2524 quotquot
1528 2475 1563 2512 iu

110 2536 204 2572 urbe
229 2539 466 2578 manserunt,
493 2539 677 2570 nacturus
700 2533 746 2570 sit
774 2545 917 2570 morum
940 2546 1094 2571 suorum
1126 2534 1420 2583 approbatores.
1481 2534 1564 2585 Ego

109 2607 199 2632 vero
218 2595 252 2632 ei
280 2595 330 2632 de
360 2595 470 2645 plebe
491 2594 573 2631 haec
593 2598 718 2644 pauca
740 2594 1007 2644 respondebo:
1038 2594 1087 2631 de
1108 2593 1166 2637 iis,
1190 2593 1255 2642 qui
1286 2594 1323 2630 in
1345 2595 1440 2631 urbe
1461 2607 1566 2633 man-

109 2660 257 2701 serunt,
275 2655 420 2706 plebem
441 2668 518 2692 non
545 2655 644 2692 idem
667 2654 819 2700 sentire,
841 2654 909 2692 sed
929 2667 1059 2691 eorum
1079 2654 1289 2703 flagitiosos
1309 2655 1478 2704 quidem,
1499 2657 1564 2707 qui

109 2717 216 2767 paria
246 2722 359 2765 atque
390 2716 524 2752 similia
551 2728 639 2752 cum
674 2714 857 2752 Evandro
884 2714 1139 2764 deliquerunt,
1167 2726 1326 2751 censere
1356 2714 1564 2755 honoribus

109 2791 194 2816 esse
214 2777 490 2823 excludendos,
510 2784 623 2828 prout
651 2790 724 2828 ego
744 2777 804 2815 aio
823 2777 904 2814 fieri
925 2783 1125 2827 oportere;
1157 2778 1383 2816 contrariam
1411 2793 1498 2818 vero
1525 2781 1562 2818 i'n

109 2846 254 2890 partem
282 2837 329 2875 de
357 2837 507 2886 reliquis
538 2839 716 2883 sciscere,
739 2838 803 2888 qui
833 2836 1134 2887 sunt-„Evandro
1165 2836 1382 2876 dissimiles.
1442 2839 1565 2890 Argu-

798 2900 819 2932 2
844 2910 868 2933 U
