1822 3219
451 101 524 138 DE
554 99 811 138 VULNERE
840 97 1272 137 PRAEMEDITATO.
1521 99 1595 137 177

138 216 293 242 sensum
323 203 510 243 accedere
539 204 720 244 convenit
740 214 922 254 measque
952 207 1084 252 partes
1103 200 1177 239 hoc
1196 200 1235 238 in
1258 200 1415 250 negotio
1434 213 1512 239 non
1531 201 1604 239 mi-

135 277 248 304 nores
275 266 417 304 versari
435 279 552 317 quam
585 267 683 317 ejus,
715 264 856 316 quippe
876 263 942 315 qui
961 263 1010 301 ad
1031 262 1265 313 emptionem
1294 262 1410 313 hujus
1431 263 1602 314 corporis

136 336 284 378 partem
319 329 402 367 aeris
437 328 634 366 dimidiam
673 328 720 365 de
763 340 848 365 meo
885 325 1127 364 contulerim,
1185 324 1331 361 Verum
1369 324 1472 362 enim
1509 338 1598 364 vero

136 390 330 434 mentitur,
358 390 566 440 deditaque
592 401 709 439 opera
726 401 856 426 verum
877 400 944 425 vos
979 386 1094 424 celat.
1151 384 1297 422 Misera
1321 384 1422 422 enim
1449 398 1542 424 vero
1561 393 1601 425 et

135 450 313 489 luctuosa
340 451 389 489 sit
417 451 527 488 istaec
554 450 736 488 conditio.
795 449 971 487 Mulieris
1002 449 1182 499 ingenuae
1213 447 1263 485 ad
1291 446 1598 498 redemptionem

137 523 185 548 ex
207 511 373 549 hostium
401 512 621 562 captivitate
646 525 701 549 aes
724 511 755 549 si
781 510 1072 562 impendissem,
1100 509 1231 547 liceret
1254 508 1347 546 mihi
1374 521 1421 546 ea
1441 522 1598 559 quoquo

135 572 269 609 vellem
301 573 406 609 abuti
437 572 662 623 nullamque
692 585 771 609 non
802 584 959 622 operam
989 572 1037 608 ab
1068 583 1114 608 ea
1145 570 1318 620 exigere3
1340 582 1447 607 nunc
1468 578 1598 608 autem

132 633 361 683 periclitanti
381 633 471 670 mihi
493 633 542 671 de
563 635 833 671 communione
855 633 988 684 patriae
1008 631 1232 678 obtinenda,
1267 644 1315 668 ne
1345 630 1420 669 hoc
1440 631 1598 681 quidem

132 695 321 733 minutum
340 695 483 742 licebit,
503 704 546 734 ut
566 710 613 734 ex
632 697 704 735 hac
725 697 895 742 muliere,
923 709 1011 747 quae
1027 695 1173 733 servilis
1200 701 1259 733 est
1279 693 1526 741 conditionis,
1554 695 1599 733 iis

131 755 181 793 de
210 757 335 802 rebus,
364 770 529 807 quarum
561 770 682 795 causa
702 757 837 808 capitis
865 757 902 794 in
932 756 1143 794 discrimen
1172 755 1364 794 adductus
1390 767 1490 802 sum,
1508 767 1596 806 per-

130 825 278 855 conter.
335 818 453 869 Atqui
469 818 658 867 ejusmodi
678 818 715 855 in
737 830 872 864 causa,
893 823 974 855 tam
1002 817 1158 868 capitali
1180 823 1297 867 atque
1315 815 1400 854 haec
1419 829 1504 854 mea
1523 823 1597 863 est,

131 889 218 915 eam
247 880 446 917 tormentis
478 880 614 931 subjici
645 879 768 917 multo
795 887 877 917 erat
907 878 1073 929 aequius,
1107 891 1224 929 quam
1253 885 1334 916 tum
1355 877 1426 916 sub
1453 890 1599 917 corona

131 939 287 985 vaenire,
319 953 439 990 quum
470 940 545 978 hoc
571 947 750 991 ageretur
767 941 928 990 (fingam
953 941 1054 977 enim
1083 939 1285 990 tantisper)
1303 945 1348 977 ut
1371 952 1444 991 ego
1465 952 1513 977 ex
1532 939 1599 978 ho-

132 999 248 1036 stium
267 1000 488 1050 captivitate
507 1001 712 1039 redimerer
731 1002 908 1052 pecunia,
929 1014 977 1039 ex
997 1000 1148 1038 ancillae
1169 1000 1390 1039 venditione
1410 1001 1594 1045 redacta;

132 1066 172 1097 et
203 1068 284 1099 erat
311 1062 384 1099 hoc
409 1069 515 1100 tanto
542 1063 706 1113 aequiuS,
725 1063 831 1113 quod
853 1076 874 1101 e
899 1062 1123 1113 captivitate
1147 1062 1304 1113 quidem
1331 1062 1399 1100 tibi
1423 1062 1539 1101 liceat
1556 1062 1595 1100 in

130 1121 294 1171 patriam
308 1123 430 1162 redire
451 1124 582 1161 multis
603 1124 684 1162 aliis
705 1137 860 1175 quoque
881 1123 1021 1169 modis,
1049 1129 1107 1170 ut,
1130 1124 1161 1161 si
1182 1124 1316 1161 hostes
1337 1123 1409 1175 ipsi
1435 1131 1474 1161 te
1493 1123 1595 1162 ultro

130 1181 340 1228 dimittant,
376 1191 443 1223 aut
468 1185 499 1222 si
519 1185 791 1236 redemptionis
812 1185 976 1235 pretium
996 1184 1151 1222 aliunde
1173 1184 1389 1222 extuderis:
1420 1184 1594 1222 inimico-

129 1255 213 1279 rum
233 1251 361 1281 autem
380 1245 418 1281 in
439 1252 674 1295 potestatem
702 1245 845 1283 tradito
873 1245 941 1283 tibi
970 1258 1049 1283 non
1070 1245 1161 1283 licet
1178 1258 1264 1283 eam
1283 1245 1320 1282 in
1351 1245 1515 1296 patriam
1535 1258 1594 1283 re-

125 1304 219 1351 dire,
253 1306 356 1344 unde
377 1320 444 1358 per
471 1307 752 1345 immanitatem
777 1321 908 1345 eorum
938 1307 1085 1360 ejectus
1104 1308 1230 1352 fueris,
1261 1307 1326 1357 qui
1345 1320 1421 1345 aere
1449 1306 1594 1358 placari

127 1365 264 1412 nolint,
285 1368 367 1413 sed,
388 1375 431 1405 ut
450 1369 573 1419 patrio
593 1377 630 1408 te
648 1370 730 1407 solo
744 1377 915 1414 arceant,
937 1370 975 1406 in
992 1369 1152 1407 summis
1172 1375 1346 1407 votorum
1363 1375 1480 1418 atque
1496 1381 1593 1406 con-

126 1429 343 1466 tentionum
375 1429 557 1468 habeant.
616 1432 740 1469 Decet
770 1431 899 1481 itaque
932 1443 1016 1475 vos,
1049 1443 1126 1467 non
1157 1430 1450 1468 excusationem
1475 1429 1591 1481 hujus

126 1488 291 1527 hominis
322 1492 498 1541 probare,
530 1492 762 1542 postulantis
794 1492 944 1529 mulieri
978 1498 1169 1530 tormenta
1195 1491 1284 1529 ideo
1314 1491 1455 1529 remitti
1484 1491 1589 1541 quod

125 1550 295 1602 ingenua
328 1551 390 1597 sit,
430 1553 538 1602 quod
570 1561 831 1590 commentum
866 1560 926 1590 est
958 1553 1119 1591 veritate
1154 1566 1333 1596 cassum;
1368 1552 1436 1590 sed
1466 1552 1589 1591 multo

125 1613 262 1664 magiS,
278 1626 367 1651 eum
386 1614 494 1651 istaec
515 1627 629 1664 aequa
649 1621 873 1652 censentem
895 1627 963 1665 pro
985 1614 1228 1665 sycophanta
1242 1614 1307 1665 jus
1327 1626 1483 1663 aequum
1503 1626 1590 1664 per-

126 1680 274 1712 vertere
294 1682 461 1712 conante
476 1675 633 1720 habere,
664 1675 806 1727 quippe
825 1675 890 1725 qui
924 1675 1036 1712 facile
1071 1675 1141 1712 sibi
1162 1675 1335 1712 futurum
1361 1680 1502 1725 speret,
1532 1681 1589 1721 ut,

122 1743 351 1786 argumento
380 1737 457 1774 veri
489 1736 708 1774 inveniendi
740 1745 821 1774 tam
852 1743 956 1774 certo
988 1735 1261 1787 praetermisso,
1294 1734 1584 1772 mendaciorum

126 1809 283 1834 suorum
299 1797 503 1848 praestigiis
523 1810 590 1835 vos
611 1797 898 1835 circumveniat.
957 1798 1058 1835 Nam
1079 1797 1252 1848 profecto
1273 1810 1340 1834 vos
1362 1809 1439 1834 non
1459 1796 1586 1843 decet,

124 1861 372 1910 sponsionem
391 1860 475 1912 ejus
495 1868 628 1899 nostra
645 1861 925 1899 credibiliorem
939 1861 1027 1898 ideo
1048 1861 1200 1907 habere,
1216 1861 1320 1911 quod
1344 1873 1472 1898 servos
1494 1874 1586 1899 suos

123 1921 171 1958 ad
194 1928 386 1959 tormenta
406 1922 600 1960 obtulerit.
658 1922 774 1964 Quod
791 1923 892 1960 enim
913 1922 966 1959 illi
986 1936 1103 1959 unum
1123 1930 1277 1966 norant,
1298 1935 1368 1959 nos
1390 1922 1439 1960 ad
1456 1923 1584 1973 ipsum

122 1983 288 2029 venisse,
309 1984 347 2021 id
366 1984 438 2034 ipsi
460 1997 530 2022 nos
551 1983 650 2022 ultro
670 1985 897 2022 confitemur
917 1984 1086 2022 factum:
1107 1997 1199 2021 num
1221 1990 1350 2022 autem
1370 1986 1497 2021 vocati
1519 1997 1584 2022 ve-

122 2045 291 2083 nerimus
326 2059 461 2091 necne,
482 2054 520 2083 et
548 2054 674 2083 utrum
702 2060 775 2096 ego
794 2046 929 2097 plagas
951 2047 1052 2097 prior
1072 2047 1286 2097 acceperim
1308 2060 1355 2084 an
1376 2047 1584 2094 intulerim,

121 2108 256 2145 mulier
270 2108 309 2145 id
330 2108 465 2145 melius
487 2115 612 2153 norat,
628 2121 744 2158 quam
760 2109 868 2146 servi.
911 2108 1118 2154 Praeterea,
1135 2121 1266 2146 servos
1288 2108 1320 2145 si
1341 2108 1582 2147 torsissemus

121 2170 184 2220 qui
210 2170 322 2218 hujus
342 2170 481 2221 proprii
503 2177 604 2216 sunt,
626 2170 872 2208 torsissemus
893 2170 1089 2208 incassum
1109 2176 1147 2207 et
1167 2169 1296 2216 stulte,
1329 2170 1360 2207 si
1380 2169 1471 2220 quid
1491 2169 1582 2209 huic

122 2231 381 2281 gratificantes
403 2238 528 2269 meam
554 2233 591 2269 in
612 2232 787 2269 fraudem
809 2239 940 2269 essent
959 2231 1132 2268 mentiti:
1164 2231 1299 2269 mulier
1319 2237 1448 2269 autem
1469 2232 1580 2270 nobis

121 2292 308 2329 ambobus
330 2299 410 2329 erat
430 2293 645 2330 communis
666 2294 795 2340 (ambo
827 2293 929 2330 enim
952 2306 1022 2330 nos
1055 2305 1123 2344 pro
1145 2293 1270 2344 capite
1289 2295 1368 2340 ejus
1389 2306 1409 2330 e
1430 2300 1581 2332 catasta

119 2352 344 2390 redimendo
364 2360 511 2402 partem
536 2353 644 2403 pretii
664 2353 852 2403 aequalem
874 2353 1192 2399 contuleramus),
1220 2360 1259 2391 et
1287 2353 1415 2391 omnia
1434 2354 1578 2404 optime

119 2421 242 2452 norat.
308 2414 469 2465 Propter
499 2428 584 2452 eam
613 2423 725 2452 norat
751 2415 992 2453 adversarius
1021 2415 1187 2453 maxime
1221 2429 1356 2453 omnes
1388 2416 1456 2453 has
1484 2429 1578 2453 con-

119 2476 307 2514 tentiones
335 2483 450 2525 atque
470 2477 667 2514 molestias
689 2476 799 2514 nobis
829 2482 981 2514 coortas
1001 2489 1100 2521 esse,
1130 2484 1169 2514 et
1188 2476 1225 2513 in
1247 2478 1332 2527 ejus
1362 2477 1463 2527 pelle
1484 2476 1578 2514 nihil

120 2547 233 2585 posse
263 2537 459 2574 occultum
493 2550 661 2575 manere.
719 2537 782 2583 Et,
814 2550 1037 2588 quanquam
1065 2551 1138 2588 ego
1160 2538 1346 2588 iniquiore
1368 2550 1483 2588 quam
1505 2537 1575 2575 ad-

120 2596 306 2635 versarius
325 2598 411 2635 loco
430 2611 535 2636 eram
555 2599 706 2636 futurus
727 2598 906 2637 simulier
922 2599 1008 2638 haec
1024 2606 1280 2650 torqueretur,
1299 2599 1429 2637 nullus
1445 2607 1576 2639 tamen

120 2654 289 2693 dubitavi
309 2658 521 2707 periculum
540 2659 614 2697 hoc
641 2672 795 2709 quoque
825 2660 950 2699 facere
968 2674 976 2703 ;
1010 2661 1165 2712 majoris
1186 2661 1288 2698 enim
1315 2660 1418 2698 hunc
1439 2662 1576 2700 mulier

118 2716 225 2761 facit,
254 2717 292 2754 id
311 2720 414 2769 quod
430 2720 522 2771 ipsis
543 2735 563 2759 e
583 2722 698 2759 rebus
719 2727 885 2767 constat,
906 2735 1024 2772 quam
1044 2735 1126 2760 me:
1157 2721 1319 2759 consilia
1340 2735 1573 2774 operamque

117 2790 206 2815 cum
222 2777 295 2816 hoc
310 2779 377 2818 illa
396 2782 595 2832 conjunxit
615 2782 664 2820 ad
685 2795 745 2820 me
765 2782 985 2821 laedendum
1001 2790 1115 2831 atque
1136 2782 1369 2828 vexandum,
1388 2782 1480 2821 mihi
1501 2797 1570 2822 au-

117 2848 194 2879 tem
228 2853 425 2892 nunquam
457 2843 522 2881 illa
558 2857 715 2896 operam
747 2845 902 2882 navavit
928 2845 977 2883 ad
1008 2843 1061 2881 illi
1081 2843 1459 2883 incommodandum.
1518 2845 1570 2883 Et

795 2907 818 2941 2
845 2916 873 2942 A
