1822 3219
545 126 765 163 CONTRA
797 126 1119 164 EVANDRUM.
1483 129 1554 166 331

107 224 215 274 ginta
243 225 475 263 talentorum
496 225 676 271 valorem,
707 239 754 264 ea
783 226 819 263 in
841 225 941 263 bello
970 232 1051 263 tota
1080 233 1137 263 est
1167 227 1203 264 in
1231 228 1365 278 patriae
1393 228 1557 266 salutem

106 284 315 335 insumpta.
372 286 415 322 In
437 284 539 323 hunc
559 292 687 323 autem
714 286 936 323 Evandrum
955 299 1041 336 quae
1067 286 1192 323 dicam
1211 288 1335 326 habeo
1361 290 1444 335 tria,
1463 302 1560 339 quo-

106 358 188 381 rum
220 345 521 394 unumquodque
553 353 627 382 tam
660 354 720 383 est
744 354 855 383 atrox
887 354 1002 396 atque
1030 346 1252 390 nefandum,
1278 356 1321 385 ut
1347 349 1404 386 vel
1434 350 1558 386 solum

106 406 240 443 mortis
270 418 384 455 poena
418 405 684 454 dignum-sit:
727 408 887 456 primum
914 407 1179 456 largitionibus
1214 407 1434 446 Boeotorum
1463 410 1558 460 reip.

107 467 268 504 formam
294 466 451 503 mutavit
479 474 516 503 et
542 467 600 503 his
631 480 700 503 nos
726 468 839 504 sociis
861 468 1073 509 fraud-avim
1103 476 1180 505 tuin
1208 469 1408 518 prodenda
1435 471 1558 508 classe

105 539 225 576 remp.
249 534 396 563 tantum
425 526 589 575 conjecit
610 527 646 562 in
674 527 897 577 pericnlum,
926 536 967 563 ut
999 540 1157 564 necesse
1178 528 1337 565 haberet
1364 529 1409 565 de
1435 530 1557 568 salute

106 599 176 624 sua
195 587 340 624 tuenda
360 587 653 624 deliberationes
668 588 811 637 agitare
828 601 838 631 ;
870 597 1060 637 postremo
1077 601 1098 624 a
1118 590 1279 638 captivis
1297 590 1445 632 nostris,
1463 604 1557 639 quos

105 647 189 698 ipse
218 647 255 684 in
291 647 497 697 perniciem
536 648 854 697 praecipitaverat,
893 648 1209 686 concussionibus
1242 650 1398 699 triginta
1436 651 1558 687 minas

104 708 303 758 expressit,
322 721 468 758 negans
498 721 539 745 se
567 708 790 745 effecturum
821 717 888 745 aut
914 722 1199 753 concessurum,
1229 719 1272 747 ut
1298 723 1373 747 oere
1404 710 1559 760 publico

103 768 394 812 redimerentur,
429 767 498 805 nisi
531 771 579 807 de
619 782 688 806 suo
721 769 873 820 peculio
912 776 1062 807 tantum
1095 772 1353 809 restituerent.
1428 772 1557 810 Vitam

105 829 305 878 utriusque
335 835 509 867 nostrum
532 834 613 879 Jam
647 837 836 876 tenentes,
866 830 1087 876 deliberate,
1120 838 1332 878 senatores,
1364 832 1436 869 utri
1471 832 1556 882 plus

106 887 197 926 fidei
223 889 373 927 deferre
392 890 441 928 de
464 891 633 929 Evandri
664 903 827 928 censura
845 903 912 928 vos
932 890 1092 928 deceat:
1123 900 1159 929 et
1186 891 1259 930 hoc
1287 894 1325 930 in
1357 892 1558 943 speculum

105 949 312 996 intuentes,
331 950 481 989 nullum
500 958 560 990 est
577 950 792 1003 periculum
810 964 858 989 ne
876 950 1020 989 erretis.
