1822 3219
558 128 666 166 PRO
699 124 1078 164 POLYSTRATO.
1471 121 1549 157 295

99 229 275 273 suaserit,
293 240 370 265 non
389 228 482 266 licet
496 227 535 265 id
555 228 661 265 vobis
679 227 770 265 vitio
790 226 893 270 dare,
911 224 978 263 sed
998 223 1235 262 suasoribus.
1292 222 1382 261 Jam
1402 220 1468 267 illi,
1487 220 1554 270 qui

99 289 206 326 vobis
225 296 307 326 tum
323 289 508 326 malorum
533 288 774 326 consiliorum
805 293 981 325 auctores
1010 285 1167 328 fiebant,
1187 295 1305 332 quum
1334 280 1554 333 praejudicio

101 361 144 386 se
160 361 229 386 suo
245 349 510 392 damnassent,
526 361 602 398 quo
615 347 800 399 judicium
814 346 987 385 vestrum
1002 343 1270 395 praevenirent,
1286 343 1379 392 fuga
1393 341 1556 379 salutem

100 410 360 458 quaesiverunt
385 422 432 446 ne
457 422 590 459 poenas
617 408 775 446 darent:
805 409 920 445 etiam
948 407 1012 445 alii
1035 406 1066 444 si
1093 405 1158 455 qui
1175 403 1306 441 nescio
1325 402 1469 452 quaein
1487 414 1555 439 vos

101 470 304 519 peccarint,
332 469 474 506 leviora
502 468 658 518 quidem
685 468 752 505 illa
779 468 876 512 istis,
908 473 947 505 at
974 473 1134 518 peccata
1161 472 1304 509 tamen,
1332 463 1468 500 suadet
1496 462 1556 499 his

103 536 225 566 metus
245 529 358 566 vestri
379 536 738 578 accusatorumque,
755 534 796 565 ut
816 528 931 565 domo
950 519 1111 578 profecti
1130 524 1367 576 peregrinam
1388 522 1557 559 militiam

101 590 324 639 fungantur,
339 602 416 638 quo
437 589 581 626 interea
596 595 662 626 aut
676 602 743 626 vos
763 588 862 626 ultro
882 588 982 625 fiatis
1002 587 1170 624 mitiores
1187 590 1254 622 aut
1271 583 1342 634 ipsi
1359 582 1561 619 vehemen-

103 650 192 687 tiam
213 656 479 687 accusatorum
500 650 691 700 placeant.
749 649 865 685 Pater
889 654 1031 692 autem,
1054 647 1181 684 statim
1203 659 1225 682 a
1244 644 1421 681 restituta
1447 655 1557 693 pace,

103 709 252 759 copiam
277 710 413 759 judicii
442 711 490 747 de
520 722 559 746 se
587 708 755 746 habendi
783 709 889 745 vobis
920 708 1025 753 fecit,
1051 706 1202 745 tametsi
1234 706 1381 750 insons,
1409 708 1561 741 recente

106 770 233 807 adhuc
260 783 378 820 penes
399 782 467 807 vos
488 782 613 807 rerum
636 775 827 819 gestarum
849 768 1041 814 memoria,
1060 780 1146 805 cum
1166 773 1205 804 et
1223 765 1405 803 citissime
1424 770 1462 801 et
1480 776 1561 801 cer-

104 830 250 867 tissime
278 836 413 879 posset
441 831 574 880 argui:
605 829 694 867 fecit
721 835 864 873 autem,
892 828 1033 866 fiducia
1058 827 1291 865 innocentiae
1317 838 1413 869 suae,
1438 830 1564 861 certus

104 891 208 928 bona
239 903 357 928 causa
387 897 572 927 armatum
602 902 643 926 se
670 902 759 926 cum
786 889 955 927 victoriae
986 889 1106 938 gloria
1133 900 1181 924 ex
1204 887 1279 924 isto
1304 886 1450 934 judicio
1477 897 1562 922 esse

107 950 384 988 discessurum.

162 1014 201 1049 6.
233 1010 360 1053 Quam
388 1009 508 1047 civilis
539 1016 666 1047 autem
696 1015 806 1059 pater
843 1009 971 1054 fuerit,
1005 1022 1109 1047 nunc
1148 1009 1310 1046 docebo.
1376 1007 1562 1052 Primum,

108 1083 351 1119 quaecunque
370 1069 583 1107 inciderent
602 1076 815 1107 castrenses
837 1069 1118 1120 expeditiones,
1137 1070 1186 1107 ab
1207 1081 1337 1106 earum
1366 1068 1472 1106 nulla
1499 1070 1566 1105 ab·

109 1131 194 1176 fuit,
214 1130 262 1167 de
280 1143 357 1180 quo
378 1130 510 1167 testari
531 1138 710 1180 poterunt
729 1130 871 1168 conscii
893 1130 1166 1181 municipales:
1197 1130 1349 1173 deinde,
1372 1130 1472 1167 bona
1497 1141 1567 1166 sua

109 1205 193 1230 cuin
213 1191 382 1228 vendere
402 1191 592 1241 potuisset
614 1191 891 1241 redactumque
917 1204 937 1228 e
963 1191 1184 1228 venditione
1213 1204 1267 1228 aes
1297 1191 1397 1227 clam
1425 1190 1567 1226 habere

109 1252 214 1289 domi
238 1252 275 1288 in
303 1264 391 1289 arca
419 1258 485 1288 aut
505 1252 542 1288 in
562 1252 710 1289 foenore
733 1251 901 1302 positum
923 1264 1046 1300 eoque
1068 1251 1372 1289 contributiones
1393 1249 1568 1300 publicas

109 1311 454 1362 compendifacere,
474 1311 614 1349 fundos
636 1311 800 1349 retinere
820 1311 955 1348 maluit
975 1311 1112 1361 suique
1137 1324 1206 1348 vos
1233 1322 1370 1347 census
1397 1309 1568 1347 conscios

109 1373 274 1415 habere3
305 1384 395 1421 quo,
416 1383 465 1408 ne
485 1371 515 1408 si
534 1371 650 1409 vellet
670 1371 837 1422 quidem,
859 1371 929 1408 sibi
951 1371 1082 1409 liceret
1109 1371 1210 1409 malo
1236 1379 1275 1408 et
1299 1370 1440 1420 ignavo
1467 1382 1569 1412 esse,

112 1432 180 1470 sed
208 1431 469 1469 contribueret
497 1431 624 1480 potius
661 1430 874 1480 muniisque
911 1431 1148 1481 sumptuosis
1186 1431 1425 1481 fungeretur.
1488 1431 1571 1467 Nos

110 1492 214 1542 ipsos
236 1503 404 1542 quoque,
420 1491 484 1540 qui
503 1490 609 1528 liberi
633 1490 715 1541 ejus
736 1504 881 1535 sumus,
903 1491 956 1528 ita
974 1491 1151 1534 instituit,
1168 1497 1211 1528 ut
1231 1490 1450 1540 reipublieae
1467 1503 1570 1527 esse-

113 1565 197 1589 mus
222 1564 334 1602 quam
360 1551 567 1588 utilissimi.
625 1551 675 1588 Et
704 1564 763 1588 me
792 1551 947 1600 quidem
966 1552 1002 1588 in
1025 1552 1189 1589 Siciliam
1212 1552 1325 1595 misit,
1349 1552 1426 1596 ubi,
1447 1551 1570 1588 donec

113 1612 241 1650 salvus
270 1617 350 1648 erat
379 1611 581 1655 exercitus,
603 1610 711 1647 locus
740 1611 863 1648 defuit
891 1612 1084 1662 specimen
1118 1625 1214 1649 meae
1243 1612 1389 1649 virtutis
1419 1612 1572 1658 edendi,

113 1673 216 1709 unde
236 1672 476 1722 cognossetis
494 1672 558 1721 qui
575 1684 697 1708 essem
716 1684 725 1708 ι
757 1672 926 1709 exercitu
945 1679 1071 1709 autem
1089 1672 1228 1717 deleto,
1245 1686 1364 1722 quum
1381 1673 1571 1710 Catanam

114 1732 244 1769 salvus
277 1731 497 1776 evasissem,
517 1731 606 1768 inde
634 1731 744 1768 factis
773 1733 1062 1770 excursionibus
1083 1739 1206 1770 totum
1228 1734 1329 1771 circa
1349 1747 1483 1783 agrum
1504 1734 1570 1771 de—

113 1792 314 1843 praedabar
342 1791 593 1841 hostibusque
623 1791 754 1829 clades
783 1792 886 1829 haud
919 1794 1223 1830 contemnendas
1257 1794 1480 1831 inferebam.
1540 1795 1571 1830 E

114 1853 255 1904 praedae
275 1852 428 1902 quidem
449 1853 619 1889 sectione
640 1858 790 1890 tantum
810 1853 935 1899 rediit,
957 1861 998 1891 ut
1023 1867 1099 1891 non
1128 1855 1242 1893 modo
1269 1856 1425 1906 triginta
1458 1857 1571 1893 minae

114 1915 348 1953 decimarum
369 1914 523 1951 nomine
544 1914 630 1951 inde
651 1914 751 1951 demi
777 1921 891 1964 atque
919 1915 1105 1953 Minervae
1131 1917 1345 1954 consecrari
1373 1930 1441 1967 pro
1469 1930 1572 1954 more

116 1975 230 2013 solito
259 1974 408 2024 rituque
438 1974 560 2025 patrio
593 1981 765 2025 possent,
797 1975 862 2012 sed
900 1976 1013 2013 etiam
1046 1984 1262 2027 superesset
1294 1978 1396 2015 unde
1434 1978 1572 2015 milites

115 2048 162 2072 ex
189 2035 356 2073 hostium
381 2035 602 2086 captivitate
628 2035 917 2073 redimerentur.
976 2036 1204 2087 Equestrem
1226 2051 1379 2088 quoque
1399 2038 1571 2075 militiam

115 2104 273 2135 coactus
290 2109 312 2133 a
328 2096 520 2134 Catanaeis
537 2096 626 2140 obii,
643 2103 681 2134 et
695 2109 743 2134 ne
759 2097 795 2133 in
813 2109 860 2134 ea
877 2097 1032 2147 quidem
1054 2099 1265 2149 periculum
1285 2099 1405 2137 ullum
1426 2099 1572 2148 defugi,

116 2166 160 2196 ut
186 2164 384 2197 constaret
411 2159 510 2196 inter
538 2170 682 2203 omneS‚
715 2158 779 2207 qui
812 2158 901 2195 mihi
932 2166 1034 2196 esset
1064 2160 1099 2196 in
1133 2167 1294 2210 utraque
1324 2160 1468 2206 militia,
1494 2168 1572 2198 tam

118 2218 285 2269 equestri
316 2232 431 2269 quam
460 2218 640 2270 pedestri,
675 2218 782 2257 fortis
817 2225 856 2256 et
885 2219 1091 2258 bellicosus
1125 2221 1290 2259 animus.
1361 2222 1411 2260 Et
1440 2221 1487 2259 de
1517 2221 1575 2258 his

117 2287 232 2318 testes
251 2286 339 2317 cita.

734 2365 948 2402 TESTES.

172 2460 209 2494 7.
240 2457 286 2493 In
305 2456 417 2494 bellis
436 2456 562 2505 itaque
584 2456 709 2506 qualis
730 2456 880 2502 fuerim,
897 2457 1071 2503 audistis,
1086 2458 1254 2508 judices,
1270 2459 1328 2497 his
1348 2472 1368 2496 e
1387 2459 1572 2497 testibus:

118 2530 195 2568 quo
217 2523 343 2555 autem
364 2529 456 2566 erga
475 2516 627 2566 plebem
648 2523 811 2554 vestram
834 2517 974 2565 animo,
994 2518 1033 2555 id
1052 2532 1155 2556 nunc
1182 2519 1400 2557 declarabo.
1459 2520 1574 2570 Syra-

119 2591 287 2616 cusanus
307 2578 444 2628 aliquis
469 2590 514 2615 eo
540 2578 767 2629 [Catanam]
787 2591 875 2616 cum
895 2579 1074 2625 venisset,
1096 2593 1228 2617 secum
1248 2580 1408 2617 afferens
1430 2580 1574 2617 formu-

118 2640 197 2676 lam
223 2639 465 2684 sacramenti,
484 2651 561 2688 quo
588 2638 725 2676 civium
757 2629 973 2677 nostrorum
1001 2640 1172 2689 adigeret
1201 2641 1232 2677 si
1258 2641 1320 2689 qui
1341 2640 1483 2678 vellent
1508 2641 1575 2678 de·

122 2699 232 2737 sertis
251 2699 422 2748 partibus
443 2700 577 2749 patriae
597 2699 781 2737 adversus
802 2713 886 2738 eam
907 2713 1011 2738 arma
1031 2713 1165 2750 capere
1186 2708 1224 2738 et
1243 2700 1280 2737 in
1301 2702 1434 2739 castris
1463 2702 1576 2753 Syra·

122 2771 352 2798 cusanorum
385 2771 541 2804 merere,
575 2760 785 2798 accedebat
811 2761 865 2802 ,ad
900 2761 1125 2798 nostratium
1159 2760 1224 2810 qui
1260 2768 1340 2798 tum
1372 2762 1421 2799 ibi
1449 2770 1577 2800 essent

123 2830 432 2869 unumquemque
463 2819 611 2867 viritim,
640 2821 688 2859 ad
721 2828 1003 2860 sacramentum
1031 2821 1240 2859 dicendum
1268 2822 1433 2861 invitans
1462 2831 1575 2874 atque
