1822 3219
444 110 551 150 PRO
583 111 746 150 BONIS
775 110 1197 149 ARISTOPHANIS.
1471 114 1549 150 285

96 210 131 251 si
144 213 224 263 qui,
244 214 353 251 bonis
374 214 453 252 suis
474 214 635 265 propriis
653 211 841 258 mulctati,
862 218 992 249 tamen
1020 221 1153 248 eorum
1172 209 1290 256 bona,
1309 222 1333 249 a
1351 210 1491 262 quibus
1509 211 1547 250 in

96 281 306 312 extremam
325 275 581 313 calamitatem
599 274 779 325 pertracti
798 272 975 316 fuissent,
995 270 1254 309 intervertisse
1270 271 1483 319 videantur,
1499 280 1549 318 et,

97 334 161 384 qui
181 335 365 373 malorum
386 336 562 373 cumulus
582 342 653 381 est,
672 348 843 372 sororem
862 333 1032 370 habeant
1057 344 1171 381 quam
1199 345 1277 369 non
1306 341 1468 382 possunt
1493 334 1548 371 fa-

31 412 39 417 ·
96 407 183 432 cere
203 396 406 444 quominus
426 396 540 433 domo
561 409 631 433 sua
651 395 876 445 suscipiant,
898 404 1104 429 numerosa
1128 391 1235 441 prole
1256 405 1424 440 gravem,
1443 393 1548 430 illos·

96 467 172 503 que
192 467 325 492 omnes
348 455 468 504 alant,
488 456 660 506 quamvis
680 469 728 492 ne
746 454 839 505 ipsis
858 453 1011 503 quidem
1036 453 1097 498 sit,
1118 452 1221 490 unde
1240 452 1311 503 ipsi
1331 453 1494 501 alantur,
1517 455 1547 492 si

101 513 210 550 bonis
233 514 311 552 suis
331 527 352 552 a
372 516 479 552 vobis
498 515 716 553 exuantur?

152 575 189 612 7.
218 575 315 625 Age,
334 588 402 624 per
419 575 515 613 deos
534 589 706 626 superos,
726 587 806 611 rem
832 574 886 612 sic
910 579 1096 623 spectate,
1116 573 1282 622 judices.
1338 573 1548 623 Fingamus

96 634 291 684 tantisper,
306 642 477 672 vestrum
498 635 665 685 aliquem
685 635 799 672 filiam
821 645 1040 670 sororemve
1059 632 1261 669 Timotheo
1282 633 1453 670 Cononis
1473 634 1550 672 filio

95 695 133 732 in
153 695 435 733 matrimonium
456 696 642 740 elocasse,
659 693 903 733 Timotheum
929 694 1027 730 inter
1046 692 1130 730 haec
1155 693 1270 730 domo
1289 694 1484 732 absentem
1512 696 1549 732 in

97 755 347 795 offensionem
374 764 540 795 vestram
565 756 785 802 incurrisse,
811 755 1010 807 publicata
1027 756 1110 806 ejus
1130 756 1233 793 bona
1249 757 1321 794 sub
1340 756 1454 795 hasta
1471 772 1550 796 vae-

95 816 213 862 niisse
232 816 372 862 omnia,
394 830 415 853 e
435 817 602 855 sectione
627 830 675 855 ne
705 823 872 867 quatuor
896 816 1051 867 quidem
1078 815 1226 854 talenta
1253 829 1338 854 esse
1367 818 1547 857 redacta:

94 877 234 916 ideone
263 890 419 927 aequum
444 884 484 915 et
511 878 685 928 personis
716 877 853 914 vestris·
877 876 1035 926 dignum
1063 876 1285 920 censeretis,
1305 888 1458 926 operam
1479 890 1550 916 vos

95 937 201 984 dare,
220 945 263 976 ut
281 938 472 976 Timothei
491 938 699 976 necessarii
726 949 878 988 quoque
904 937 1044 987 arrepti
1074 936 1428 987 pessumdarentur‚
1446 939 1551 988 quod

94 998 143 1039 de
163 999 273 1036 bonis
293 999 376 1049 ejus
397 999 512 1036 sectis
533 1012 582 1036 ne
599 999 808 1036 centesima
830 997 983 1047 quidem
1003 1010 1091 1047 pars
1112 996 1267 1034 redierit
1285 997 1367 1046 ejus
1388 1011 1549 1035 summae

94 1072 209 1108 quam
230 1059 457 1109 sperassetis
479 1059 568 1096 inde
594 1059 815 1103 redituram,
845 1057 998 1108 decepti
1017 1058 1186 1095 vanitate
1213 1058 1328 1095 famae
1348 1057 1396 1096 de
1417 1059 1551 1110 ampli-

96 1119 227 1156 tudine
246 1119 476 1156 facultatum
498 1119 687 1156 Timothei
715 1119 752 1155 in
773 1118 930 1167 vulgum
962 1117 1122 1155 diditae?
1178 1118 1304 1169 Atqui
1334 1118 1459 1156 nostis
1482 1133 1550 1158 vos

95 1192 244 1225 omnes,
269 1180 333 1230 qui
363 1180 517 1218 habitus
543 1187 698 1217 mutuus
719 1179 871 1217 Cononi
891 1191 978 1216 cum
1000 1178 1240 1229 Nicophemo
1270 1179 1549 1217 intercesserit:

95 1240 217 1276 nostis
252 1240 357 1276 illum
384 1240 665 1290 imperatorem,
691 1240 808 1283 huuc,
827 1245 962 1289 utpote
982 1246 1229 1288 quaestorem,
1255 1240 1292 1276 in
1313 1240 1422 1278 istius
1442 1247 1552 1291 pote-

95 1306 194 1336 state
210 1300 351 1342 fuisse;
383 1312 459 1348 quo
479 1301 532 1342 fit,
551 1308 593 1337 ut
615 1299 857 1350 Nicophemo
878 1311 1035 1337 necesse
1052 1306 1155 1337 esset
1173 1299 1211 1337 in
1229 1300 1398 1338 Cononis
1420 1308 1551 1338 aucto-

96 1359 206 1396 ritate
226 1372 324 1396 esse.
383 1359 698 1397 Consentaneum
719 1361 849 1410 itaque
869 1365 942 1404 est,
961 1359 1307 1397 emolumentorum
1336 1360 1437 1398 bello
1465 1374 1550 1411 par-

96 1425 219 1465 torum
240 1421 302 1456 vix
327 1420 573 1457 centesimam
600 1428 748 1469 partem
769 1433 792 1457 a
811 1421 970 1457 Conone
1002 1433 1090 1457 cum
1120 1419 1193 1457 alio
1223 1420 1402 1470 quopiam
1432 1421 1552 1458 fuisse

96 1480 431 1517 communicatam.
488 1480 605 1524 Quod
639 1481 669 1517 si
703 1493 794 1530 ergo
832 1487 933 1526 sunt,
968 1480 1033 1530 qui
1072 1479 1314 1530 Nicophemo
1350 1488 1552 1520 autument

94 1539 268 1590 ingentia
287 1541 390 1577 boua
417 1541 548 1585 fuisse,
578 1554 736 1578 necesse
770 1547 828 1578 est
857 1539 1018 1578 eosdem
1048 1540 1233 1585 confiteri,
1264 1542 1414 1579 Cononi
1433 1543 1552 1580 fuisse

97 1600 264 1651 decuplo
290 1601 487 1651 ampliora.
545 1602 754 1646 Praeterea,
784 1607 940 1638 constat
967 1601 1066 1637 inter
1093 1613 1241 1647 omnes,
1266 1601 1353 1639 illos
1386 1603 1484 1641 inter
1512 1616 1554 1640 se

96 1674 294 1710 nunquam
313 1661 559 1699 dissensisse:
588 1668 819 1712 quapropter
850 1668 1152 1699 consentaneum
1182 1668 1240 1699 est
1264 1663 1494 1708 existimare,
1516 1665 1553 1700 in

97 1722 245 1759 ratione
265 1722 443 1771 gerendae
463 1723 518 1760 rei
537 1722 732 1759 familiaris
758 1734 826 1759 eos
852 1734 1007 1771 quoque
1034 1734 1167 1759 secum
1195 1723 1440 1761 consensisse
1460 1724 1552 1762 hac-

98 1790 225 1828 tenus,
252 1788 293 1819 ut
322 1794 454 1820 eorum
479 1782 755 1832 unusquisque,
780 1795 869 1819 cum
895 1782 973 1819 filio
998 1781 1059 1819 hic
1086 1782 1300 1831 reliquisset
1327 1783 1433 1832 quod
1458 1786 1551 1822 satis

98 1849 212 1887 esset,
233 1850 312 1879 tum
333 1842 479 1892 reliqua
497 1843 568 1880 sibi
589 1841 698 1893 priva
721 1848 761 1880 et
779 1842 933 1892 propria
953 1849 1190 1879 reservaret:
1220 1849 1303 1879 erat
1331 1843 1431 1880 enim
1461 1845 1555 1882 utri-

97 1918 172 1955 que
192 1905 344 1955 gemina
362 1905 516 1950 familia,
539 1906 658 1942 altera
675 1905 737 1942 hic
757 1904 934 1950 Athenis,
949 1904 1070 1942 altera
1088 1905 1139 1942 ibi
1157 1904 1196 1942 in
1216 1904 1344 1956 Cypro
1360 1922 1370 1950 ;
1401 1907 1551 1945 Cononi

97 1965 136 2002 iu
155 1966 285 2016 Cypro
303 1978 389 2003 cum
410 1978 528 2002 uxore
551 1965 653 2002 filius
681 1973 774 2010 erat,
795 1965 1034 2016 Nicophemo
1059 1978 1147 2002 cum
1174 1977 1292 2002 uxore
1322 1966 1423 2004 filia:
1452 1968 1552 2004 arbi-

98 2027 298 2064 trabantur
316 2026 431 2072 enim,
447 2039 534 2076 quae
553 2027 654 2063 bona
669 2027 705 2062 in
723 2027 851 2076 Cypro
869 2026 1124 2076 possiderent,
1138 2038 1185 2063 ea
1203 2026 1361 2076 perinde
1382 2040 1452 2064 sua
1470 2040 1553 2066 esse

100 2093 216 2136 atque
233 2099 318 2136 quae
335 2086 412 2123 hic.
467 2087 615 2123 Adhaec
643 2087 756 2123 etiam
776 2086 849 2123 hoc
868 2086 1051 2136 cogitate,
1065 2085 1234 2136 judices.
1292 2086 1402 2125 Bona
1420 2088 1450 2125 si
1471 2089 1553 2138 quis

97 2148 195 2184 inter
222 2148 358 2184 liberos
386 2160 456 2184 sua
485 2154 680 2197 superstes
709 2147 836 2185 adhuc
857 2147 1058 2193 divideret,
1089 2159 1166 2183 non
1188 2160 1211 2184 a
1231 2160 1271 2184 se
1295 2147 1361 2185 illa
1379 2151 1554 2198 quaesita,

100 2208 168 2246 sed
187 2221 209 2245 a
229 2215 334 2257 patre
355 2207 564 2245 hereditate
591 2207 734 2253 relicta,
756 2221 833 2245 non
860 2208 891 2245 is
918 2207 1070 2245 videtur
1088 2207 1195 2245 vobis
1224 2216 1371 2259 partem
1400 2209 1551 2247 illoru'in
1606 2212 1615 2222 ⁸

99 2270 286 2306 bonorum
323 2268 426 2306 haud
464 2269 658 2306 minimam
694 2269 776 2319 ipse
813 2268 883 2306 sibi
920 2263 1189 2306 reservaturus*
1222 2268 1337 2306 esse?
1392 2269 1554 2321 Utique:

100 2330 258 2374 Quanto
279 2330 406 2378 itaque
432 2330 621 2366 bonorum
646 2331 769 2379 magis
789 2341 936 2375 eorum,
956 2343 1045 2379 quae
1064 2329 1137 2380 ipsi
1157 2336 1276 2367 marte
1296 2342 1366 2368 suo
1384 2333 1553 2382 peperis-

99 2390 215 2429 sent?
273 2390 427 2427 Malunt
461 2402 599 2440 nempe
633 2403 782 2436 omnes,
810 2392 914 2428 bona
942 2391 1012 2441 ipsi
1045 2403 1115 2428 sua
1148 2397 1339 2436 tenentes,
1360 2392 1551 2429 arbitrium

99 2464 230 2490 eorum
250 2450 594 2501 dispensandorum
615 2457 653 2487 et
670 2453 779 2501 quasi
799 2452 907 2489 frena
922 2459 1065 2497 tenere,
1082 2452 1222 2502 quibus
1240 2452 1434 2502 pietatem,
1448 2465 1556 2490 reve-

99 2513 274 2557 rentiam,
292 2512 420 2549 officia
446 2510 648 2548 liberorum
680 2513 892 2562 gubernent
922 2520 1037 2562 atque
1063 2513 1134 2550 sibi
1159 2514 1343 2551 obstricta
1371 2512 1552 2558 habeant,

102 2585 217 2622 quam
237 2584 304 2622 per
323 2572 575 2609 inconsultam
596 2578 635 2609 et
652 2572 900 2623 improvidam
921 2572 1200 2623 indulgentiam
1221 2572 1380 2622 egestati
1397 2585 1438 2609 se
1453 2585 1554 2610 com·

103 2634 263 2676 mittere,
289 2645 374 2682 quae
401 2639 517 2683 cogat
541 2633 642 2683 ipsos
671 2634 709 2670 in
736 2634 937 2671 liberorum
972 2641 1160 2684 potestate
1190 2646 1291 2678 esse,
1317 2633 1552 2683 ingratorum

103 2693 319 2731 crudelitati
353 2694 555 2732 obnoxios.
614 2694 690 2731 Sed
712 2695 828 2732 redeo
847 2695 884 2732 in
904 2694 1017 2732 viam.
1074 2695 1284 2743 Fingamus
1305 2706 1409 2744 ergo,
1430 2694 1557 2733 Timo-

104 2755 195 2799 thei,
214 2753 401 2791 offensam
426 2761 593 2792 vestram
622 2755 759 2800 meriti,
788 2756 888 2793 bona
915 2756 1036 2793 hastae
1068 2755 1320 2805 subjici—id
1351 2756 1454 2807 quod
1481 2770 1552 2807 ego

104 2814 282 2867 equidem
301 2826 413 2852 omen
433 2815 602 2854 detestor
622 2817 779 2868 fierique
806 2816 937 2862 nolim,
958 2816 1029 2853 nisi
1057 2816 1088 2853 si
1113 2815 1218 2866 quod
1248 2815 1383 2867 ingens
1410 2816 1551 2855 bonum

102 2875 191 2915 inde
206 2875 297 2925 reip.
313 2874 471 2912 exsistat
485 2897 550 2922 —,
562 2882 644 2913 tum
661 2889 680 2914 e
701 2877 816 2915 sectis
831 2875 1019 2913 Timothei
1035 2875 1145 2913 bonis
1162 2875 1285 2913 minus
1301 2875 1413 2914 etiam
1433 2876 1556 2928 redigi
