1822 3219
705 128 986 168 FUNEBRIS.
1487 126 1560 163 159

119 232 228 271 bellis
255 239 520 283 cognatorum,
548 238 714 271 attamen
740 231 965 269 arbitrantes
991 234 1151 266 mortem
1178 225 1383 276 gloriosam
1407 224 1565 263 immor-⁴

119 295 233 332 talem
267 296 431 333 virorum
465 295 616 333 fortium
647 294 788 332 famam
820 292 1045 342 relinquere,
1074 288 1127 326 nil
1156 287 1460 325 extimescebam
1490 287 1562 325 ho-

121 355 234 393 stium
255 355 551 401 multitudinem,
572 355 639 393 sed
660 348 729 392 su'a
749 354 868 404 magis
887 353 1058 390 fidebant
1075 350 1239 391 virtute;
1260 347 1406 396 sibique
1425 348 1562 397 pudori

121 415 320 461 ducentes,
347 429 370 454 a
389 415 560 453 barbaris
588 427 722 465 agrurn
743 426 853 451 suum
872 411 1090 463 persultari,
1111 422 1187 447 non
1211 413 1302 445 sunt
1321 407 1473 451 morati,
1491 407 1567 444 do-

120 488 192 513 nec
226 477 307 526 ejus
336 477 388 513 rei
415 475 517 513 fama
545 474 594 511 ad
613 475 738 512 socios
767 479 1007 523 permanaret
1033 482 1175 520 eosque
1196 468 1245 505 ad
1261 467 1564 504 succurrendum

119 536 300 580 excieret,
330 547 454 584 neque
474 548 514 571 se
535 535 693 584 dignum
713 539 896 584 putarunt
913 532 1164 575 committere,
1193 535 1237 566 ut
1255 528 1338 564 aliis
1357 540 1468 565 suam
1495 528 1563 565 de-

121 596 256 633 berent
273 595 451 639 salutem,
485 594 555 631 sed
576 607 729 644 operam
748 594 852 638 dare,
882 600 926 629 ut
944 592 1077 642 reliqui
1097 602 1230 628 omnes
1251 588 1415 625 Graeciae
1429 588 1565 639 populi

122 668 230 692 suam
246 662 430 693 assertam
450 655 521 693 sibi
540 655 737 692 deberent.
794 654 880 690 Hac
900 652 1090 690 sententia
1108 658 1191 688 rata
1210 655 1249 686 et
1267 648 1402 686 animis
1423 650 1566 698 pariter

122 715 288 752 omnium
315 715 444 759 infixa,
474 716 729 752 occurrebant
753 713 865 764 pauci
899 712 1041 757 multis,
1068 710 1329 749 existimantes
1357 709 1492 746 decere
1511 721 1566 754 se,

121 774 276 812 fatalem
294 775 392 812 diem
411 787 499 812 cum
519 775 694 811 omnibus
712 774 829 819 obire,
848 786 935 810 cum
955 772 1088 822 paucis
1107 777 1236 808 autem
1254 777 1382 821 partes
1399 769 1566 806 virorum

121 835 274 872 fortium
303 848 431 884 agere,
454 835 706 885 spiritumque
731 834 800 871 sibi
827 846 914 871 esse
941 831 1210 883 temporarium
1236 837 1274 869 et
1299 830 1407 881 quasi
1433 836 1570 867 mutuo

123 903 323 945 acceptum
362 896 591 933 necessitate
625 894 756 932 mortis
794 893 919 931 fatalis
952 891 1192 935 obstrictum,
1222 890 1446 941 praeclaram
1479 901 1570 927 vero

124 957 344 994 memoriam
365 970 386 994 e
414 957 685 994 certaminibus
716 969 739 993 a
758 968 800 993 se
820 955 934 993 obitis
954 954 1157 992 collectam
1176 953 1331 991 laudem
1350 965 1454 990 suam
1482 964 1569 990 esse

123 1018 313 1067 propriam
334 1017 384 1054 ad
403 1025 577 1068 posteros
596 1016 855 1054 transituram.
912 1017 1021 1057 Quos
1041 1014 1111 1052 soli
1129 1015 1284 1052 vincere
1302 1025 1379 1050 non
1399 1019 1570 1062 possent,

126 1076 384 1127 desperabant
407 1090 474 1115 eos
495 1090 518 1114 a
538 1091 578 1115 se
596 1076 802 1114 vincendos
833 1077 927 1120 fore,
956 1075 1104 1113 etiarnsi
1133 1074 1356 1112 accessione
1381 1073 1570 1111 sociorum

126 1137 307 1174 firmatis:
338 1137 370 1174 si
402 1138 707 1181 succumberent,
734 1136 806 1184 (ita
839 1136 1076 1183 statuebant)
1108 1147 1186 1171 non
1212 1134 1397 1171 deteriore
1423 1146 1464 1170 se
1483 1134 1571 1171 loco

126 1196 290 1243 futuros,
308 1209 422 1246 quam
439 1197 546 1239 alios,
568 1196 640 1234 hoc
660 1209 737 1233 uno
753 1195 940 1246 dispares,
958 1196 1064 1245 quod
1083 1194 1200 1245 paulo
1217 1200 1306 1230 ante
1325 1193 1420 1230 alios
1441 1201 1573 1232 essent

124 1257 360 1299 occubituri;
392 1256 450 1293 sin
483 1263 610 1294 autem
638 1257 850 1306 superiores
879 1267 902 1292 a
932 1255 1065 1305 praelio
1098 1253 1360 1300 discesserint,
1391 1266 1469 1291 non
1501 1254 1572 1291 sibi

126 1317 230 1363 solis,
261 1316 330 1354 sed
359 1317 512 1367 reliquis
544 1329 699 1367 quoque
721 1316 935 1354 libertatem
968 1321 1152 1352 assertam
1182 1328 1269 1353 esse
1298 1320 1572 1365 reportaturos.

127 1377 305 1415 Virorum
323 1377 453 1426 itaque
471 1377 624 1414 fortium
651 1383 781 1427 partes
801 1382 967 1424 tuentes,
996 1375 1297 1426 corporibusque
1320 1382 1359 1412 et
1378 1374 1574 1425 spiritibus

127 1436 180 1474 nil
199 1443 401 1488 parcentes
423 1437 630 1475 dummodo
649 1438 824 1475 virtutem
843 1436 1068 1486 proferrent,
1090 1435 1272 1486 legesque
1292 1436 1431 1486 patrias
1450 1436 1574 1486 magis

128 1503 342 1535 reverentes
367 1510 481 1547 quam
508 1496 713 1535 discrimen
732 1497 934 1535 conflictus
955 1509 1043 1534 cum
1062 1496 1234 1534 hostibus
1267 1497 1575 1541 reformidantes,

127 1564 415 1595 monumentum
451 1570 520 1607 pro
552 1559 731 1595 universa
765 1558 936 1601 Graecia,
970 1557 1072 1594 domi
1102 1569 1196 1602 suae,
1235 1557 1328 1607 ipsis
1361 1557 1401 1594 in
1425 1548 1574 1595 'finibus

127 1621 207 1671 agri
221 1621 293 1666 sui,
306 1627 525 1658 statuerunt
539 1622 784 1658 barbarorum
799 1633 822 1658 a
835 1633 875 1657 se
890 1620 1128 1657 devictorum
1143 1626 1258 1670 atque
1270 1620 1574 1670 profligatorum,

128 1696 274 1727 eorum,
301 1683 366 1733 qui
395 1682 606 1732 cupiditate
629 1683 817 1720 bonorum
848 1682 1052 1719 alienorum
1075 1681 1218 1727 allecti,
1249 1682 1394 1719 alienos
1420 1682 1458 1718 in
1477 1682 1573 1719 fines

129 1744 380 1781 invasissent:
410 1749 519 1780 tanta
544 1755 697 1793 quoque
717 1743 913 1780 celeritate
933 1742 1140 1779 discrimen
1158 1742 1233 1779 hoc
1252 1743 1512 1786 exantlarunt‚
1532 1747 1576 1778 ut

129 1803 225 1841 alios
245 1803 406 1840 Graecos
425 1802 539 1839 iidem
555 1803 684 1840 nuncii
703 1809 742 1840 et
760 1802 810 1839 de
825 1803 1074 1840 barbarorum
1099 1802 1169 1839 has
1200 1802 1236 1838 in
1261 1810 1382 1839 terras
1405 1802 1574 1839 adventu

127 1870 167 1901 et
186 1865 233 1902 de
253 1864 437 1914 majorum
465 1871 683 1901 nostrorum
709 1863 867 1901 victoria
886 1864 1064 1901 certiores
1081 1863 1266 1900 facerent.
1324 1863 1576 1906 Quo-factum

129 1931 201 1971 est,
220 1932 264 1962 ut
282 1937 392 1962 nemo
412 1925 459 1961 de
478 1925 607 1962 futuro
627 1925 801 1975 periculo
821 1923 1043 1974 trepidaret,
1065 1923 1135 1961 sed
1154 1936 1285 1961 omnes
1305 1936 1383 1973 quo
1403 1930 1576 1973 tempore

127 1986 175 2022 de
204 1985 304 2022 illius
336 1985 505 2022 adventu
537 1985 767 2030 inaudirent,
804 1985 940 2021 eodem
973 1993 1143 2034 tempore
1176 1984 1224 2020 ab
1261 1983 1362 2020 illius
1395 1985 1500 2020 metu
1533 1996 1574 2020 se

127 2058 283 2095 quoque
303 2045 481 2082 liberatos
502 2045 729 2095 gauderent.
787 2044 851 2081 Nil
871 2044 997 2094 itaque
1017 2044 1153 2080 mirum
1173 2049 1243 2088 est,
1277 2043 1360 2080 haec
1386 2049 1494 2080 tanta
1520 2043 1579 2080 fa-

127 2106 270 2151 cinora,
289 2106 443 2143 tametsi
463 2113 616 2144 vetusta
635 2107 724 2151 sint,
743 2112 872 2142 tamen
892 2105 1020 2142 adhuc
1040 2105 1153 2141 etiam
1170 2117 1288 2148 nunc,
1305 2104 1464 2155 perinde
1485 2116 1529 2141 ac
1547 2104 1578 2141 si

125 2167 387 2205 recentissima
401 2167 491 2213 sint,
509 2181 568 2205 om
576 2167 676 2204 nium
691 2167 888 2204 hominum
905 2166 1197 2203 admirationem
1212 2165 1369 2215 erigere,
1389 2164 1577 2216 praedica-

128 2228 270 2266 tionem
291 2240 480 2272 exercere,
502 2227 787 2265 aemulationem
808 2226 1033 2264 accendere.

181 2291 219 2326 8.
250 2289 397 2326 Xerxes
425 2289 515 2326 inde
541 2302 608 2326 rex
638 2288 756 2333 Asiae,
787 2288 918 2325 multis
946 2287 1132 2337 impulsus
1159 2287 1410 2337 gravibusque
1440 2285 1578 2329 causis,

127 2364 214 2389 cum
235 2350 341 2400 quod
361 2355 625 2387 contemneret
644 2349 824 2386 Graecum
843 2361 998 2393 nomen,
1016 2354 1096 2385 tum
1110 2348 1215 2397 quod
1239 2348 1319 2398 spei
1338 2347 1462 2385 falsus
1484 2347 1576 2384 fuis-

130 2418 201 2457 set,
229 2411 318 2448 item
347 2410 451 2461 quod
477 2416 650 2460 acceptae
674 2409 797 2447 cladis
823 2416 995 2447 ureretur
1024 2408 1230 2453 dedecore,
1259 2421 1333 2446 nec
1366 2422 1441 2446 non
1474 2407 1580 2459 quod

131 2472 272 2510 damna
300 2484 402 2521 aegre
431 2472 546 2509 ferret
566 2470 686 2520 iisque
707 2477 955 2508 succenseret
974 2482 996 2507 a
1014 2469 1153 2519 quibus
1174 2483 1220 2507 ea
1246 2471 1476 2520 accepisset,
1511 2468 1580 2505 de·

130 2530 243 2580 nique
261 2532 364 2581 quod
380 2531 564 2569 malorum
581 2531 707 2568 adhuc
724 2539 827 2570 esset
843 2545 975 2583 expers
989 2539 1226 2584 naturasque
1248 2535 1411 2571 virorum
1426 2534 1579 2571 fortium

131 2591 301 2629 nondum
331 2592 490 2630 haberet
522 2606 594 2630 usu
628 2605 698 2630 suo
729 2594 904 2643 cognitas
935 2602 1051 2643 atque
1082 2603 1316 2645 perspectaS‚
1350 2595 1482 2645 copias
1512 2607 1580 2645 per

132 2650 360 2689 decennium
379 2653 631 2703 conscriptas,
661 2653 756 2691 alias
777 2667 893 2704 super
911 2653 1010 2691 mille
1030 2653 1208 2692 ducentis
1229 2655 1390 2692 navibus
1410 2654 1581 2693 adduce-

131 2711 211 2756 bat,
241 2711 330 2748 alias
360 2712 555 2761 pedestres
589 2726 657 2763 per
682 2714 961 2759 continentem,
983 2721 1061 2751 tam
1089 2728 1328 2760 numerosas,
1350 2723 1391 2752 ut
1417 2715 1580 2753 arduum

135 2771 195 2815 sit,
225 2771 399 2808 nationes
430 2774 541 2823 signa
571 2773 652 2823 ejus
687 2782 766 2811 tum
802 2782 953 2812 secutas
986 2774 1047 2810 vel
1079 2771 1303 2812 nominatim
1340 2775 1580 2813 solummodo

135 2843 371 2881 percensere.
401 2831 516 2870 Juvat
535 2846 668 2880 unum,
689 2835 757 2872 sed
777 2834 1019 2885 palmarium,
1037 2833 1291 2871 multitudinis
1313 2842 1580 2885 argumentum
