1822 3219
433 129 504 166 DE
533 129 848 167 AFFECTATA
878 128 1219 168 TYRANNIDE.
1479 132 1555 169 325

30 254 44 259 κ
103 230 301 267 absumere
320 237 557 268 recusantes.
615 229 755 268 Malint
779 230 819 267 hi
838 243 958 281 remp.
977 243 1045 281 per
1062 243 1102 268 se
1121 232 1304 269 minutam
1324 238 1440 283 atque
1459 246 1553 272 con-

103 296 285 341 temptam
301 304 397 336 esse,
413 303 529 341 quam
547 304 615 342 per
633 291 727 329 alios
742 297 939 341 potentem
954 297 1068 341 atque
1083 290 1361 330 formidabilem
1377 293 1554 332 liberam-

103 363 190 401 que,
211 351 487 397 existimantes,
509 351 589 401 jam
618 351 772 401 quidem
802 364 870 402 per
895 351 1051 389 exsules
1079 364 1100 389 e
1126 351 1273 389 Piraeeo
1298 353 1459 391 reduces
1485 354 1556 392 sibi

104 411 217 449 licere
242 411 423 460 quicquid
446 411 561 448 modo
587 410 814 461 designent;
843 411 903 448 sin
929 418 1056 449 autem
1083 412 1329 462 postmodum
1358 413 1557 464 contingat

105 477 149 508 ut
167 483 234 509 vos
254 483 320 521 per
337 471 453 508 alium
473 471 690 521 quempiam
718 472 765 509 ab
792 471 865 509 hoc
892 471 991 522 jugo
1019 472 1241 518 liberemini,
1260 473 1431 510 futurum
1458 487 1556 527 esse,

105 538 149 568 ut
175 531 245 568 hos
274 530 523 581 sospitatores
551 532 685 581 patriae
711 531 786 581 ipsi
812 531 984 568 claritate
1012 538 1127 581 atque
1153 539 1294 570 terrore
1318 533 1376 570 sui
1394 534 1557 573 nominis

106 592 270 629 obruant
294 598 409 642 atque
434 592 656 638 obscurent,
676 591 875 642 multoque
901 591 989 641 plus
1014 605 1130 641 quam
1158 592 1198 629 hi
1223 592 1264 629 in
1287 605 1369 643 rep.
1388 594 1555 632 valeant.

106 652 283 702 Denique
311 652 348 688 in
377 652 479 689 idem
505 652 793 690 consentientes
820 651 870 689 ad
898 651 1074 702 idemque
1100 652 1556 700 contendentes-omnes,

105 713 275 757 obstant,
296 712 326 749 si
350 711 435 761 quis
460 712 646 750 beneficio
674 711 843 761 quodam
869 724 938 749 vos
969 724 1103 749 ornare
1128 713 1232 750 velit.
1289 713 1375 751 Hoc
1403 715 1556 764 quidem

104 771 219 820 igitur
234 771 459 820 intelligere,
477 771 509 808 si
524 771 609 821 quis
622 771 726 816 velit,
738 770 839 808 haud
856 770 907 808 sit
921 770 1103 815 arduum3
1134 784 1224 809 nam
1241 785 1289 809 ne
1309 772 1382 823 ipsi
1402 774 1557 823 quidem

106 831 144 868 in
172 831 326 869 occulto
353 844 507 869 manere
533 831 678 877 volunt,
698 831 765 869 sed
794 831 915 881 pudet
940 844 1004 868 eos
1030 831 1070 868 in
1096 845 1253 870 numero
1273 833 1459 870 malorum
1479 847 1558 872 non

106 892 254 935 haberi;
277 898 316 929 et
329 892 401 942 ipsi
418 905 486 930 vos
503 905 632 930 eorum
651 892 796 930 scelera
807 892 944 942 partim
959 904 1088 930 coram
1104 892 1258 931 cernitis
1271 893 1407 939 oculis,
1420 895 1557 945 partim

106 953 210 996 fama
227 952 400 1003 accipitis
420 953 470 991 ad
489 953 741 1003 vos-perlata.

163 1015 225 1051 11.
254 1014 338 1052 Nos
370 1020 511 1060 autem,
543 1014 697 1052 tametsi
724 1027 879 1065 aequum
904 1026 1106 1052 censemus
1132 1026 1231 1061 esse,
1249 1014 1389 1053 nullius
1408 1015 1446 1053 in
1466 1016 1557 1055 civis

108 1088 239 1121 causa,
258 1075 476 1126 quicunque
501 1083 574 1122 est,
593 1083 708 1127 pacta
726 1082 916 1115 conventa
933 1076 1108 1127 jurisque
1121 1075 1277 1126 jurandi
1294 1075 1516 1126 religionem
1534 1092 1558 1117 a

107 1136 215 1175 vobis
241 1136 384 1182 violari,
414 1144 543 1175 tamen
567 1137 814 1189 ignoscemus
840 1137 947 1176 vobis
976 1137 1042 1176 illa
1064 1144 1182 1188 pacta
1199 1137 1445 1186 violantibus,
1469 1152 1556 1179 cum

108 1199 320 1238 videbimus
338 1212 408 1237 vos
427 1212 560 1250 poenas
580 1200 730 1238 debitas
750 1200 799 1237 ab
817 1199 1036 1238 auctoribus
1059 1198 1210 1237 illorum
1237 1199 1422 1237 malorum
1448 1214 1555 1252 repe-

110 1266 246 1304 tentes,
268 1272 430 1309 quorum
447 1273 472 1298 a
487 1260 599 1298 nobis
619 1267 700 1298 tum
718 1260 966 1299 toleratorum
992 1266 1032 1298 et
1055 1252 1183 1298 adhue
1209 1271 1340 1298 sumus
1370 1274 1556 1301 memores

108 1327 147 1358 et
174 1332 371 1371 nunquam
399 1333 477 1358 non
505 1321 671 1359 erimus:
707 1321 766 1359 sin
796 1328 923 1359 autem
951 1326 1132 1359 testatum
1160 1319 1207 1358 ad
1237 1333 1367 1359 omnes
1396 1321 1557 1370 facietis,

110 1381 264 1419 easdem
292 1393 425 1430 poenas
453 1381 667 1419 insontibus
695 1382 835 1432 pariter
863 1388 977 1432 atque
1004 1382 1178 1419 sontibus
1206 1393 1230 1419 a
1252 1381 1358 1420 vobis
1386 1382 1557 1433 irrogari,

111 1455 188 1494 qua
207 1443 397 1480 sententia
413 1455 475 1480 me
495 1443 736 1492 damnabitis,
755 1443 891 1482 eadem
911 1443 1004 1483 alios
1025 1455 1177 1494 quoque
1196 1442 1245 1482 ad
1269 1442 1555 1495 desperandum

109 1503 158 1542 de
176 1515 255 1554 rep.
275 1503 450 1554 adigetis.
507 1528 510 1541 ι.
