1822 3219
261 172 338 207 284
907 171 1075 210 LYSIAE

257 279 463 325 perspectu
491 279 565 320 est,
593 274 641 312 ab
672 274 931 326 Aristophane
957 274 1047 312 hinc
1066 273 1104 312 in
1125 273 1297 324 Cyprum
1327 274 1592 324 proficiscente
1623 273 1716 313 nihil

258 348 385 386 neque
404 334 487 373 auri
508 348 630 386 neque
651 337 799 386 argenti
820 335 912 373 facti
932 335 1122 385 signative
1136 333 1311 372 relictum
1323 347 1422 372 esse.
1478 335 1612 373 AEneae
1626 348 1718 387 sup-

255 395 461 447 pellectilis
483 409 560 434 non
579 396 742 434 multum
763 397 1002 447 possidebat.
1059 394 1194 439 Quid?
1223 395 1328 446 quod
1348 395 1527 446 hospitali
1542 396 1717 434 convivio

256 470 349 496 cum
381 458 570 508 Evagorae
597 458 748 507 legatos
779 457 985 507 exciperet,
1012 456 1144 493 multis
1172 469 1267 493 usus
1296 463 1357 494 est
1383 455 1484 494 vasis
1510 457 1558 494 ab
1585 455 1717 494 amicis

257 519 487 569 corrogatis.
542 517 641 562 Quae
659 525 789 555 autem
814 517 1099 567 Aristophanes
1121 516 1287 566 reliquit,
1306 529 1352 554 ea
1375 517 1502 555 scriba
1525 516 1633 554 vobis
1659 528 1717 553 re-

254 579 404 617 citabit.
1673 586 1676 587 ’
1695 576 1698 579 ’

734 665 908 703 INDEX
939 663 1236 702 BONORUM.

311 750 349 789 6.
380 750 588 789 Nonnullis
604 758 772 789 vestrum
795 750 878 788 sine
898 749 1028 794 dubio,
1043 749 1210 801 judices,
1223 748 1307 786 haec
1329 760 1453 799 pauca
1472 753 1603 785 scruta
1617 745 1720 789 vide-

255 811 402 848 buntur
420 824 502 849 esse
519 824 528 848 τ
559 824 632 861 ego
652 824 741 849 vero
760 824 827 849 vos
846 818 1022 861 reputare
1042 811 1154 849 velim
1177 809 1442 862 [Nicophemo
1461 808 1631 860 quidem,
1651 814 1719 845 aut

253 870 386 916 etiam,
409 871 442 909 si
463 872 660 921 mavultis]
681 871 944 922 Aristophani,
974 878 1061 908 ante
1092 870 1288 909 victoriam
1322 883 1464 920 pugnae
1488 869 1650 914 navalis,
1678 868 1717 905 in

254 931 385 969 fundis
406 932 499 970 nihil
520 932 639 970 fuisse
659 940 797 983 praeter
823 944 941 968 unum
969 943 1129 981 parvum
1163 943 1226 967 rus
1258 930 1521 968 Rhamnunte.
1579 927 1721 966 Evenit

254 998 387 1030 autem
404 993 471 1031 illa
488 1006 620 1043 pugna
648 993 796 1030 navalis
826 991 1010 1029 archonte
1039 991 1206 1028 Eubulo.
1264 990 1339 1028 Per
1357 990 1486 1040 itaque
1506 997 1567 1028 est
1585 990 1717 1027 incon-

255 1061 483 1091 sentaneum
502 1054 735 1098 existimare,
755 1052 914 1090 multam
936 1051 1215 1102 supellectilem
1246 1064 1408 1100 eamque
1431 1052 1638 1101 pretiosam
1668 1053 1717 1090 ab

254 1126 301 1151 eo
323 1113 383 1151 hic
403 1113 522 1151 fuisse
543 1114 730 1158 relictam,
752 1113 816 1162 qui
836 1113 883 1149 ab
902 1111 969 1148 illo
990 1111 1079 1149 inde
1101 1111 1284 1148 archonte
1306 1111 1405 1147 intra
1425 1110 1715 1160 quadriennium

255 1181 323 1212 aut
351 1174 671 1225 quinquennium,
701 1182 781 1212 tam
815 1173 982 1224 grandes
1012 1180 1192 1223 sumptus
1225 1172 1382 1209 fecisset
1411 1185 1430 1209 e
1462 1185 1500 1209 re
1529 1172 1718 1218 familiari,

254 1249 343 1287 quae
360 1237 395 1274 ci
416 1244 505 1274 ante
525 1236 563 1274 id
583 1243 737 1287 tempus
757 1235 867 1272 nulla
894 1234 1057 1271 fuisset:
1088 1234 1147 1271 bis
1175 1234 1274 1271 enim
1302 1232 1458 1281 choregi
1485 1240 1612 1283 partes
1638 1234 1720 1284 egit

253 1297 544 1348 Aristophanes,
565 1310 636 1335 suo
656 1296 808 1334 nomine
830 1295 950 1334 semel
969 1303 1008 1332 et
1026 1296 1164 1332 iterum
1188 1294 1320 1345 patriS,
1340 1293 1506 1331 triennio
1531 1294 1717 1332 continuo

252 1360 396 1397 triremi
426 1359 593 1410 praefuit,
626 1358 933 1397 contributiones
969 1357 1110 1394 multas
1139 1356 1379 1406 pecuniarias
1415 1357 1505 1406 reip.
1540 1356 1716 1401 contulit,

252 1420 412 1459 domum
431 1420 713 1471 quinquaginta
741 1418 853 1456 minis
880 1419 985 1463 emit,
1007 1418 1089 1468 agri
1118 1417 1207 1468 plus
1234 1429 1351 1467 quam
1372 1423 1545 1454 trecenta
1562 1417 1716 1467 jugera.

254 1482 375 1532 Atqui
397 1483 508 1520 avitis
538 1482 603 1532 qui
634 1481 824 1532 pollentes
843 1480 985 1517 divitiis
1005 1479 1211 1524 habentur,
1232 1491 1392 1532 necesse
1412 1479 1444 1516 si
1465 1479 1632 1516 habeant
1651 1492 1717 1517 su·

253 1543 485 1594 pellectilem
519 1555 628 1580 suam
661 1543 699 1580 in
729 1541 926 1592 publicum
956 1540 1103 1586 efferre,
1131 1553 1246 1591 quam
1266 1553 1411 1585 vereor,
1434 1553 1483 1578 ne
1509 1540 1717 1579 admodum

255 1604 333 1642 sint
365 1617 499 1655 parum
519 1604 686 1642 habituri
718 1604 823 1654 quod
852 1604 1062 1654 proferant,
1083 1602 1446 1640 commemoratione
1474 1603 1626 1652 quidem
1659 1603 1717 1641 di·

255 1678 401 1715 gnum:
431 1678 700 1715 saepenumero
719 1664 820 1702 enim
840 1677 888 1701 ne
911 1672 1003 1701 sunt
1031 1663 1185 1712 quidem
1205 1663 1357 1700 venalia
1377 1663 1592 1700 istiusmodi
1613 1676 1718 1710 vasa,

254 1726 405 1765 etiamsi
424 1735 465 1763 tu
488 1727 546 1763 vel
567 1726 732 1764 maxime
759 1738 886 1762 emere
912 1724 1059 1775 cupiaS,
1087 1736 1248 1773 quorum
1279 1724 1468 1774 adspectu
1501 1737 1620 1762 usuve
1651 1731 1720 1762 aut

253 1789 515 1826 ostentatione
547 1788 797 1838 imposterum
832 1793 913 1823 tota
939 1785 1088 1835 reliqua
1119 1792 1187 1822 tua
1212 1786 1292 1822 vita
1315 1784 1522 1822 delectere.
1577 1785 1719 1823 Videte

255 1848 330 1887 hoc
349 1848 471 1886 aliud,
527 1849 859 1898 Quorumcunque
879 1846 1039 1884 aliorum
1060 1847 1164 1883 bona
1178 1845 1470 1896 proscripsistiS,
1488 1859 1619 1883 eorum
1639 1859 1717 1884 non

257 1910 372 1948 modo
391 1910 567 1960 supellex
589 1911 659 1947 sub
680 1909 793 1946 hasta
807 1908 950 1954 vaeniit,
968 1908 1036 1945 sed
1053 1908 1145 1958 ipsae
1165 1907 1264 1945 adeo
1282 1919 1438 1957 quoque
1457 1907 1557 1944 fores
1577 1906 1717 1945 aedium

256 1972 476 2011 cardinibus
506 1972 675 2010 evulsae:
707 1983 777 2009 nos
807 1977 950 2015 autem,
969 1969 1176 2020 publicatis
1202 1968 1284 2019 jam
1307 1967 1574 2018 Aristophanis
1594 1969 1719 2013 bonis,

257 2046 347 2071 cum
381 2045 488 2071 soror
512 2033 594 2084 jam
622 2033 742 2070 domo·
766 2032 1007 2082 emigrasset,
1030 2030 1215 2068 custodes
1236 2030 1288 2066 illi
1309 2030 1438 2067 domui
1459 2031 1723 2080 apposuimus,

256 2108 334 2145 quo
369 2107 497 2145 neque
531 2095 635 2132 fores
673 2093 926 2131 avellerentur
946 2105 1088 2142 *neque
1122 2105 1217 2129 vasa
1247 2104 1368 2141 neque
1402 2104 1528 2128 rerum
1559 2092 1719 2129 aliarum

257 2156 461 2206 quicquain
483 2155 622 2206 periret
650 2167 697 2192 ex
725 2154 791 2192 illa
816 2154 932 2191 domo
960 2161 1214 2204 exportatum,
1235 2166 1323 2203 quae
1346 2153 1434 2203 jure
1459 2153 1605 2203 optimo
1633 2166 1720 2191 mea

256 2225 329 2255 est.
386 2217 600 2254 Confectus
627 2224 686 2253 est
712 2218 749 2253 in
775 2216 1006 2265 tabulasque
1037 2214 1215 2265 publicas
1242 2214 1386 2250 relatus
1412 2214 1526 2251 index
1547 2214 1720 2263 pecuniae

256 2278 424 2316 redactae
451 2291 472 2315 e
498 2277 750 2328 supellectilis
778 2278 826 2314 ab
851 2277 1112 2327 Aristophane
1146 2276 1289 2312 relictae
1317 2275 1502 2320 sectione,
1533 2288 1621 2324 quae
1652 2289 1720 2326 pe-

256 2339 372 2377 cunia
397 2339 500 2376 mille
526 2339 795 2376 drachmarum
815 2338 970 2375 excedit
991 2349 1197 2380 summam,
1219 2343 1404 2385 quantam
1424 2336 1511 2373 aeris
1531 2349 1719 2374 summam

257 2415 280 2440 e
313 2401 457 2438 nullius
492 2400 589 2438 alius
622 2400 761 2438 domus
795 2400 1017 2450 proscriptae
1058 2399 1230 2436 sectione
1264 2398 1514 2448 supellectilis
1549 2411 1719 2448 unqua-m

255 2462 473 2513 redegistis
529 2461 656 2506 Adde,
675 2461 777 2511 quod
804 2469 842 2498 et
869 2460 1014 2497 dudum
1049 2459 1246 2496 advocatis
1280 2459 1376 2496 fisci.
1395 2458 1661 2505 detulerimus,
1680 2467 1720 2499 et

255 2536 358 2561 nunc
376 2521 497 2567 vobis,
517 2521 687 2571 judices,
715 2520 935 2558 deferamus
964 2519 1212 2570 sponsionem
1237 2518 1503 2567 jurisjurandi,
1525 2531 1641 2568 quam
1667 2521 1717 2558 ab

258 2583 477 2622 hominibus
503 2581 605 2631 exigi
627 2581 779 2631 dicique
799 2588 930 2631 potest
946 2580 1190 2626 sanctissimi,
1211 2592 1300 2630 quo,
1320 2579 1546 2617 facultatum
1569 2580 1720 2619 Aristo-

259 2644 399 2697 phanis
427 2655 544 2695 penes
570 2654 640 2680 nos
661 2641 755 2678 nihil
785 2652 886 2687 esse,
907 2643 1200 2684 confirmemus;
1232 2641 1314 2677 haec
1333 2640 1433 2677 enim
1455 2640 1609 2685 domus,
1630 2654 1720 2692 quae

259 2705 455 2756 quondam
474 2702 742 2754 Aristophanis
762 2702 848 2747 fuit,
876 2715 979 2740 nunc
999 2711 1129 2740 nostra
1149 2708 1221 2747 est,
1239 2701 1521 2751 quinquaginta
1539 2702 1652 2740 minis
1669 2704 1720 2742 ab

260 2779 306 2804 eo
326 2772 478 2815 empta:
510 2764 622 2802 nobis
647 2769 774 2802 autem
801 2762 965 2800 debetur
985 2764 1033 2801 ab
1052 2762 1314 2812 Aristophane
1344 2761 1413 2799 dos
1445 2763 1583 2800 sororis
1609 2775 1720 2810 meae,

261 2826 521 2878 quadraginta
541 2826 680 2868 minae;
710 2831 897 2876 praeterea
930 2823 1118 2861 debentur
1149 2829 1298 2873 septem
1329 2823 1427 2868 aliae,
1447 2836 1545 2873 quas
1571 2824 1721 2862 Aristo-

261 2888 409 2940 phanes
425 2887 513 2924 hinc
529 2887 566 2924 in
584 2887 756 2937 Cyprum
772 2884 1021 2936 proficiscens
1041 2898 1063 2922 a
1077 2892 1185 2935 patre
1198 2896 1284 2921 meo
1300 2891 1433 2921 mutuo
1449 2884 1612 2935 sumpsit
1627 2886 1722 2936 [una

261 2960 348 2987 curn
366 2946 545 2994 foenore}
604 2947 678 2990 Qui
694 2946 773 2996 jam
793 2953 958 2996 possunt
974 2944 1150 2984 homines
1170 2957 1255 2982 esse
1276 2944 1338 2983 alii
1357 2944 1584 2991 miseriores,
1604 2957 1722 2995 quam
