1822 3219
235 170 310 205 282
632 177 634 179 “
669 178 672 181 ’
853 207 856 210 ⁴
881 168 1050 209 LYSAEAE

237 274 320 307 atur
328 269 385 314 is,
401 267 467 318 qui
486 274 525 306 et
544 267 626 318 ipse
641 267 854 306 indotatam
869 268 1027 306 domum
1043 267 1210 311 duxerit,
1225 276 1263 306 et
1279 280 1346 318 par
1362 267 1535 305 filiarum
1540 267 1696 306 elocans

235 330 435 380 ingentem
455 329 597 379 cuique
616 328 747 366 dotem
767 328 975 374 addiderit,
996 336 1035 366 et
1055 341 1117 365 me
1137 328 1202 378 qui
1222 327 1323 366 filius
1344 328 1424 379 ejus
1451 341 1579 366 essem
1607 328 1697 366 hor

239 397 342 428 tatus
363 390 415 428 sit
434 396 478 427 ut
498 390 639 440 exigua
657 389 696 427 in
717 390 808 427 dote
830 389 1139 439 acquiescerem.
1128 388 1143 415 7

293 454 331 489 4.
361 451 520 490 Accedo
534 464 639 488 nunc
654 450 704 488 ad
721 451 837 488 aliurn
853 450 967 501 hujus
983 461 1113 488 causae
1129 450 1270 494 locum,
1283 461 1361 498 quo
1376 448 1533 499 planum
1549 448 1701 493 faciam,

241 514 288 551 ab
319 512 456 551 horum
487 525 652 557 reorum,
681 512 910 563 Nicophemi
939 518 1054 562 atque
1080 511 1361 561 Aristophanis,
1386 524 1505 549 causa
1531 517 1701 548 nostram

242 587 328 614 esse
356 587 510 626 prorsus
540 574 791 625 disjunctam,
812 573 984 624 adeoque
1010 586 1083 611 nos
1109 585 1155 611 eo
1181 572 1284 616 laedi,
1312 571 1416 623 quod
1441 572 1545 609 bona
1571 578 1704 609 nostra

240 635 350 674 bonis
376 634 529 673 illorum
560 634 774 673 immixtum
802 647 957 684 unaque
986 647 1075 672 cum
1102 633 1174 671 illis
1202 633 1461 685 proscriptum
1484 638 1606 677 eatur,
1625 643 1704 682 quo

243 698 377 736 aerario
407 697 581 736 satisfiat.
651 696 931 747 Aristophanes
962 696 1078 741 enim,
1113 695 1215 733 domi
1241 696 1323 746 jam
1356 695 1502 733 habens
1535 706 1704 732 sororem

242 772 383 804 meam,
399 758 528 796 multis
549 758 631 796 aliis
650 758 778 809 potius
800 757 932 796 amicis
949 770 1066 807 quam
1083 763 1193 807 patre
1212 769 1298 793 meo
1317 756 1515 794 utebatur:
1545 754 1585 792 id
1601 752 1707 804 quod

246 820 388 858 nemini
414 819 550 856 mirum
572 819 777 863 videbitur,
797 818 1003 856 discrimen
1032 818 1217 868 cogitanti
1246 816 1349 867 quod
1377 817 1547 867 ipsorum
1571 822 1709 853 aetaoes

246 879 515 931 disjungebat;
543 886 583 917 et
604 877 724 916 multo
745 878 861 921 etiam
882 879 1005 929 majus
1022 878 1226 915 discrimen
1240 890 1386 916 morum
1399 884 1437 914 et
1453 877 1708 927 ingeniorum,

241 942 388 992 quibus
420 940 475 977 illi
504 939 600 978 inter
628 952 667 977 se
697 951 813 989 quam
844 939 1050 989 plurimum
1077 938 1288 976 distabant.
1347 938 1462 976 Pater
1491 937 1711 975 insueverat

247 1014 373 1040 rerum
409 1013 565 1038 suarum
597 1007 797 1050 satagere:
838 999 1115 1049 Aristophanes
1143 1005 1289 1042 autem,
1314 1011 1390 1035 non
1419 1010 1509 1035 suas
1542 997 1710 1048 priv-atas

249 1061 373 1111 magis
394 1074 509 1111 quam
537 1060 669 1098 civiles
695 1061 849 1098 amabat
879 1071 1018 1110 agere;
1040 1060 1130 1097 aeris
1151 1059 1182 1096 si
1206 1058 1299 1108 quid
1327 1064 1443 1102 esset,
1463 1057 1502 1095 id
1514 1058 1561 1095 *in
1580 1056 1712 1109 glorie

244 1121 443 1173 quaestum
463 1121 701 1160 conferebat.
759 1121 862 1158 Vera
880 1120 964 1158 haec
985 1134 1042 1159 me
1059 1121 1200 1167 dicere,
1214 1133 1234 1158 e
1251 1119 1365 1157 factis
1379 1120 1461 1170 ejus
1476 1113 1712 1168 intelligetis.

253 1183 423 1221 Primum
444 1183 546 1220 enim
567 1182 732 1229 Cononi,
752 1181 790 1219 in
811 1181 981 1219 Siciliam
1009 1182 1176 1231 aliquem
1197 1180 1364 1232 allegare
1384 1180 1543 1224 volenti,
1564 1179 1715 1218 Aristu-

246 1245 398 1295 sphanes
419 1243 521 1280 ultro
542 1256 583 1280 se
603 1242 791 1279 offerebat
810 1250 924 1292 atque
945 1242 1260 1292 proficiscebatur
1277 1254 1363 1279 cum
1386 1240 1562 1278 Eunomo
1581 1240 1716 1291 Lysia*

251 1318 341 1356 que,
360 1317 436 1354 quo
458 1303 578 1355 Lysia
606 1303 729 1341 amico
756 1304 937 1341 utebatur
956 1310 995 1340 et
1015 1302 1179 1353 hospite,
1197 1303 1278 1340 viro
1298 1302 1455 1352 egregio
1474 1302 1539 1352 qui
1558 1301 1662 1339 bona
1676 1308 1719 1339 et

252 1372 482 1404 ornamenta
501 1370 667 1402 vestram
686 1364 723 1400 in
741 1364 896 1414 plebem
915 1363 1082 1401 contulit
1099 1376 1214 1413 quam
1233 1363 1410 1413 plurima,
1430 1364 1542 1412 cujus
1568 1362 1621 1400 re'i
1650 1374 1717 1399 au-

254 1433 380 1464 ctores
410 1425 502 1463 mihi
529 1426 686 1463 suerunt
706 1424 959 1462 Piraeensium
984 1424 1038 1461 illi
1056 1424 1122 1474 qui
1142 1425 1254 1461 rebus
1273 1424 1309 1460 in
1331 1423 1477 1461 Piraeeo
1495 1430 1576 1460 tum
1603 1423 1720 1473 gestis

253 1487 524 1526 interfuerunt.
580 1486 787 1536 Legationi
807 1485 895 1523 huic
915 1498 982 1536 per
1002 1498 1106 1523 mare
1125 1485 1314 1523 obeundae
1331 1485 1527 1535 proposita
1539 1484 1625 1522 haec
1639 1491 1722 1523 erat

251 1555 372 1603 meta,
391 1554 435 1585 ut
455 1547 630 1586 studeret
649 1547 880 1598 Dionysium
902 1547 1181 1597 Syracusarum
1200 1552 1406 1597 tyrannum
1424 1546 1473 1583 ad
1489 1545 1721 1584 contrahen-

256 1610 346 1648 dam
362 1622 450 1648 curn
465 1609 642 1659 Evagora
658 1608 885 1646 affinitatem
905 1607 1112 1652 adducere,
1128 1613 1244 1657 atque
1263 1620 1488 1658 permovere
1507 1614 1553 1644 ut-
1568 1607 1721 1656 hostetin

254 1670 579 1717 Lacedaemoniis,
599 1676 735 1707 vestrae
762 1675 892 1706 autem
919 1667 1084 1706 civitatis
1112 1668 1275 1705 amicum
1297 1674 1336 1705 et
1357 1668 1395 1705 in
1421 1668 1534 1706 bellis
1561 1668 1723 1714 socium,

253 1745 298 1772 se
326 1733 454 1784 ferret.
513 1732 614 1772 Quae
646 1742 879 1780 quamquam
914 1729 1034 1779 legati
1064 1728 1193 1779 adepti
1223 1741 1301 1766 non
1330 1735 1436 1773 sun-t,
1465 1742 1540 1767 non
1569 1741 1724 1780 prorsus

259 1792 383 1830 caruit
402 1798 532 1830 tamen
553 1792 637 1829 haee
658 1790 801 1840 legatio
828 1802 1010 1841 prospero
1035 1797 1197 1827 eventu:
1228 1789 1343 1839 legati
1372 1790 1486 1835 enim,
1505 1790 1634 1827 multis
1656 1803 1723 1829 su·-

256 1853 404 1905 peratis
424 1853 604 1904 periculis
624 1859 663 1889 et
682 1864 706 1888 a
725 1851 870 1890 saevitie
893 1851 1007 1888 maris
1028 1859 1067 1888 et
1087 1853 1135 1888 ab
1154 1851 1322 1888 hostium
1341 1851 1489 1890 insidi-is
1509 1852 1666 1896 oblatis,
1685 1852 1725 1889 ἐτι

262 1914 431 1952 Siciliam
459 1913 595 1965 perlati
617 1912 808 1963 Dionysio
839 1912 1138 1962 persuadebant,
1159 1920 1215 1958 ut,
1235 1925 1351 1962 quam
1377 1920 1458 1951 tum
1477 1915 1728 1964 comparabat

258 1977 424 2022 >classem
444 1974 756 2014 Lacedaemoniis
776 1974 922 2012 auxilio
942 1973 1183 2018 mittendam,
1204 1986 1291 2012 eam
1311 1986 1360 2012 ne
1382 1975 1563 2012 mitteret.
1618 1975 1727 2012 Tem-

259 2050 353 2088 ‚pore
382 2029 483 2088 post,
506 2036 624 2086 legati
649 2049 671 2073 e
691 2035 824 2086 Cypro
852 2047 941 2073 cum
966 2034 1043 2072 huc
1063 2034 1259 2073 venissent
1280 2034 1409 2073 auxilii
1436 2034 1592 2085 petendi
1618 2046 1726 2085 ergo,

266 2098 359 2135 nihil
381 2096 662 2148 Aristophanes
689 2096 740 2135 ad
769 2095 1053 2134 contentionem
1079 2095 1152 2134 sibi
1181 2095 1274 2134 fecit
1298 2096 1488 2146 reliquum
1521 2102 1564 2133 ut
1581 2109 1651 2134 vos
1679 2096 1729 2134 ad

266 2159 527 2210 praestandum
547 2157 641 2195 illud
664 2157 847 2196 auxilium
868 2157 1041 2195 oratione
1069 2156 1292 2195 adduceret.
1349 2156 1521 2195 Adducti
1537 2169 1622 2201 voS,
1640 2166 1730 2194 eum

266 2221 439 2258 triremes
459 2218 686 2264 indulsistis,
707 2224 789 2255 tum
809 2219 957 2267 reliqua
975 2230 1129 2267 quoque
1154 2217 1377 2255 decrevistis
1391 2230 1483 2267 quae
1502 2217 1615 2255 simili
1632 2224 1730 2254 tem-

262 2293 361 2331 pore
389 2280 554 2329 locoque
583 2278 738 2316 decerni
767 2285 806 2315 et
835 2278 948 2314 tribui
975 2289 1059 2314 mos
1088 2283 1170 2314 est:
1200 2290 1331 2314 verum
1348 2277 1516 2327 pecunia
1531 2278 1731 2323 carebant,

268 2340 372 2378 unde
402 2339 537 2377 classis
567 2338 834 2375 instrueretur.
893 2337 994 2374 Nam
1014 2343 1053 2374 et
1072 2348 1205 2387 parum
1224 2337 1393 2376 viaticati
1419 2337 1656 2376 advenerant
1673 2338 1735 2377 sini

270 2401 389 2455 legati
403 2399 550 2451 Cyprii,
566 2406 605 2436 et
620 2398 749 2436 multis
767 2397 1014 2448 indigebant:
1048 2410 1125 2435 non
1139 2399 1240 2435 enim
1256 2398 1501 2440 solummodo
1515 2399 1734 2438 classiarios

272 2463 428 2506 milit-es,
454 2460 524 2498 sed
552 2460 737 2511 peltastas
769 2471 922 2508 quoque
951 2458 1247 2502 conduxerant;
1275 2472 1382 2497 arma
1405 2460 1521 2497 etiam
1547 2467 1733 2498 emerant.

274 2521 558 2576 suppeditabat
576 2521 731 2572 quidem
747 2520 1028 2570 Aristophanes
1043 2519 1092 2557 de
1107 2533 1177 2558 suo
1192 2521 1443 2570 pecuniarum
1458 2527 1602 2570 partem
1618 2520 1736 2572 long-e

274 2585 502 2626 maximam3
545 2582 638 2632 quia
664 2593 756 2618 vero
786 2580 991 2618 facultates
1025 2581 1145 2631 ipsius
1176 2582 1335 2631 propriae
1366 2594 1445 2619 non
1479 2581 1736 2628 sufficiebant.

276 2647 418 2686 amicos
448 2644 497 2683 ad
526 2650 666 2697 mutuo>
685 2641 924 2689 credendum
953 2641 1191 2688 hortabatur,
1210 2643 1289 2692 ipse
1315 2655 1545 2693 sponsorem
1574 2643 1624 2681 de
1648 2643 1736 2682 red-

277 2708 404 2746 dendo
433 2719 476 2744 se
503 2705 647 2749 ferens,
666 2710 706 2741 et
728 2701 990 2753 quadraginta
1017 2703 1140 2743 minas
1164 2716 1287 2753 ‚penes
1316 2716 1358 2740 se
1387 2702 1600 2753 depositas,
1619 2704 1737 2742 fratre

278 2769 435 2806 conscio
447 2777 489 2805 et
502 2764 771 2811 consentiente
780 2763 933 2813 (fratris
944 2764 1049 2801 enim
1062 2764 1138 2801 illae
1153 2764 1265 2802 minse
1281 2769 1403 2809 erant,
1419 2765 1467 2801 ab
1479 2764 1615 2802 eodem
1623 2770 1739 2815 *patre

273 2828 509 2880 procreati),
541 2827 771 2864 insumebat.
829 2823 956 2863 Pridie
985 2830 1115 2862 autem
1149 2825 1232 2874 ejus
1262 2824 1338 2862 diei
1366 2837 1442 2875 quo
1470 2824 1604 2863 elassis
1625 2825 1694 2864 iulia
1716 2837 1739 2864 e

271 2878 395 2947 Aportu
425 2897 558 2926 nostro
587 2887 714 2932 solvit,
735 2886 893 2923 domum
922 2892 1094 2929 nostram
1114 2884 1233 2929 venit,
1255 2891 1402 2935 patrem
1422 2898 1577 2936 rogans,
1595 2893 1638 2924 ut
1655 2882 1741 2931 zib'i,

282 2957 425 3002 paratae
446 2948 628 2999 quicquid
649 2955 748 2985 esset
767 2945 957 2997 pecuniae,
972 2946 1012 2984 id
1020 2952 1160 2983 mutuo
1180 2945 1367 2992 crederet,
1382 2946 1430 2983 ad
1451 2946 1741 2996 persolvendam
