1822 3219
253 134 332 171 240
926 139 1100 177 LYSIAE

255 238 471 288 Agoratum
490 239 674 289 majorem
692 239 731 277 in
751 240 910 278 modum
930 242 1121 292 rogabant
1136 247 1254 292 atque
1270 243 1538 291 obsecrabant,
1554 253 1609 293 ut,
1623 246 1730 297 quic-

254 298 350 348 quid
373 299 527 338 tandem
546 308 650 339 esset
671 309 913 347 eventurum,
940 303 1042 340 omni
1073 303 1188 341 modo
1208 304 1372 343 Athenis
1391 305 1592 345 festinaret
1610 320 1725 346 exce-

254 359 361 406 dere,
383 361 531 412 ipsique
562 375 603 400 se
631 363 736 414 fugae
765 364 928 401 comites
955 363 1180 410 offerebant,
1201 364 1327 403 donec
1358 379 1459 418 resp.
1480 367 1530 405 ad
1561 368 1725 418 priorem

254 428 398 460 statum
430 423 619 468 redisset;
649 425 763 462 simul
795 425 1129 472 demonstrabant,
1160 426 1198 463 in
1232 435 1410 466 senatum
1444 428 1475 467 si
1507 428 1726 474 inducatur,

253 484 464 522 verendum
491 498 591 531 esse,
613 500 660 524 ne
681 486 837 525 nomina
857 495 1018 538 cogatur
1044 501 1175 526 eorum
1203 489 1317 527 edere
1349 490 1504 536 civium,
1522 504 1620 541 quos
1647 504 1729 530 sce·

251 546 348 583 erati
389 545 582 594 homines,
609 556 754 599 pestem
785 549 881 600 reip.
910 550 1193 596 machinantes,
1223 551 1296 602 ipsi
1328 559 1462 589 essent
1495 552 1718 604 subjecturi.

260 607 358 646 Haec
379 610 625 647 monentibus
659 609 734 648 illis
765 618 882 661 atque
913 613 1221 659 obsecrantibus,
1242 624 1280 651 et
1300 614 1433 651 lintres
1458 613 1540 665 jam
1570 622 1726 665 paratos

256 670 505 717 habentibus,
526 672 708 723 ipsosque
730 686 815 711 sese
835 674 996 712 comites
1027 674 1170 712 itineris
1194 674 1457 720 offerentibus,
1477 676 1639 726 obsequi
1668 684 1726 714 ta-

257 745 345 772 men
368 734 428 772 hic
449 735 649 785 Agoratus
667 736 871 774 recusavit.
929 737 1059 786 Atqui,
1073 737 1256 787 Agorate‚
1273 738 1304 775 si
1321 738 1400 783 tibi,
1416 737 1453 775 id
1469 737 1573 787 quod
1586 738 1727 787 jactas,

255 808 345 833 cum
379 796 552 846 tyrannis
573 796 794 834 condictum
816 806 930 848 atque
951 807 1215 848 comparatum
1236 799 1329 836 nihil
1356 799 1441 844 fuit,
1468 808 1673 850 certusque
1694 799 1725 836 si

251 870 330 896 non
366 871 451 896 eras
485 871 508 896 a
542 859 713 909 tyrannis
740 859 833 896 nihil
864 860 914 897 ad
947 868 983 898 te
1015 860 1104 897 mali
1133 874 1219 899 esse
1252 869 1539 910 proventurum,
1559 875 1627 899 cur
1647 875 1723 900 non

245 918 488 970 auffugiebas
506 920 543 957 in
564 920 742 958 lintribus
757 921 839 972 jam
855 922 998 973 paratis
1016 923 1222 968 stantibus,
1239 925 1487 973 sponsoribus
1501 924 1577 961 tuis
1594 931 1723 961 tecum

249 982 447 1034 auffugere
478 983 651 1034 paratis?
708 984 849 1022 Adhuc
869 985 968 1022 enim
990 985 1026 1022 id
1050 985 1086 1022 in
1107 992 1299 1035 potestate
1327 993 1394 1022 tua
1417 993 1524 1023 erat:
1557 994 1718 1024 senatus

246 1045 303 1083 tui
322 1058 482 1096 compos
503 1045 674 1083 nondum
696 1053 791 1084 erat.
848 1047 907 1083 Tu
933 1047 1021 1097 plus
1049 1046 1327 1097 periclitabaris
1358 1047 1423 1085 hic
1449 1047 1656 1093 manendo,
1676 1057 1715 1086 et

247 1108 373 1146 minus
394 1108 601 1146 amittebas
620 1107 708 1146 hinc
728 1107 980 1154 discedendo,
998 1121 1116 1160 quam
1136 1108 1208 1146 illi:
1241 1116 1477 1160 quapropter
1496 1108 1719 1160 faciliorque

247 1169 354 1207 factu
374 1170 576 1220 magisque
597 1170 819 1208 necessaria
833 1170 898 1207 tibi
915 1170 1004 1209 hinc
1019 1178 1103 1208 erat
1117 1171 1331 1221 emigratio,
1347 1183 1465 1221 quam
1478 1170 1564 1208 illis.
1604 1171 1723 1208 Athe-

248 1232 403 1270 nienses
423 1232 478 1270 illi
497 1240 590 1270 natu
611 1240 734 1278 erant,
761 1232 864 1270 cives
887 1233 1069 1283 ingenui;
1101 1241 1339 1285 quapropter
1359 1232 1432 1271 illis
1451 1232 1543 1270 nihil
1566 1242 1648 1272 erat
1667 1233 1719 1271 de

248 1294 448 1332 tormentis
478 1294 585 1344 quod
614 1301 855 1333 metuerent:
884 1295 1026 1332 deinde
1049 1296 1314 1346 gravissimam
1337 1296 1542 1346 oportebat
1561 1308 1720 1333 causam

248 1369 348 1403 esse,
372 1369 440 1394 cur
459 1357 513 1393 illi
533 1369 573 1394 se
594 1357 661 1395 tibi
682 1356 825 1395 vellent
844 1357 1101 1408 navigationis
1127 1357 1289 1395 comites
1318 1357 1545 1409 adjungere,
1565 1358 1629 1407 qui
1651 1371 1719 1408 pa-

245 1418 355 1456 triam
377 1431 486 1456 suam
506 1419 544 1455 in
563 1431 686 1469 eaque
711 1418 911 1456 carissima
941 1418 1105 1469 pignora
1125 1418 1341 1468 relinquere
1360 1418 1456 1455 nulli
1475 1418 1718 1472 dubitarent:

244 1480 520 1519 existimabant
541 1494 694 1532 nempe,
715 1481 754 1519 id
782 1480 860 1518 fieri
895 1481 1018 1531 magis
1051 1493 1072 1517 e
1102 1493 1141 1517 re
1174 1493 1322 1530 suaque
1354 1480 1588 1530 publicaque
1621 1492 1720 1526 esse,

244 1556 361 1595 quam
389 1544 458 1581 abs
492 1550 530 1581 te
563 1543 740 1594 proditos
768 1543 871 1581 cives
906 1555 1143 1592 numeroque
1175 1542 1316 1580 multos
1338 1550 1376 1580 et
1396 1542 1598 1580 virtutibus
1619 1555 1719 1593 prae-

246 1610 397 1643 stantes
417 1604 618 1642 immeritae
639 1605 723 1642 neci
745 1603 842 1642 dari.
900 1603 987 1641 Tibi
1009 1610 1139 1641 autem
1169 1604 1334 1654 primum
1364 1603 1438 1641 hoc
1467 1603 1719 1642 metuendum

244 1676 326 1706 erat
342 1666 372 1704 si
387 1679 577 1712 maneres,
590 1680 638 1703 ne
654 1665 855 1704 tormentis
869 1665 1120 1716 subjicerere:
1150 1664 1291 1703 deinde
1306 1664 1355 1701 nil
1372 1665 1576 1703 amittebas
1593 1664 1719 1703 auffu-

245 1729 384 1780 giens3
416 1741 492 1766 non
522 1728 701 1779 patriam,
733 1741 822 1779 quae
857 1727 923 1765 tibi
952 1727 1059 1764 nulla
1088 1739 1258 1777 unquam
1293 1726 1392 1769 fuit;
1423 1739 1501 1763 non
1529 1726 1716 1773 fortunas,

244 1790 386 1841 quibus
420 1802 614 1840 nunquam
642 1802 718 1827 uon
740 1788 910 1827 caruisti.
969 1788 1166 1831 Quocirca
1196 1788 1321 1826 modis
1353 1788 1532 1826 omnibus
1552 1800 1573 1825 e
1593 1800 1632 1825 re
1651 1794 1719 1826 tua

242 1851 366 1902 magis
396 1864 513 1902 quam
547 1851 698 1889 illorum
732 1859 815 1889 erat
838 1851 876 1888 in
914 1864 1052 1889 navem
1082 1850 1322 1897 inscendere,
1343 1850 1386 1896 si,
1407 1850 1512 1901 quod
1532 1850 1603 1899 ais,
1624 1850 1716 1888 nihil

242 1922 326 1952 erat
345 1926 420 1964 quo
441 1913 580 1951 fideres
599 1913 663 1951 hic
685 1926 860 1951 manens.
917 1913 1007 1951 Jam
1029 1925 1134 1958 vero,
1153 1926 1200 1951 ex
1216 1926 1277 1958 eo,
1295 1912 1403 1964 quod
1417 1920 1474 1951 tot
1485 1912 1583 1950 viros
1597 1912 1714 1950 fortes

245 1985 285 2014 et
311 1977 435 2014 bonos
464 1975 609 2014 indicio
634 1984 701 2013 tuo
721 1976 958 2022 interemisti,
979 1983 1134 2014 constat
1157 1988 1222 2013 eos
1242 1989 1264 2013 a
1285 1982 1336 2021 te,
1357 1989 1433 2013 non
1454 1975 1572 2013 invito
1591 1982 1630 2013 et
1649 1987 1716 2013 co-

239 2045 341 2085 acto,
362 2051 478 2089 quem
498 2037 672 2083 simulas,
693 2038 763 2076 sed
788 2051 811 2075 a
835 2038 988 2076 volente
1017 2037 1190 2089 inprimis
1223 2045 1340 2088 atque
1375 2038 1565 2089 gestiente
1596 2038 1715 2076 inter-

242 2108 394 2151 emptos
426 2113 527 2138 esse.
586 2100 780 2138 Universa
800 2113 892 2151 ergo
912 2100 995 2138 haec
1022 2100 1142 2143 fraus,
1175 2099 1223 2138 de
1257 2113 1334 2150 qua
1367 2100 1516 2150 loquor,
1548 2100 1647 2138 inter
1676 2107 1714 2137 te

242 2170 509 2215 tyrannosque
543 2162 726 2200 condicta
758 2169 798 2200 et
825 2170 1050 2214 comparata
1079 2162 1162 2208 fuit,
1184 2161 1220 2198 in
1242 2175 1318 2212 quo
1345 2162 1436 2199 mihi
1465 2161 1716 2199 consentiunt

243 2232 363 2262 testes
383 2238 470 2275 quae
488 2224 548 2262 aio
569 2225 858 2270 confirmantes,
877 2225 1001 2276 ipsum
1030 2223 1129 2261 adeo
1159 2223 1355 2261 decretum
1390 2229 1546 2261 senatus
1578 2228 1715 2260 contra

242 2294 281 2324 te
300 2293 476 2324 testatur.

820 2370 1139 2410 DECRETUM.

241 2466 464 2506 Secundum
482 2466 555 2504 hoc
577 2466 777 2505 decretum
798 2479 820 2504 a
841 2474 979 2505 senatu
999 2466 1173 2518 deputati
1191 2478 1280 2504 cum
1299 2466 1498 2504 venissent
1517 2465 1554 2503 in
1574 2465 1713 2516 Muny-

241 2529 383 2575 chiam,
402 2542 451 2566 ex
467 2541 534 2566 ara
553 2528 651 2566 ultro
671 2529 882 2566 assurrexit
895 2530 1088 2579 Agoratus
1106 2542 1116 2572 ;
1137 2541 1230 2574 non,
1244 2528 1349 2578 quod
1370 2541 1472 2565 nunc
1493 2527 1711 2578 praetendit,

242 2591 280 2630 vi
311 2590 401 2628 inde
434 2591 653 2628 abstractus
683 2597 756 2628 est.
814 2590 1170 2627 Introducebantur
1196 2603 1331 2627 omnes
1360 2588 1396 2625 in
1426 2595 1629 2626 senatum:
1661 2588 1712 2625 ibi

243 2653 440 2704 Agoratus
467 2652 610 2690 edebat
635 2651 805 2696 nomina,
831 2664 854 2689 a
880 2650 1225 2689 commentariense
1254 2650 1291 2687 in
1321 2649 1473 2688 tabulas
1494 2648 1711 2699 referenda,
1736 2702 1744 2713 ἱ

204 2730 207 2733 ·
242 2715 405 2766 primum
429 2725 659 2765 sponsorum
678 2713 847 2764 ipsorum
869 2712 933 2763 qui
950 2725 1019 2763 pro
1037 2712 1123 2764 ipso
1143 2712 1429 2761 fideJusserant‚
1448 2711 1588 2749 deinde
1610 2718 1708 2748 stra-

245 2784 423 2827 tegorum
465 2784 581 2828 atque
620 2776 914 2821 taxiarchorum,
951 2783 1031 2812 tum
1073 2776 1233 2812 aliorum
1271 2788 1428 2825 quoque
1467 2773 1709 2826 quorundam

240 2838 394 2876 civium,
454 2839 692 2890 Principium
722 2839 795 2877 hoc
818 2837 888 2875 fuit
917 2836 1105 2874 universae
1137 2836 1237 2873 illius
1271 2837 1523 2874 atrocissimae
1552 2835 1709 2873 calami—

242 2900 347 2947 tatis,
388 2913 473 2951 quae
511 2901 758 2951 postmodum
795 2913 912 2951 remp.
945 2897 1150 2949 oppressit.
1211 2898 1422 2949 Agoratum
1456 2898 1519 2936 illa
1557 2897 1710 2935 nomina
