1822 3219
213 153 292 190 226
859 154 1028 192 Lstr:

213 256 305 303 tius,
324 257 472 296 habens
493 270 623 296 secum
645 257 833 308 collegas,
854 258 965 295 factis
986 256 1036 294 ad
1055 256 1290 294 Salaminem
1310 263 1349 293 et
1370 255 1590 294 Eleusinem
1611 269 1679 294 ex·

214 318 474 366 cursionibus,
501 326 696 358 trecentos
726 319 815 357 inde
841 319 944 356 cives
965 317 1137 356 Athenas
1167 317 1205 354 in
1234 329 1427 355 carcerem
1458 317 1681 364 abduceret,

215 379 1067 431 unaqueomnessententiamortedamnaret.
1090 378 1319 416 Verumnon
1330 385 1411 415 tum
1423 378 1680 425 solummodo,

216 442 285 481 sed
307 444 557 494 postmodum
578 457 735 494 quoque
752 443 865 480 rebus
886 441 1071 492 paulatim
1094 440 1371 491 conquiescere
1392 440 1681 490 incipientibus,

216 504 396 544 infestum
417 507 553 557 patriae
574 506 745 544 animum
770 512 811 542 et
832 518 854 542 a
873 503 1031 555 publica
1049 516 1144 553 pace
1165 503 1330 540 alienum
1358 502 1526 553 prodidit
1547 502 1684 540 Erato-

216 567 394 606 sthenes:
426 575 468 606 ut
488 569 589 606 enim
610 569 647 605 in
670 567 859 604 Piraeeum
882 565 1119 603 redieramus
1140 565 1351 616 primaeque
1375 565 1683 602 concertationes

217 630 534 680 conquieverant,
551 629 793 668 sermonibus
820 627 869 666 de
901 627 1027 665 reditu
1048 634 1220 665 mutuam
1251 628 1288 664 in
1321 627 1482 678 gratiam
1508 627 1686 677 utrinque

216 690 374 737 habitis,
394 705 536 743 magna
557 705 644 743 spes
664 690 877 741 affulgebat
897 690 1083 734 futurum,
1104 696 1146 726 ut
1167 689 1416 739 imposterum
1437 688 1572 726 eodem
1588 688 1687 726 inter

216 766 290 792 nos
306 767 482 792 essemus
502 754 631 792 animo
646 766 760 804 quem
777 751 987 790 luculentis
1004 750 1348 801 significationibus
1364 750 1685 802 prodidissemus.

219 815 303 853 Etsi
321 817 421 854 enim
435 815 589 854 exsules
611 816 650 853 in
667 815 818 853 Piraeeo
835 814 1060 864 congregati
1081 813 1295 864 superiores
1308 826 1329 851 e
1348 826 1479 864 pugna
1494 812 1687 850 discesse-

219 884 320 924 rant,
352 877 532 916 sinebant
565 884 696 915 tamen
730 877 900 914 urbanos
931 888 954 913 a
987 888 1029 913 se
1059 874 1231 912 devictos
1260 874 1297 912 in
1330 875 1464 912 urbem
1491 886 1686 911 remeare:

219 951 351 977 rursus
372 939 524 985 urbani,
542 945 585 976 ut
603 939 640 976 in
662 939 794 976 urbem
809 937 1014 982 redierant,
1028 937 1158 974 statim
1179 936 1540 987 Trigintatyrannos
1557 935 1688 986 expel-

219 1000 366 1046 lebant,
386 1006 644 1051 praeterquam
666 999 883 1037 Phidonem
909 1006 1025 1048 atque
1049 997 1362 1040 Eratosthenem,
1386 997 1537 1046 sibique
1562 997 1690 1047 praefi-

221 1062 379 1100 ciebant
397 1061 575 1099 homines
601 1061 776 1112 tyrannis
803 1059 1102 1104 inimicissimos,
1123 1065 1323 1109 sperantes
1344 1057 1531 1102 futurum,
1551 1064 1608 1101 ut,
1625 1058 1691 1106 qui

221 1122 477 1162 Piraeensium
502 1123 679 1160 inimicos
698 1121 976 1172 Trigintaviros
997 1120 1183 1158 acerrimo
1211 1119 1409 1170 prosecuti
1430 1110 1564 1156 essent
1589 1118 1693 1164 odio,

222 1183 341 1224 iidem
361 1197 494 1221 rursus
523 1183 678 1221 exsules
706 1183 744 1220 in
766 1182 916 1220 Piraeeo
937 1194 1167 1232 congressos
1194 1181 1351 1219 caritate
1372 1180 1450 1218 sint
1468 1179 1692 1230 amplexuri.

223 1246 371 1285 Verum
391 1258 502 1284 secus
528 1245 669 1284 evenit.
729 1244 882 1282 Phidon
902 1243 1016 1289 enim,
1033 1244 1098 1294 qui
1120 1243 1157 1281 in
1178 1255 1337 1281 numero
1352 1241 1694 1293 Trigintavirorum

222 1309 362 1354 fuerat,
379 1315 419 1346 et
439 1307 653 1359 Hippocles
669 1315 707 1346 et
723 1306 935 1358 Epichares
957 1305 1220 1357 Lamptrensis
1236 1318 1324 1343 cum
1341 1304 1494 1355 reliquis
1515 1304 1579 1354 qui
1596 1304 1696 1341 Cha-

223 1370 307 1409 ricli
325 1378 364 1409 et
387 1370 520 1408 Critiae
540 1382 748 1420 eorumque
771 1368 950 1406 sodalitio
970 1381 1085 1418 quam
1105 1367 1270 1406 maxime
1292 1366 1488 1405 adversari
1507 1366 1695 1404 videban-

222 1439 302 1479 tur,
322 1440 364 1470 ut
384 1438 506 1470 semet
534 1432 573 1469 in
601 1444 792 1469 summam
821 1436 1052 1480 potestatem
1079 1429 1332 1479 ingesserant,
1353 1428 1475 1465 multo
1495 1428 1696 1465 saeviorem

223 1495 263 1533 in
278 1495 374 1532 urbe
389 1493 600 1532 tumultum
619 1493 878 1536 concitarunt,
892 1490 1072 1541 civesque
1093 1491 1131 1527 in
1152 1490 1298 1527 bellum
1320 1489 1506 1527 adversus
1529 1488 1697 1526 Piraeen-

224 1571 288 1598 ses
309 1558 431 1596 multo
451 1557 578 1596 acrius
598 1569 716 1608 quam
731 1560 822 1594 ante
841 1554 1153 1596 inflammarunt3
1185 1566 1309 1604 eoque
1330 1552 1489 1604 planum
1507 1552 1696 1597 fecerunt,

226 1635 249 1662 a
282 1620 550 1672 Trigintaviris
578 1633 621 1657 se
650 1632 729 1656 non
763 1617 890 1656 studio
925 1616 1179 1654 Piraeensium
1213 1615 1410 1659 defecisse,
1432 1628 1559 1665 neque
1592 1614 1700 1652 luctu

226 1695 360 1722 eorum
381 1682 481 1720 affici
502 1682 568 1732 qui
587 1694 655 1732 per
675 1681 784 1717 nefas
806 1686 871 1717 aut
892 1679 974 1730 jam
995 1678 1183 1728 perempti
1205 1683 1336 1714 essent
1353 1683 1420 1714 aut
1446 1676 1549 1713 idem
1576 1676 1697 1714 fatum

228 1744 360 1782 adhuc
381 1744 536 1789 obituri,
556 1742 625 1780 sed
652 1742 726 1779 hoc
747 1742 851 1791 angi,
873 1740 976 1791 quod
1002 1747 1136 1778 essent
1155 1738 1220 1789 qui
1241 1738 1466 1776 auctoritate
1486 1738 1579 1788 ipsis
1601 1750 1700 1787 pree-

228 1812 377 1845 starent
399 1806 590 1855 citiusque
611 1811 726 1855 atque
746 1805 819 1854 ipsi
839 1803 1086 1840 ditescerent.
1147 1801 1305 1838 Summa
1320 1814 1446 1838 rerum
1466 1800 1565 1837 enim
1591 1799 1701 1850 potiti

229 1868 405 1920 partibus
421 1869 608 1906 ambabus
624 1867 769 1905 bellum
786 1865 1067 1911 indicebant,et
1082 1864 1255 1915 tyrannis
1271 1864 1334 1914 qui
1352 1863 1529 1913 exempla
1543 1863 1704 1901 crudeli-

229 1932 321 1970 tatis
336 1938 520 1970 extremae
532 1931 570 1968 iu
581 1931 689 1968 vobis
705 1936 935 1974 statuerant,
950 1936 989 1967 et
998 1928 1106 1966 vobis
1119 1929 1182 1978 qui
1197 1935 1372 1965 extrema
1386 1940 1550 1978 quaeque
1566 1927 1614 1964 ab
1627 1926 1701 1964 illis

228 1993 508 2032 toleraveratis.
569 1993 803 2042 Quanquam
826 1991 1073 2043 perspicuum
1094 1990 1238 2028 nemini
1260 2003 1335 2027 non
1356 1997 1473 2035 esset,
1488 1989 1517 2026 si
1532 1989 1618 2040 jure
1632 2001 1700 2026 vos

231 2053 464 2093 exsularetis
480 2066 606 2104 neque
626 2053 762 2091 liceret
783 2054 890 2091 vobis
907 2053 1043 2103 pedem
1058 2051 1094 2088 in
1110 2051 1273 2103 patriam
1288 2051 1445 2097 referre,
1461 2051 1601 2088 factam
1616 2063 1703 2088 esse

230 2116 406 2168 tyrannis
426 2115 615 2167 injuriam,
637 2115 703 2166 qui
723 2116 795 2152 sub
822 2115 939 2152 vestri
961 2114 1127 2152 nominis
1147 2120 1337 2165 praetextu
1359 2126 1406 2150 ex
1425 2113 1518 2150 urbe
1541 2112 1705 2150 fuissent

231 2178 403 2229 expulsi;
435 2178 493 2214 sin
515 2184 644 2215 autem
666 2177 818 2227 tyranni
841 2177 973 2214 exsilio
994 2177 1030 2214 in
1052 2176 1157 2226 quod
1185 2175 1262 2213 acti
1291 2181 1423 2212 essent
1444 2174 1598 2211 meritas
1619 2172 1703 2210 lue-

232 2248 319 2279 rent
332 2240 522 2278 scelerum
539 2252 688 2290 poenas,
703 2239 878 2290 injuriam
893 2239 1001 2277 vobis
1016 2238 1108 2281 fieri,
1125 2238 1190 2287 qui
1205 2237 1328 2275 reditu
1343 2236 1379 2273 in
1396 2235 1521 2273 natale
1535 2243 1704 2273 vestrum

232 2302 358 2340 solum
371 2301 615 2340 arceremini:
634 2314 762 2338 verum
780 2301 882 2337 enim
894 2313 982 2337 vero
997 2307 1181 2350 tyrannos
1196 2297 1331 2335 merito
1344 2304 1498 2335 constat
1510 2296 1706 2342 exsulare,

233 2376 301 2402 vos
314 2377 381 2415 per
394 2363 523 2406 nefas;
547 2376 622 2400 non
637 2363 737 2400 enim
752 2362 925 2413 profecto
940 2361 1057 2398 ullum
1074 2362 1122 2399 ob
1132 2360 1235 2398 aliud
1249 2360 1391 2397 crimen
1410 2357 1704 2409 tyranniexsilio

233 2425 410 2463 mulctati
431 2432 535 2470 sunt,
551 2437 664 2474 quam
684 2424 789 2475 quod
812 2423 913 2462 cives
931 2424 1104 2460 insontes
1125 2423 1162 2460 in
1177 2422 1353 2460 exsilium
1375 2423 1559 2472 egissent,
1580 2432 1703 2470 eaque

234 2494 467 2539 patrassent,
478 2499 565 2536 quae
575 2493 666 2524 tunc
676 2487 881 2536 patrabant
894 2485 945 2523 illi
957 2485 1021 2535 qui
1036 2493 1216 2536 tyrannos
1232 2498 1362 2522 rursus
1373 2484 1578 2535 ejecerant.
1610 2482 1707 2519 Gra-

234 2551 332 2589 viter
343 2550 471 2600 itaque
481 2549 646 2587 Phidoni
657 2562 725 2586 vos
737 2556 884 2599 oportet
899 2547 1134 2598 irasci,quod
1150 2559 1195 2584 eo
1209 2547 1384 2584 delectus
1401 2558 1477 2596 quo
1492 2545 1706 2582 Pireeenses

235 2626 322 2652 cum
333 2612 486 2650 urbanis
497 2610 807 2650 reconciliaretin
819 2610 1029 2660 urbemque
1042 2609 1260 2653 reduceret,
1271 2607 1407 2645 eadem
1417 2614 1544 2644 tamen
1559 2606 1710 2644 scelera

237 2675 430 2713 commisit
442 2682 559 2725 atque
573 2672 869 2717 Eratosthenes,
882 2672 1094 2722 eademque
1111 2671 1247 2708 mentis
1263 2669 1506 2720 improbitate
1521 2668 1710 2718 Triginta-

238 2743 441 2786 tyrannos,
462 2735 650 2781 homines,
680 2734 856 2785 quamvis
887 2733 1093 2783 pessimos,
1128 2745 1169 2770 se
1203 2739 1331 2769 tamen
1366 2731 1497 2781 utique
1529 2730 1707 2768 meliores

237 2798 381 2837 laedere
402 2805 566 2836 conatus
587 2804 660 2842 est,
689 2809 764 2847 qua
783 2795 892 2833 vobis
914 2794 1113 2832 exsulibus
1134 2796 1269 2830 urbem
1292 2792 1451 2830 reddere
1474 2792 1618 2834 noluit;
1639 2790 1708 2828 sed

242 2859 421 2911 Spartam
452 2860 578 2911 potius
612 2859 824 2910 profectus,
851 2858 1065 2909 Spartanos
1097 2856 1146 2894 ad
1179 2854 1467 2905 suscipiendum
1491 2859 1625 2893 contra
1646 2852 1709 2890 Pi-

242 2934 411 2961 raeenses
444 2921 588 2959 bellum
620 2921 797 2958 hortatus
829 2926 903 2965 est,
933 2917 1187 2962 criminando,
1219 2916 1441 2955 Boeotorum
1461 2917 1498 2954 in
1519 2920 1711 2966 potestate
