<?xml version="1.0" encoding="UTF-8"?>
<!DOCTYPE html PUBLIC "-//W3C//DTD XHTML 1.0 Transitional//EN"
    "http://www.w3.org/TR/xhtml1/DTD/xhtml1-transitional.dtd">
<html xmlns="http://www.w3.org/1999/xhtml" xml:lang="en" lang="en">
 <head>
  <title>
</title>
<meta http-equiv="Content-Type" content="text/html;charset=utf-8" />
  <meta name='ocr-system' content='tesseract 3.04.00' />
  <meta name='ocr-capabilities' content='ocr_page ocr_carea ocr_par ocr_line ocrx_word'/>
</head>
<body>
  <div class='ocr_page' id='page_1' title='image "./oratoresatticie13dobs_0269.png"; bbox 0 0 1822 3219; ppageno 0'>
   <div class='ocr_carea' id='block_1_1' title="bbox 497 130 1546 169">
    <p class='ocr_par' dir='ltr' id='par_1_1' title="bbox 497 130 1546 169">
     <span class='ocr_line' id='line_1_1' title="bbox 497 130 1546 169; baseline -0.005 0"><span class='ocrx_word' id='word_1_1' title='bbox 497 131 723 169; x_wconf 86' lang='lat' dir='ltr'><strong>CONTRA</strong></span> <span class='ocrx_word' id='word_1_2' title='bbox 751 130 1091 167; x_wconf 86' lang='lat' dir='ltr'>ALCIBIADEM</span> <span class='ocrx_word' id='word_1_3' title='bbox 1124 131 1152 165; x_wconf 95' lang='grc' dir='ltr'>Ι.</span> <span class='ocrx_word' id='word_1_4' title='bbox 1472 131 1546 165; x_wconf 79' lang='lat'>‘257</span> 
     </span>
    </p>
   </div>
   <div class='ocr_carea' id='block_1_2' title="bbox 99 231 1571 2804">
    <p class='ocr_par' dir='ltr' id='par_1_2' title="bbox 99 231 1571 2804">
     <span class='ocr_line' id='line_1_2' title="bbox 100 231 1545 283; baseline -0.001 -14"><span class='ocrx_word' id='word_1_5' title='bbox 100 233 296 271; x_wconf 85' lang='lat' dir='ltr'>habebunt</span> <span class='ocrx_word' id='word_1_6' title='bbox 312 246 436 283; x_wconf 89' lang='lat' dir='ltr'>neque</span> <span class='ocrx_word' id='word_1_7' title='bbox 449 233 667 270; x_wconf 82' lang='lat' dir='ltr'><strong>Alcibiades</strong></span> <span class='ocrx_word' id='word_1_8' title='bbox 682 244 804 282; x_wconf 89' lang='lat' dir='ltr'>neque</span> <span class='ocrx_word' id='word_1_9' title='bbox 820 231 995 270; x_wconf 90' lang='lat' dir='ltr'>advocati</span> <span class='ocrx_word' id='word_1_10' title='bbox 1011 232 1106 281; x_wconf 77' lang='lat' dir='ltr'>ejuS,</span> <span class='ocrx_word' id='word_1_11' title='bbox 1123 232 1227 280; x_wconf 91' lang='lat' dir='ltr'>quod</span> <span class='ocrx_word' id='word_1_12' title='bbox 1244 238 1377 269; x_wconf 87' lang='lat' dir='ltr'>contra</span> <span class='ocrx_word' id='word_1_13' title='bbox 1393 231 1545 277; x_wconf 80' lang='lat' dir='ltr'>dicant:</span> 
     </span>
     <span class='ocr_line' id='line_1_3' title="bbox 101 290 1547 341; baseline -0.001 -11"><span class='ocrx_word' id='word_1_14' title='bbox 101 298 269 330; x_wconf 81' lang='lat' dir='ltr'><strong>attamen</strong></span> <span class='ocrx_word' id='word_1_15' title='bbox 289 306 309 330; x_wconf 90' lang='lat' dir='ltr'>e</span> <span class='ocrx_word' id='word_1_16' title='bbox 329 292 507 330; x_wconf 89' lang='lat' dir='ltr'>tribunali</span> <span class='ocrx_word' id='word_1_17' title='bbox 535 292 608 329; x_wconf 90' lang='lat' dir='ltr'>hoc</span> <span class='ocrx_word' id='word_1_18' title='bbox 638 305 707 329; x_wconf 90' lang='lat' dir='ltr'>vos</span> <span class='ocrx_word' id='word_1_19' title='bbox 736 304 891 329; x_wconf 83' lang='lat' dir='ltr'>exorare</span> <span class='ocrx_word' id='word_1_20' title='bbox 918 290 1108 340; x_wconf 89' lang='lat' dir='ltr'>supplices</span> <span class='ocrx_word' id='word_1_21' title='bbox 1139 291 1390 336; x_wconf 89' lang='lat' dir='ltr'>contendent,</span> <span class='ocrx_word' id='word_1_22' title='bbox 1409 298 1452 328; x_wconf 91' lang='lat' dir='ltr'>ut</span> <span class='ocrx_word' id='word_1_23' title='bbox 1479 303 1547 341; x_wconf 90' lang='lat' dir='ltr'>pa-</span> 
     </span>
     <span class='ocr_line' id='line_1_4' title="bbox 99 350 1547 400; baseline -0.001 -12"><span class='ocrx_word' id='word_1_24' title='bbox 99 352 197 389; x_wconf 87' lang='lat' dir='ltr'>voris</span> <span class='ocrx_word' id='word_1_25' title='bbox 217 351 404 389; x_wconf 83' lang='lat' dir='ltr'>dedecore</span> <span class='ocrx_word' id='word_1_26' title='bbox 424 352 632 389; x_wconf 85' lang='lat' dir='ltr'>Alcibiadis</span> <span class='ocrx_word' id='word_1_27' title='bbox 651 352 770 389; x_wconf 84' lang='lat' dir='ltr'>filium</span> <span class='ocrx_word' id='word_1_28' title='bbox 791 352 858 389; x_wconf 91' lang='lat' dir='ltr'>viri</span> <span class='ocrx_word' id='word_1_29' title='bbox 887 350 1087 389; x_wconf 81' lang='lat' dir='ltr'>clarissimi</span> <span class='ocrx_word' id='word_1_30' title='bbox 1106 363 1153 387; x_wconf 91' lang='lat' dir='ltr'>ne</span> <span class='ocrx_word' id='word_1_31' title='bbox 1172 351 1418 400; x_wconf 88' lang='lat' dir='ltr'>respergatis‚</span> <span class='ocrx_word' id='word_1_32' title='bbox 1440 351 1547 400; x_wconf 80' lang='lat' dir='ltr'>quasi</span> 
     </span>
     <span class='ocr_line' id='line_1_5' title="bbox 101 409 1548 461; baseline -0.001 -14"><span class='ocrx_word' id='word_1_33' title='bbox 101 410 320 448; x_wconf 86' lang='lat' dir='ltr'>Alcibiades</span> <span class='ocrx_word' id='word_1_34' title='bbox 349 418 455 461; x_wconf 88' lang='lat' dir='ltr'>pater</span> <span class='ocrx_word' id='word_1_35' title='bbox 478 411 605 448; x_wconf 90' lang='lat' dir='ltr'>multis</span> <span class='ocrx_word' id='word_1_36' title='bbox 637 411 908 461; x_wconf 86' lang='lat' dir='ltr'>rempublicam</span> <span class='ocrx_word' id='word_1_37' title='bbox 938 423 1013 447; x_wconf 91' lang='lat' dir='ltr'>non</span> <span class='ocrx_word' id='word_1_38' title='bbox 1047 409 1156 447; x_wconf 90' lang='lat' dir='ltr'>malis</span> <span class='ocrx_word' id='word_1_39' title='bbox 1188 409 1380 447; x_wconf 86' lang='lat' dir='ltr'>affecisset</span> <span class='ocrx_word' id='word_1_40' title='bbox 1412 411 1548 460; x_wconf 88' lang='lat' dir='ltr'>quibus</span> 
     </span>
     <span class='ocr_line' id='line_1_6' title="bbox 102 469 1546 520; baseline 0 -14"><span class='ocrx_word' id='word_1_41' title='bbox 102 469 240 515; x_wconf 88' lang='lat' dir='ltr'>affecit,</span> <span class='ocrx_word' id='word_1_42' title='bbox 273 471 341 508; x_wconf 87' lang='lat' dir='ltr'>sed</span> <span class='ocrx_word' id='word_1_43' title='bbox 372 472 605 508; x_wconf 86' lang='lat' dir='ltr'>ornamentis</span> <span class='ocrx_word' id='word_1_44' title='bbox 641 471 896 512; x_wconf 86' lang='lat' dir='ltr'>cumulasset;</span> <span class='ocrx_word' id='word_1_45' title='bbox 931 470 1035 520; x_wconf 90' lang='lat' dir='ltr'>atqui</span> <span class='ocrx_word' id='word_1_46' title='bbox 1071 470 1144 506; x_wconf 89' lang='lat' dir='ltr'>fuit</span> <span class='ocrx_word' id='word_1_47' title='bbox 1180 469 1399 507; x_wconf 86' lang='lat' dir='ltr'>Alcibiades</span> <span class='ocrx_word' id='word_1_48' title='bbox 1434 469 1546 518; x_wconf 86' lang='lat' dir='ltr'>hujus</span> 
     </span>
     <span class='ocr_line' id='line_1_7' title="bbox 101 529 1547 579; baseline -0.001 -13"><span class='ocrx_word' id='word_1_49' title='bbox 101 536 209 578; x_wconf 88' lang='lat' dir='ltr'>pater</span> <span class='ocrx_word' id='word_1_50' title='bbox 227 530 272 576; x_wconf 90' lang='lat' dir='ltr'>is,</span> <span class='ocrx_word' id='word_1_51' title='bbox 292 543 405 579; x_wconf 91' lang='lat' dir='ltr'>quem</span> <span class='ocrx_word' id='word_1_52' title='bbox 423 531 453 567; x_wconf 93' lang='lat' dir='ltr'>si</span> <span class='ocrx_word' id='word_1_53' title='bbox 473 537 553 567; x_wconf 89' lang='lat' dir='ltr'>tum</span> <span class='ocrx_word' id='word_1_54' title='bbox 574 531 701 567; x_wconf 89' lang='lat' dir='ltr'>statim</span> <span class='ocrx_word' id='word_1_55' title='bbox 724 530 771 567; x_wconf 92' lang='lat' dir='ltr'>de</span> <span class='ocrx_word' id='word_1_56' title='bbox 803 529 929 567; x_wconf 89' lang='lat' dir='ltr'>medio</span> <span class='ocrx_word' id='word_1_57' title='bbox 959 529 1223 575; x_wconf 85' lang='lat' dir='ltr'>sustulissetis,</span> <span class='ocrx_word' id='word_1_58' title='bbox 1242 529 1547 579; x_wconf 83' lang='lat' dir='ltr'>quumtantillus</span> 
     </span>
     <span class='ocr_line' id='line_1_8' title="bbox 103 588 1548 638; baseline -0.001 -12"><span class='ocrx_word' id='word_1_59' title='bbox 103 588 230 626; x_wconf 88' lang='lat' dir='ltr'>adhuc</span> <span class='ocrx_word' id='word_1_60' title='bbox 265 596 382 634; x_wconf 88' lang='lat' dir='ltr'>esset,</span> <span class='ocrx_word' id='word_1_61' title='bbox 413 590 521 638; x_wconf 87' lang='lat' dir='ltr'>primi</span> <span class='ocrx_word' id='word_1_62' title='bbox 559 590 727 626; x_wconf 83' lang='lat' dir='ltr'>criminis</span> <span class='ocrx_word' id='word_1_63' title='bbox 758 602 890 626; x_wconf 91' lang='lat' dir='ltr'>eorum</span> <span class='ocrx_word' id='word_1_64' title='bbox 923 590 1091 626; x_wconf 90' lang='lat' dir='ltr'>omnium</span> <span class='ocrx_word' id='word_1_65' title='bbox 1129 590 1343 634; x_wconf 89' lang='lat' dir='ltr'>criminum,</span> <span class='ocrx_word' id='word_1_66' title='bbox 1386 601 1548 638; x_wconf 89' lang='lat' dir='ltr'>quorum</span> 
     </span>
     <span class='ocr_line' id='line_1_9' title="bbox 103 648 1549 698; baseline 0 -14"><span class='ocrx_word' id='word_1_67' title='bbox 103 660 258 685; x_wconf 83' lang='lat' dir='ltr'>causam</span> <span class='ocrx_word' id='word_1_68' title='bbox 273 661 442 698; x_wconf 90' lang='lat' dir='ltr'>unquam</span> <span class='ocrx_word' id='word_1_69' title='bbox 459 662 506 686; x_wconf 88' lang='lat' dir='ltr'>ex</span> <span class='ocrx_word' id='word_1_70' title='bbox 522 649 594 686; x_wconf 91' lang='lat' dir='ltr'>hoc</span> <span class='ocrx_word' id='word_1_71' title='bbox 610 649 696 687; x_wconf 92' lang='lat' dir='ltr'>loco</span> <span class='ocrx_word' id='word_1_72' title='bbox 714 662 840 687; x_wconf 88' lang='lat' dir='ltr'>coram</span> <span class='ocrx_word' id='word_1_73' title='bbox 857 649 961 686; x_wconf 82' lang='lat' dir='ltr'>vobi&#39;s</span> <span class='ocrx_word' id='word_1_74' title='bbox 978 655 1084 685; x_wconf 80' lang='lat' dir='ltr'>stans</span> <span class='ocrx_word' id='word_1_75' title='bbox 1102 648 1207 694; x_wconf 85' lang='lat' dir='ltr'>dixit,</span> <span class='ocrx_word' id='word_1_76' title='bbox 1223 661 1328 696; x_wconf 20' lang='lat' dir='ltr'>reu-m</span> <span class='ocrx_word' id='word_1_77' title='bbox 1342 656 1549 698; x_wconf 89' lang='lat' dir='ltr'>peractum,</span> 
     </span>
     <span class='ocr_line' id='line_1_10' title="bbox 105 709 1551 760; baseline 0.001 -15"><span class='ocrx_word' id='word_1_78' title='bbox 105 722 166 745; x_wconf 87' lang='lat' dir='ltr'>nae</span> <span class='ocrx_word' id='word_1_79' title='bbox 205 715 262 746; x_wconf 89' lang='lat' dir='ltr'>tot</span> <span class='ocrx_word' id='word_1_80' title='bbox 300 716 493 759; x_wconf 79' lang='lat' dir='ltr'>tantaeque</span> <span class='ocrx_word' id='word_1_81' title='bbox 532 709 662 747; x_wconf 88' lang='lat' dir='ltr'>clades</span> <span class='ocrx_word' id='word_1_82' title='bbox 696 710 968 760; x_wconf 84' lang='lat' dir='ltr'>rempublicam</span> <span class='ocrx_word' id='word_1_83' title='bbox 1002 722 1078 746; x_wconf 90' lang='lat' dir='ltr'>non</span> <span class='ocrx_word' id='word_1_84' title='bbox 1113 710 1355 747; x_wconf 84' lang='lat' dir='ltr'>attrivissent.</span> <span class='ocrx_word' id='word_1_85' title='bbox 1423 709 1551 746; x_wconf 87' lang='lat' dir='ltr'>Grave</span> 
     </span>
     <span class='ocr_line' id='line_1_11' title="bbox 106 771 1551 821; baseline -0.001 -13"><span class='ocrx_word' id='word_1_86' title='bbox 106 771 294 821; x_wconf 85' lang='lat' dir='ltr'>profecto,</span> <span class='ocrx_word' id='word_1_87' title='bbox 309 771 476 821; x_wconf 84' lang='lat' dir='ltr'>judices,</span> <span class='ocrx_word' id='word_1_88' title='bbox 497 784 581 809; x_wconf 89' lang='lat' dir='ltr'>mea</span> <span class='ocrx_word' id='word_1_89' title='bbox 600 772 756 821; x_wconf 90' lang='lat' dir='ltr'>quidem</span> <span class='ocrx_word' id='word_1_90' title='bbox 777 771 968 808; x_wconf 87' lang='lat' dir='ltr'>sententia</span> <span class='ocrx_word' id='word_1_91' title='bbox 997 771 1277 821; x_wconf 87' lang='lat' dir='ltr'>indignumque</span> <span class='ocrx_word' id='word_1_92' title='bbox 1301 771 1364 816; x_wconf 84' lang='lat' dir='ltr'>sit,</span> <span class='ocrx_word' id='word_1_93' title='bbox 1382 783 1451 807; x_wconf 90' lang='lat' dir='ltr'>vos</span> <span class='ocrx_word' id='word_1_94' title='bbox 1475 771 1551 808; x_wconf 82' lang='lat' dir='ltr'>filio</span> 
     </span>
     <span class='ocr_line' id='line_1_12' title="bbox 105 830 1552 881; baseline 0.001 -14"><span class='ocrx_word' id='word_1_95' title='bbox 105 830 235 872; x_wconf 86' lang='lat' dir='ltr'>delicti</span> <span class='ocrx_word' id='word_1_96' title='bbox 253 843 317 868; x_wconf 92' lang='lat' dir='ltr'>reo</span> <span class='ocrx_word' id='word_1_97' title='bbox 336 832 419 881; x_wconf 88' lang='lat' dir='ltr'>ejus</span> <span class='ocrx_word' id='word_1_98' title='bbox 440 832 477 868; x_wconf 91' lang='lat' dir='ltr'>in</span> <span class='ocrx_word' id='word_1_99' title='bbox 497 832 658 880; x_wconf 82' lang='lat' dir='ltr'>gratiam</span> <span class='ocrx_word' id='word_1_100' title='bbox 679 831 796 880; x_wconf 87' lang='lat' dir='ltr'>patris</span> <span class='ocrx_word' id='word_1_101' title='bbox 817 832 1031 881; x_wconf 79' lang='lat' dir='ltr'>ignoscere,</span> <span class='ocrx_word' id='word_1_102' title='bbox 1051 843 1165 880; x_wconf 89' lang='lat' dir='ltr'>quem</span> <span class='ocrx_word' id='word_1_103' title='bbox 1184 832 1255 881; x_wconf 88' lang='lat' dir='ltr'>ipsi</span> <span class='ocrx_word' id='word_1_104' title='bbox 1273 843 1341 868; x_wconf 89' lang='lat' dir='ltr'>vos</span> <span class='ocrx_word' id='word_1_105' title='bbox 1362 831 1552 868; x_wconf 80' lang='lat' dir='ltr'>sententia</span> 
     </span>
     <span class='ocr_line' id='line_1_13' title="bbox 104 890 1553 942; baseline 0.001 -14"><span class='ocrx_word' id='word_1_106' title='bbox 104 890 234 928; x_wconf 89' lang='lat' dir='ltr'>mortis</span> <span class='ocrx_word' id='word_1_107' title='bbox 265 891 553 941; x_wconf 82' lang='lat' dir='ltr'>perculissetis:</span> <span class='ocrx_word' id='word_1_108' title='bbox 584 892 717 938; x_wconf 86' lang='lat' dir='ltr'>filium,</span> <span class='ocrx_word' id='word_1_109' title='bbox 747 892 812 942; x_wconf 88' lang='lat' dir='ltr'>qui</span> <span class='ocrx_word' id='word_1_110' title='bbox 840 892 974 929; x_wconf 87' lang='lat' dir='ltr'>vestris</span> <span class='ocrx_word' id='word_1_111' title='bbox 1004 893 1040 928; x_wconf 91' lang='lat' dir='ltr'>in</span> <span class='ocrx_word' id='word_1_112' title='bbox 1069 891 1205 929; x_wconf 85' lang='lat' dir='ltr'>castris</span> <span class='ocrx_word' id='word_1_113' title='bbox 1236 891 1415 929; x_wconf 89' lang='lat' dir='ltr'>dimicare</span> <span class='ocrx_word' id='word_1_114' title='bbox 1442 904 1553 929; x_wconf 90' lang='lat' dir='ltr'>recu-</span> 
     </span>
     <span class='ocr_line' id='line_1_14' title="bbox 107 951 1552 1002; baseline -0.001 -14"><span class='ocrx_word' id='word_1_115' title='bbox 107 957 244 996; x_wconf 90' lang='lat' dir='ltr'>sasset,</span> <span class='ocrx_word' id='word_1_116' title='bbox 259 963 281 988; x_wconf 91' lang='lat' dir='ltr'>a</span> <span class='ocrx_word' id='word_1_117' title='bbox 295 951 404 988; x_wconf 90' lang='lat' dir='ltr'>vobis</span> <span class='ocrx_word' id='word_1_118' title='bbox 419 951 579 996; x_wconf 86' lang='lat' dir='ltr'>absolvi,</span> <span class='ocrx_word' id='word_1_119' title='bbox 597 952 708 1002; x_wconf 85' lang='lat' dir='ltr'>cujus</span> <span class='ocrx_word' id='word_1_120' title='bbox 723 959 868 1002; x_wconf 87' lang='lat' dir='ltr'>patrem</span> <span class='ocrx_word' id='word_1_121' title='bbox 888 951 940 988; x_wconf 92' lang='lat' dir='ltr'>nil</span> <span class='ocrx_word' id='word_1_122' title='bbox 960 951 1161 1001; x_wconf 88' lang='lat' dir='ltr'>puduisset</span> <span class='ocrx_word' id='word_1_123' title='bbox 1179 951 1218 987; x_wconf 89' lang='lat' dir='ltr'>in</span> <span class='ocrx_word' id='word_1_124' title='bbox 1235 951 1371 988; x_wconf 87' lang='lat' dir='ltr'>castris</span> <span class='ocrx_word' id='word_1_125' title='bbox 1386 951 1552 988; x_wconf 88' lang='lat' dir='ltr'>hostium</span> 
     </span>
     <span class='ocr_line' id='line_1_15' title="bbox 108 1011 1555 1062; baseline 0.001 -16"><span class='ocrx_word' id='word_1_126' title='bbox 108 1023 189 1047; x_wconf 89' lang='lat' dir='ltr'>rem</span> <span class='ocrx_word' id='word_1_127' title='bbox 214 1011 397 1048; x_wconf 89' lang='lat' dir='ltr'>adversus</span> <span class='ocrx_word' id='word_1_128' title='bbox 420 1024 488 1049; x_wconf 91' lang='lat' dir='ltr'>vos</span> <span class='ocrx_word' id='word_1_129' title='bbox 516 1025 659 1062; x_wconf 83' lang='lat' dir='ltr'>gerere.</span> <span class='ocrx_word' id='word_1_130' title='bbox 716 1013 818 1049; x_wconf 85' lang='lat' dir='ltr'>Puer</span> <span class='ocrx_word' id='word_1_131' title='bbox 837 1012 965 1050; x_wconf 88' lang='lat' dir='ltr'>adhuc</span> <span class='ocrx_word' id='word_1_132' title='bbox 986 1025 1072 1050; x_wconf 92' lang='lat' dir='ltr'>cum</span> <span class='ocrx_word' id='word_1_133' title='bbox 1093 1020 1194 1049; x_wconf 89' lang='lat' dir='ltr'>esset</span> <span class='ocrx_word' id='word_1_134' title='bbox 1212 1012 1274 1049; x_wconf 91' lang='lat' dir='ltr'>hic</span> <span class='ocrx_word' id='word_1_135' title='bbox 1293 1012 1424 1061; x_wconf 89' lang='lat' dir='ltr'>junior</span> <span class='ocrx_word' id='word_1_136' title='bbox 1444 1011 1555 1050; x_wconf 90' lang='lat' dir='ltr'>Alci-</span> 
     </span>
     <span class='ocr_line' id='line_1_16' title="bbox 107 1071 1555 1123; baseline 0.002 -15"><span class='ocrx_word' id='word_1_137' title='bbox 107 1071 256 1117; x_wconf 88' lang='lat' dir='ltr'>biades,</span> <span class='ocrx_word' id='word_1_138' title='bbox 285 1085 416 1122; x_wconf 85' lang='lat' dir='ltr'>parum</span> <span class='ocrx_word' id='word_1_139' title='bbox 448 1074 580 1112; x_wconf 89' lang='lat' dir='ltr'>aberat</span> <span class='ocrx_word' id='word_1_140' title='bbox 609 1073 702 1122; x_wconf 88' lang='lat' dir='ltr'>quin</span> <span class='ocrx_word' id='word_1_141' title='bbox 729 1075 777 1111; x_wconf 92' lang='lat' dir='ltr'>ob</span> <span class='ocrx_word' id='word_1_142' title='bbox 810 1073 925 1123; x_wconf 84' lang='lat' dir='ltr'>patris</span> <span class='ocrx_word' id='word_1_143' title='bbox 952 1074 1110 1111; x_wconf 89' lang='lat' dir='ltr'>crimina</span> <span class='ocrx_word' id='word_1_144' title='bbox 1133 1073 1402 1111; x_wconf 90' lang='lat' dir='ltr'>undecimviris</span> <span class='ocrx_word' id='word_1_145' title='bbox 1429 1074 1555 1111; x_wconf 87' lang='lat' dir='ltr'>trade-</span> 
     </span>
     <span class='ocr_line' id='line_1_17' title="bbox 109 1133 1555 1183; baseline 0.002 -15"><span class='ocrx_word' id='word_1_146' title='bbox 109 1137 237 1175; x_wconf 82' lang='lat' dir='ltr'>retur3</span> <span class='ocrx_word' id='word_1_147' title='bbox 265 1145 340 1181; x_wconf 93' lang='lat' dir='ltr'>quo</span> <span class='ocrx_word' id='word_1_148' title='bbox 366 1140 536 1183; x_wconf 87' lang='lat' dir='ltr'>tempore</span> <span class='ocrx_word' id='word_1_149' title='bbox 564 1134 678 1170; x_wconf 91' lang='lat' dir='ltr'>nullis</span> <span class='ocrx_word' id='word_1_150' title='bbox 698 1133 916 1171; x_wconf 88' lang='lat' dir='ltr'>adhucdum</span> <span class='ocrx_word' id='word_1_151' title='bbox 937 1135 1141 1172; x_wconf 88' lang='lat' dir='ltr'>constabat</span> <span class='ocrx_word' id='word_1_152' title='bbox 1159 1134 1401 1171; x_wconf 90' lang='lat' dir='ltr'>documentis</span> <span class='ocrx_word' id='word_1_153' title='bbox 1431 1134 1555 1182; x_wconf 88' lang='lat' dir='ltr'>qualis</span> 
     </span>
     <span class='ocr_line' id='line_1_18' title="bbox 108 1191 1560 1242; baseline 0.003 -16"><span class='ocrx_word' id='word_1_154' title='bbox 108 1191 198 1227; x_wconf 91' lang='lat' dir='ltr'>olim</span> <span class='ocrx_word' id='word_1_155' title='bbox 213 1191 420 1240; x_wconf 86' lang='lat' dir='ltr'>aliquando</span> <span class='ocrx_word' id='word_1_156' title='bbox 439 1199 541 1234; x_wconf 86' lang='lat' dir='ltr'>esset</span> <span class='ocrx_word' id='word_1_157' title='bbox 560 1193 707 1230; x_wconf 88' lang='lat' dir='ltr'>futurus</span> <span class='ocrx_word' id='word_1_158' title='bbox 722 1205 732 1230; x_wconf 79' lang='lat' dir='ltr'>z</span> <span class='ocrx_word' id='word_1_159' title='bbox 761 1193 867 1230; x_wconf 88' lang='lat' dir='ltr'>illum</span> <span class='ocrx_word' id='word_1_160' title='bbox 884 1194 983 1230; x_wconf 90' lang='lat' dir='ltr'>enim</span> <span class='ocrx_word' id='word_1_161' title='bbox 998 1206 1086 1231; x_wconf 89' lang='lat' dir='ltr'>vero</span> <span class='ocrx_word' id='word_1_162' title='bbox 1103 1206 1204 1230; x_wconf 90' lang='lat' dir='ltr'>nunc</span> <span class='ocrx_word' id='word_1_163' title='bbox 1218 1194 1267 1230; x_wconf 94' lang='lat' dir='ltr'>ob</span> <span class='ocrx_word' id='word_1_164' title='bbox 1281 1193 1399 1242; x_wconf 89' lang='lat' dir='ltr'>patris</span> <span class='ocrx_word' id='word_1_165' title='bbox 1414 1192 1560 1230; x_wconf 86' lang='lat' dir='ltr'>scilicet</span> 
     </span>
     <span class='ocr_line' id='line_1_19' title="bbox 109 1250 1558 1301; baseline 0.001 -14"><span class='ocrx_word' id='word_1_166' title='bbox 109 1250 243 1288; x_wconf 88' lang='lat' dir='ltr'>merita</span> <span class='ocrx_word' id='word_1_167' title='bbox 267 1252 600 1289; x_wconf 87' lang='lat' dir='ltr'>commiseratione</span> <span class='ocrx_word' id='word_1_168' title='bbox 626 1252 716 1289; x_wconf 86' lang='lat' dir='ltr'>moti</span> <span class='ocrx_word' id='word_1_169' title='bbox 742 1252 948 1289; x_wconf 89' lang='lat' dir='ltr'>censebitis</span> <span class='ocrx_word' id='word_1_170' title='bbox 980 1252 1271 1297; x_wconf 85' lang='lat' dir='ltr'>absolvendum,</span> <span class='ocrx_word' id='word_1_171' title='bbox 1297 1259 1386 1301; x_wconf 88' lang='lat' dir='ltr'>post</span> <span class='ocrx_word' id='word_1_172' title='bbox 1416 1252 1558 1288; x_wconf 85' lang='lat' dir='ltr'>factam</span> 
     </span>
     <span class='ocr_line' id='line_1_20' title="bbox 110 1309 1558 1361; baseline 0 -13"><span class='ocrx_word' id='word_1_173' title='bbox 110 1309 159 1348; x_wconf 85' lang='lat' dir='ltr'>ad</span> <span class='ocrx_word' id='word_1_174' title='bbox 189 1310 306 1360; x_wconf 80' lang='lat' dir='ltr'>patris</span> <span class='ocrx_word' id='word_1_175' title='bbox 337 1311 494 1349; x_wconf 87' lang='lat' dir='ltr'>crimina</span> <span class='ocrx_word' id='word_1_176' title='bbox 524 1312 795 1357; x_wconf 86' lang='lat' dir='ltr'>accessionem,</span> <span class='ocrx_word' id='word_1_177' title='bbox 827 1325 850 1348; x_wconf 91' lang='lat' dir='ltr'>a</span> <span class='ocrx_word' id='word_1_178' title='bbox 880 1311 945 1348; x_wconf 90' lang='lat' dir='ltr'>filii</span> <span class='ocrx_word' id='word_1_179' title='bbox 982 1311 1217 1356; x_wconf 89' lang='lat' dir='ltr'>criminibus,</span> <span class='ocrx_word' id='word_1_180' title='bbox 1253 1324 1340 1361; x_wconf 82' lang='lat' dir='ltr'>quae</span> <span class='ocrx_word' id='word_1_181' title='bbox 1375 1313 1456 1361; x_wconf 88' lang='lat' dir='ltr'>jam</span> <span class='ocrx_word' id='word_1_182' title='bbox 1485 1324 1558 1348; x_wconf 91' lang='lat' dir='ltr'>usu</span> 
     </span>
     <span class='ocr_line' id='line_1_21' title="bbox 111 1371 1559 1422; baseline 0.001 -16"><span class='ocrx_word' id='word_1_183' title='bbox 111 1377 238 1407; x_wconf 83' lang='lat' dir='ltr'>vestro</span> <span class='ocrx_word' id='word_1_184' title='bbox 258 1371 414 1420; x_wconf 84' lang='lat' dir='ltr'>cognita</span> <span class='ocrx_word' id='word_1_185' title='bbox 434 1379 547 1421; x_wconf 87' lang='lat' dir='ltr'>atque</span> <span class='ocrx_word' id='word_1_186' title='bbox 566 1378 770 1422; x_wconf 86' lang='lat' dir='ltr'>perspecta</span> <span class='ocrx_word' id='word_1_187' title='bbox 788 1371 967 1409; x_wconf 72' lang='lat' dir='ltr'>habetis?</span> <span class='ocrx_word' id='word_1_188' title='bbox 1023 1372 1130 1408; x_wconf 90' lang='lat' dir='ltr'>Dura</span> <span class='ocrx_word' id='word_1_189' title='bbox 1156 1371 1287 1421; x_wconf 86' lang='lat' dir='ltr'>utique</span> <span class='ocrx_word' id='word_1_190' title='bbox 1313 1378 1351 1408; x_wconf 90' lang='lat' dir='ltr'>et</span> <span class='ocrx_word' id='word_1_191' title='bbox 1376 1383 1559 1421; x_wconf 86' lang='lat' dir='ltr'>perquam</span> 
     </span>
     <span class='ocr_line' id='line_1_22' title="bbox 111 1431 1561 1483; baseline 0.001 -15"><span class='ocrx_word' id='word_1_192' title='bbox 111 1431 241 1481; x_wconf 88' lang='lat' dir='ltr'>iniqua</span> <span class='ocrx_word' id='word_1_193' title='bbox 268 1432 316 1470; x_wconf 88' lang='lat' dir='ltr'>sit</span> <span class='ocrx_word' id='word_1_194' title='bbox 336 1445 417 1470; x_wconf 88' lang='lat' dir='ltr'>sors</span> <span class='ocrx_word' id='word_1_195' title='bbox 437 1439 580 1479; x_wconf 87' lang='lat' dir='ltr'>nostra,</span> <span class='ocrx_word' id='word_1_196' title='bbox 603 1433 633 1470; x_wconf 89' lang='lat' dir='ltr'>si</span> <span class='ocrx_word' id='word_1_197' title='bbox 653 1433 770 1470; x_wconf 86' lang='lat' dir='ltr'>fatale</span> <span class='ocrx_word' id='word_1_198' title='bbox 792 1434 852 1478; x_wconf 88' lang='lat' dir='ltr'>sit,</span> <span class='ocrx_word' id='word_1_199' title='bbox 871 1440 913 1471; x_wconf 89' lang='lat' dir='ltr'>ut</span> <span class='ocrx_word' id='word_1_200' title='bbox 933 1433 1147 1471; x_wconf 83' lang='lat' dir='ltr'>Alcibiadis</span> <span class='ocrx_word' id='word_1_201' title='bbox 1169 1433 1322 1483; x_wconf 88' lang='lat' dir='ltr'>quidem</span> <span class='ocrx_word' id='word_1_202' title='bbox 1343 1433 1561 1478; x_wconf 87' lang='lat' dir='ltr'>necessarii,</span> 
     </span>
     <span class='ocr_line' id='line_1_23' title="bbox 111 1492 1562 1544; baseline 0.001 -14"><span class='ocrx_word' id='word_1_203' title='bbox 111 1504 346 1542; x_wconf 89' lang='lat' dir='ltr'>quocunque</span> <span class='ocrx_word' id='word_1_204' title='bbox 364 1492 403 1529; x_wconf 91' lang='lat' dir='ltr'>in</span> <span class='ocrx_word' id='word_1_205' title='bbox 422 1493 567 1543; x_wconf 85' lang='lat' dir='ltr'>flagitio</span> <span class='ocrx_word' id='word_1_206' title='bbox 597 1493 840 1543; x_wconf 87' lang='lat' dir='ltr'>deprehensi,</span> <span class='ocrx_word' id='word_1_207' title='bbox 871 1500 1025 1544; x_wconf 88' lang='lat' dir='ltr'>propter</span> <span class='ocrx_word' id='word_1_208' title='bbox 1058 1493 1206 1543; x_wconf 90' lang='lat' dir='ltr'>generis</span> <span class='ocrx_word' id='word_1_209' title='bbox 1235 1493 1472 1531; x_wconf 87' lang='lat' dir='ltr'>nobilitatem</span> <span class='ocrx_word' id='word_1_210' title='bbox 1502 1506 1562 1531; x_wconf 87' lang='lat' dir='ltr'>sa—</span> 
     </span>
     <span class='ocr_line' id='line_1_24' title="bbox 113 1551 1563 1603; baseline 0.002 -16"><span class='ocrx_word' id='word_1_211' title='bbox 113 1551 232 1593; x_wconf 89' lang='lat' dir='ltr'>lutem</span> <span class='ocrx_word' id='word_1_212' title='bbox 252 1560 367 1601; x_wconf 84' lang='lat' dir='ltr'>atque</span> <span class='ocrx_word' id='word_1_213' title='bbox 386 1553 534 1590; x_wconf 87' lang='lat' dir='ltr'>veniam</span> <span class='ocrx_word' id='word_1_214' title='bbox 555 1553 775 1597; x_wconf 80' lang='lat' dir='ltr'>inveniant3</span> <span class='ocrx_word' id='word_1_215' title='bbox 805 1566 874 1591; x_wconf 91' lang='lat' dir='ltr'>nos</span> <span class='ocrx_word' id='word_1_216' title='bbox 904 1560 1032 1591; x_wconf 88' lang='lat' dir='ltr'>autem</span> <span class='ocrx_word' id='word_1_217' title='bbox 1058 1565 1079 1589; x_wconf 93' lang='lat' dir='ltr'>e</span> <span class='ocrx_word' id='word_1_218' title='bbox 1102 1552 1323 1603; x_wconf 87' lang='lat' dir='ltr'>captivitate</span> <span class='ocrx_word' id='word_1_219' title='bbox 1344 1552 1563 1590; x_wconf 88' lang='lat' dir='ltr'>missionem</span> 
     </span>
     <span class='ocr_line' id='line_1_25' title="bbox 112 1613 1564 1665; baseline 0.002 -16"><span class='ocrx_word' id='word_1_220' title='bbox 112 1613 370 1662; x_wconf 78' lang='lat' dir='ltr'>praedicandis</span> <span class='ocrx_word' id='word_1_221' title='bbox 403 1615 589 1664; x_wconf 87' lang='lat' dir='ltr'>majorum</span> <span class='ocrx_word' id='word_1_222' title='bbox 617 1615 761 1652; x_wconf 83' lang='lat' dir='ltr'>meritis</span> <span class='ocrx_word' id='word_1_223' title='bbox 795 1628 872 1652; x_wconf 89' lang='lat' dir='ltr'>non</span> <span class='ocrx_word' id='word_1_224' title='bbox 900 1615 1106 1665; x_wconf 90' lang='lat' dir='ltr'>possimus.</span> <span class='ocrx_word' id='word_1_225' title='bbox 1164 1615 1265 1652; x_wconf 87' lang='lat' dir='ltr'>Nam</span> <span class='ocrx_word' id='word_1_226' title='bbox 1291 1614 1322 1651; x_wconf 91' lang='lat' dir='ltr'>si</span> <span class='ocrx_word' id='word_1_227' title='bbox 1346 1628 1412 1664; x_wconf 88' lang='lat' dir='ltr'>per</span> <span class='ocrx_word' id='word_1_228' title='bbox 1429 1615 1564 1652; x_wconf 85' lang='lat' dir='ltr'>horum</span> 
     </span>
     <span class='ocr_line' id='line_1_26' title="bbox 114 1673 1565 1725; baseline 0.002 -16"><span class='ocrx_word' id='word_1_229' title='bbox 114 1673 386 1723; x_wconf 86' lang='lat' dir='ltr'>negligentiam</span> <span class='ocrx_word' id='word_1_230' title='bbox 418 1674 630 1725; x_wconf 86' lang='lat' dir='ltr'>disciplinae</span> <span class='ocrx_word' id='word_1_231' title='bbox 661 1674 830 1712; x_wconf 86' lang='lat' dir='ltr'>militaris</span> <span class='ocrx_word' id='word_1_232' title='bbox 860 1675 1002 1712; x_wconf 86' lang='lat' dir='ltr'>factum</span> <span class='ocrx_word' id='word_1_233' title='bbox 1025 1682 1129 1712; x_wconf 87' lang='lat' dir='ltr'>esset</span> <span class='ocrx_word' id='word_1_234' title='bbox 1147 1681 1191 1711; x_wconf 90' lang='lat' dir='ltr'>ut</span> <span class='ocrx_word' id='word_1_235' title='bbox 1209 1674 1320 1712; x_wconf 88' lang='lat' dir='ltr'>clade</span> <span class='ocrx_word' id='word_1_236' title='bbox 1351 1682 1509 1725; x_wconf 88' lang='lat' dir='ltr'>accepta</span> <span class='ocrx_word' id='word_1_237' title='bbox 1526 1675 1565 1712; x_wconf 89' lang='lat' dir='ltr'>in</span> 
     </span>
     <span class='ocr_line' id='line_1_27' title="bbox 113 1733 1566 1782; baseline 0.002 -13"><span class='ocrx_word' id='word_1_238' title='bbox 113 1739 344 1782; x_wconf 83' lang='lat' dir='ltr'>potestatem</span> <span class='ocrx_word' id='word_1_239' title='bbox 374 1733 541 1770; x_wconf 88' lang='lat' dir='ltr'>hostiurn</span> <span class='ocrx_word' id='word_1_240' title='bbox 562 1735 810 1777; x_wconf 90' lang='lat' dir='ltr'>venissemus,</span> <span class='ocrx_word' id='word_1_241' title='bbox 829 1747 941 1771; x_wconf 88' lang='lat' dir='ltr'>nemo</span> <span class='ocrx_word' id='word_1_242' title='bbox 968 1741 1141 1772; x_wconf 88' lang='lat' dir='ltr'>nostrum</span> <span class='ocrx_word' id='word_1_243' title='bbox 1171 1734 1385 1772; x_wconf 87' lang='lat' dir='ltr'>libertatem</span> <span class='ocrx_word' id='word_1_244' title='bbox 1419 1736 1467 1772; x_wconf 92' lang='lat' dir='ltr'>ab</span> <span class='ocrx_word' id='word_1_245' title='bbox 1497 1735 1566 1772; x_wconf 89' lang='lat' dir='ltr'>ho-</span> 
     </span>
     <span class='ocr_line' id='line_1_28' title="bbox 114 1792 1567 1843; baseline 0.002 -15"><span class='ocrx_word' id='word_1_246' title='bbox 114 1792 234 1829; x_wconf 90' lang='lat' dir='ltr'>stibus</span> <span class='ocrx_word' id='word_1_247' title='bbox 253 1792 494 1842; x_wconf 87' lang='lat' dir='ltr'>impetrasset</span> <span class='ocrx_word' id='word_1_248' title='bbox 522 1806 644 1843; x_wconf 90' lang='lat' dir='ltr'>neque</span> <span class='ocrx_word' id='word_1_249' title='bbox 676 1794 852 1843; x_wconf 89' lang='lat' dir='ltr'>precibus</span> <span class='ocrx_word' id='word_1_250' title='bbox 872 1806 995 1843; x_wconf 87' lang='lat' dir='ltr'>neque</span> <span class='ocrx_word' id='word_1_251' title='bbox 1017 1794 1202 1843; x_wconf 87' lang='lat' dir='ltr'>majorum</span> <span class='ocrx_word' id='word_1_252' title='bbox 1230 1794 1343 1831; x_wconf 88' lang='lat' dir='ltr'>fortia</span> <span class='ocrx_word' id='word_1_253' title='bbox 1366 1795 1469 1832; x_wconf 88' lang='lat' dir='ltr'>facta</span> <span class='ocrx_word' id='word_1_254' title='bbox 1488 1795 1567 1833; x_wconf 91' lang='lat' dir='ltr'>col-</span> 
     </span>
     <span class='ocr_line' id='line_1_29' title="bbox 115 1851 1567 1904; baseline 0.003 -16"><span class='ocrx_word' id='word_1_255' title='bbox 115 1851 322 1897; x_wconf 87' lang='lat' dir='ltr'>laudando,</span> <span class='ocrx_word' id='word_1_256' title='bbox 341 1865 430 1901; x_wconf 86' lang='lat' dir='ltr'>quae</span> <span class='ocrx_word' id='word_1_257' title='bbox 451 1859 542 1890; x_wconf 88' lang='lat' dir='ltr'>sunt</span> <span class='ocrx_word' id='word_1_258' title='bbox 560 1860 598 1891; x_wconf 88' lang='lat' dir='ltr'>et</span> <span class='ocrx_word' id='word_1_259' title='bbox 617 1866 775 1890; x_wconf 89' lang='lat' dir='ltr'>numero</span> <span class='ocrx_word' id='word_1_260' title='bbox 794 1853 915 1891; x_wconf 89' lang='lat' dir='ltr'>multa</span> <span class='ocrx_word' id='word_1_261' title='bbox 935 1859 974 1890; x_wconf 87' lang='lat' dir='ltr'>et</span> <span class='ocrx_word' id='word_1_262' title='bbox 992 1853 1258 1903; x_wconf 81' lang='lat' dir='ltr'>magnitudine</span> <span class='ocrx_word' id='word_1_263' title='bbox 1278 1854 1510 1904; x_wconf 89' lang='lat' dir='ltr'>amplissima</span> <span class='ocrx_word' id='word_1_264' title='bbox 1529 1863 1567 1893; x_wconf 90' lang='lat' dir='ltr'>et</span> 
     </span>
     <span class='ocr_line' id='line_1_30' title="bbox 116 1912 1567 1966; baseline 0.003 -17"><span class='ocrx_word' id='word_1_265' title='bbox 116 1924 184 1962; x_wconf 90' lang='lat' dir='ltr'>pro</span> <span class='ocrx_word' id='word_1_266' title='bbox 213 1912 337 1953; x_wconf 84' lang='lat' dir='ltr'>salute</span> <span class='ocrx_word' id='word_1_267' title='bbox 368 1914 553 1950; x_wconf 85' lang='lat' dir='ltr'>universae</span> <span class='ocrx_word' id='word_1_268' title='bbox 575 1914 740 1951; x_wconf 86' lang='lat' dir='ltr'>Graeciae</span> <span class='ocrx_word' id='word_1_269' title='bbox 759 1914 862 1952; x_wconf 88' lang='lat' dir='ltr'>edita</span> <span class='ocrx_word' id='word_1_270' title='bbox 879 1914 1061 1964; x_wconf 91' lang='lat' dir='ltr'>nulloque</span> <span class='ocrx_word' id='word_1_271' title='bbox 1082 1922 1194 1965; x_wconf 90' lang='lat' dir='ltr'>pacto</span> <span class='ocrx_word' id='word_1_272' title='bbox 1215 1928 1301 1952; x_wconf 89' lang='lat' dir='ltr'>cum</span> <span class='ocrx_word' id='word_1_273' title='bbox 1320 1916 1454 1952; x_wconf 88' lang='lat' dir='ltr'>horum</span> <span class='ocrx_word' id='word_1_274' title='bbox 1475 1929 1567 1966; x_wconf 82' lang='lat' dir='ltr'>erga</span> 
     </span>
     <span class='ocr_line' id='line_1_31' title="bbox 116 1973 1568 2026; baseline 0.004 -17"><span class='ocrx_word' id='word_1_275' title='bbox 116 1973 390 2023; x_wconf 88' lang='lat' dir='ltr'>rempublicam</span> <span class='ocrx_word' id='word_1_276' title='bbox 409 1974 714 2023; x_wconf 86' lang='lat' dir='ltr'>flagitiosissimis</span> <span class='ocrx_word' id='word_1_277' title='bbox 734 1974 901 2012; x_wconf 87' lang='lat' dir='ltr'>moribus</span> <span class='ocrx_word' id='word_1_278' title='bbox 921 1976 1193 2025; x_wconf 85' lang='lat' dir='ltr'>comparanda,</span> <span class='ocrx_word' id='word_1_279' title='bbox 1213 1990 1235 2013; x_wconf 92' lang='lat' dir='ltr'>o</span> <span class='ocrx_word' id='word_1_280' title='bbox 1248 1976 1422 2026; x_wconf 87' lang='lat' dir='ltr'>judices!</span> <span class='ocrx_word' id='word_1_281' title='bbox 1453 1978 1568 2015; x_wconf 90' lang='lat' dir='ltr'>Aient</span> 
     </span>
     <span class='ocr_line' id='line_1_32' title="bbox 117 2031 1567 2086; baseline 0.005 -18"><span class='ocrx_word' id='word_1_282' title='bbox 117 2031 328 2070; x_wconf 88' lang='lat' dir='ltr'>Alcibiadis</span> <span class='ocrx_word' id='word_1_283' title='bbox 353 2033 542 2078; x_wconf 86' lang='lat' dir='ltr'>advocati,</span> <span class='ocrx_word' id='word_1_284' title='bbox 560 2047 599 2071; x_wconf 91' lang='lat' dir='ltr'>se</span> <span class='ocrx_word' id='word_1_285' title='bbox 618 2034 784 2072; x_wconf 87' lang='lat' dir='ltr'>amicitia</span> <span class='ocrx_word' id='word_1_286' title='bbox 802 2034 942 2072; x_wconf 84' lang='lat' dir='ltr'>ductos</span> <span class='ocrx_word' id='word_1_287' title='bbox 973 2035 1057 2086; x_wconf 89' lang='lat' dir='ltr'>ejus</span> <span class='ocrx_word' id='word_1_288' title='bbox 1088 2048 1244 2073; x_wconf 85' lang='lat' dir='ltr'>causam</span> <span class='ocrx_word' id='word_1_289' title='bbox 1278 2038 1388 2074; x_wconf 84' lang='lat' dir='ltr'>tueri.</span> <span class='ocrx_word' id='word_1_290' title='bbox 1445 2037 1567 2076; x_wconf 87' lang='lat' dir='ltr'>Recte</span> 
     </span>
     <span class='ocr_line' id='line_1_33' title="bbox 117 2092 1566 2143; baseline 0.006 -15"><span class='ocrx_word' id='word_1_291' title='bbox 117 2104 219 2129; x_wconf 87' lang='lat' dir='ltr'>vero.</span> <span class='ocrx_word' id='word_1_292' title='bbox 277 2092 341 2128; x_wconf 93' lang='lat' dir='ltr'>Nil</span> <span class='ocrx_word' id='word_1_293' title='bbox 369 2094 614 2143; x_wconf 88' lang='lat' dir='ltr'>reprehendo.</span> <span class='ocrx_word' id='word_1_294' title='bbox 674 2095 806 2132; x_wconf 88' lang='lat' dir='ltr'>Laudo</span> <span class='ocrx_word' id='word_1_295' title='bbox 827 2096 953 2132; x_wconf 89' lang='lat' dir='ltr'>etiam.</span> <span class='ocrx_word' id='word_1_296' title='bbox 1010 2096 1153 2133; x_wconf 91' lang='lat' dir='ltr'>Verum</span> <span class='ocrx_word' id='word_1_297' title='bbox 1176 2097 1207 2133; x_wconf 91' lang='lat' dir='ltr'>si</span> <span class='ocrx_word' id='word_1_298' title='bbox 1228 2096 1282 2133; x_wconf 90' lang='lat' dir='ltr'>illi</span> <span class='ocrx_word' id='word_1_299' title='bbox 1302 2097 1451 2136; x_wconf 85' lang='lat' dir='ltr'>tuendis</span> <span class='ocrx_word' id='word_1_300' title='bbox 1473 2100 1566 2136; x_wconf 87' lang='lat' dir='ltr'>ami-</span> 
     </span>
     <span class='ocr_line' id='line_1_34' title="bbox 114 2152 1565 2208; baseline 0.006 -19"><span class='ocrx_word' id='word_1_301' title='bbox 114 2152 172 2189; x_wconf 85' lang='lat' dir='ltr'>cis</span> <span class='ocrx_word' id='word_1_302' title='bbox 205 2153 331 2190; x_wconf 89' lang='lat' dir='ltr'>officio</span> <span class='ocrx_word' id='word_1_303' title='bbox 361 2154 548 2192; x_wconf 88' lang='lat' dir='ltr'>bonorum</span> <span class='ocrx_word' id='word_1_304' title='bbox 568 2155 734 2192; x_wconf 88' lang='lat' dir='ltr'>virorum</span> <span class='ocrx_word' id='word_1_305' title='bbox 769 2168 810 2192; x_wconf 91' lang='lat' dir='ltr'>se</span> <span class='ocrx_word' id='word_1_306' title='bbox 843 2155 1067 2194; x_wconf 88' lang='lat' dir='ltr'>satisfacere</span> <span class='ocrx_word' id='word_1_307' title='bbox 1098 2164 1311 2203; x_wconf 90' lang='lat' dir='ltr'>autumant,</span> <span class='ocrx_word' id='word_1_308' title='bbox 1332 2158 1368 2194; x_wconf 90' lang='lat' dir='ltr'>in</span> <span class='ocrx_word' id='word_1_309' title='bbox 1388 2171 1464 2208; x_wconf 91' lang='lat' dir='ltr'>quo</span> <span class='ocrx_word' id='word_1_310' title='bbox 1489 2173 1565 2197; x_wconf 92' lang='lat' dir='ltr'>non</span> 
     </span>
     <span class='ocr_line' id='line_1_35' title="bbox 118 2213 1567 2269; baseline 0.006 -20"><span class='ocrx_word' id='word_1_311' title='bbox 118 2219 270 2256; x_wconf 86' lang='lat' dir='ltr'>errant;</span> <span class='ocrx_word' id='word_1_312' title='bbox 308 2213 427 2263; x_wconf 90' lang='lat' dir='ltr'>liquet</span> <span class='ocrx_word' id='word_1_313' title='bbox 461 2227 527 2252; x_wconf 86' lang='lat' dir='ltr'>vos</span> <span class='ocrx_word' id='word_1_314' title='bbox 560 2228 713 2265; x_wconf 89' lang='lat' dir='ltr'>quoque</span> <span class='ocrx_word' id='word_1_315' title='bbox 745 2216 866 2266; x_wconf 86' lang='lat' dir='ltr'>poenis</span> <span class='ocrx_word' id='word_1_316' title='bbox 901 2217 948 2254; x_wconf 87' lang='lat' dir='ltr'>ab</span> <span class='ocrx_word' id='word_1_317' title='bbox 981 2217 1142 2255; x_wconf 90' lang='lat' dir='ltr'>inimicis</span> <span class='ocrx_word' id='word_1_318' title='bbox 1178 2219 1314 2256; x_wconf 88' lang='lat' dir='ltr'>vestris</span> <span class='ocrx_word' id='word_1_319' title='bbox 1350 2220 1567 2269; x_wconf 89' lang='lat' dir='ltr'>repetendis</span> 
     </span>
     <span class='ocr_line' id='line_1_36' title="bbox 119 2273 1567 2328; baseline 0.006 -18"><span class='ocrx_word' id='word_1_320' title='bbox 119 2273 275 2311; x_wconf 89' lang='lat' dir='ltr'>laudem</span> <span class='ocrx_word' id='word_1_321' title='bbox 293 2273 457 2312; x_wconf 88' lang='lat' dir='ltr'>virorum</span> <span class='ocrx_word' id='word_1_322' title='bbox 483 2275 632 2312; x_wconf 89' lang='lat' dir='ltr'>fortium</span> <span class='ocrx_word' id='word_1_323' title='bbox 661 2286 746 2312; x_wconf 84' lang='lat' dir='ltr'>esse</span> <span class='ocrx_word' id='word_1_324' title='bbox 778 2284 1066 2314; x_wconf 88' lang='lat' dir='ltr'>consecuturos.</span> <span class='ocrx_word' id='word_1_325' title='bbox 1125 2278 1208 2328; x_wconf 88' lang='lat' dir='ltr'>Ego</span> <span class='ocrx_word' id='word_1_326' title='bbox 1228 2291 1316 2315; x_wconf 90' lang='lat' dir='ltr'>vero</span> <span class='ocrx_word' id='word_1_327' title='bbox 1336 2292 1402 2316; x_wconf 91' lang='lat' dir='ltr'>vos</span> <span class='ocrx_word' id='word_1_328' title='bbox 1423 2280 1567 2323; x_wconf 80' lang='lat' dir='ltr'>hortor,</span> 
     </span>
     <span class='ocr_line' id='line_1_37' title="bbox 114 2334 1568 2386; baseline 0.006 -15"><span class='ocrx_word' id='word_1_329' title='bbox 114 2334 281 2384; x_wconf 87' lang='lat' dir='ltr'>judices,</span> <span class='ocrx_word' id='word_1_330' title='bbox 301 2346 388 2371; x_wconf 92' lang='lat' dir='ltr'>cum</span> <span class='ocrx_word' id='word_1_331' title='bbox 406 2335 708 2372; x_wconf 84' lang='lat' dir='ltr'>necessariorum</span> <span class='ocrx_word' id='word_1_332' title='bbox 728 2336 808 2386; x_wconf 89' lang='lat' dir='ltr'>ejus</span> <span class='ocrx_word' id='word_1_333' title='bbox 826 2337 999 2374; x_wconf 89' lang='lat' dir='ltr'>nonnulli</span> <span class='ocrx_word' id='word_1_334' title='bbox 1018 2337 1169 2375; x_wconf 90' lang='lat' dir='ltr'>venient</span> <span class='ocrx_word' id='word_1_335' title='bbox 1188 2339 1291 2376; x_wconf 89' lang='lat' dir='ltr'>hunc</span> <span class='ocrx_word' id='word_1_336' title='bbox 1311 2352 1334 2376; x_wconf 84' lang='lat' dir='ltr'>a</span> <span class='ocrx_word' id='word_1_337' title='bbox 1353 2340 1459 2378; x_wconf 91' lang='lat' dir='ltr'>vobis</span> <span class='ocrx_word' id='word_1_338' title='bbox 1479 2354 1568 2379; x_wconf 85' lang='lat' dir='ltr'>exo-</span> 
     </span>
     <span class='ocr_line' id='line_1_38' title="bbox 120 2393 1569 2450; baseline 0.006 -20"><span class='ocrx_word' id='word_1_339' title='bbox 120 2401 258 2439; x_wconf 88' lang='lat' dir='ltr'>ratum,</span> <span class='ocrx_word' id='word_1_340' title='bbox 287 2400 331 2431; x_wconf 90' lang='lat' dir='ltr'>ut</span> <span class='ocrx_word' id='word_1_341' title='bbox 354 2393 616 2444; x_wconf 86' lang='lat' dir='ltr'>indignemini,</span> <span class='ocrx_word' id='word_1_342' title='bbox 639 2395 756 2445; x_wconf 90' lang='lat' dir='ltr'>quod,</span> <span class='ocrx_word' id='word_1_343' title='bbox 783 2397 848 2444; x_wconf 91' lang='lat' dir='ltr'>qui</span> <span class='ocrx_word' id='word_1_344' title='bbox 876 2404 943 2433; x_wconf 84' lang='lat' dir='ltr'>aut</span> <span class='ocrx_word' id='word_1_345' title='bbox 967 2397 1069 2434; x_wconf 90' lang='lat' dir='ltr'>hunc</span> <span class='ocrx_word' id='word_1_346' title='bbox 1102 2410 1236 2448; x_wconf 85' lang='lat' dir='ltr'>rogare</span> <span class='ocrx_word' id='word_1_347' title='bbox 1267 2400 1421 2450; x_wconf 85' lang='lat' dir='ltr'>insuper</span> <span class='ocrx_word' id='word_1_348' title='bbox 1448 2401 1569 2438; x_wconf 91' lang='lat' dir='ltr'>habu-</span> 
     </span>
     <span class='ocr_line' id='line_1_39' title="bbox 123 2455 1568 2509; baseline 0.003 -17"><span class='ocrx_word' id='word_1_349' title='bbox 123 2455 232 2499; x_wconf 89' lang='lat' dir='ltr'>erint,</span> <span class='ocrx_word' id='word_1_350' title='bbox 259 2461 325 2491; x_wconf 88' lang='lat' dir='ltr'>aut</span> <span class='ocrx_word' id='word_1_351' title='bbox 353 2461 534 2503; x_wconf 81' lang='lat' dir='ltr'>rogantes</span> <span class='ocrx_word' id='word_1_352' title='bbox 568 2456 615 2492; x_wconf 93' lang='lat' dir='ltr'>ab</span> <span class='ocrx_word' id='word_1_353' title='bbox 646 2455 719 2493; x_wconf 92' lang='lat' dir='ltr'>hoc</span> <span class='ocrx_word' id='word_1_354' title='bbox 752 2456 953 2506; x_wconf 88' lang='lat' dir='ltr'>impetrare</span> <span class='ocrx_word' id='word_1_355' title='bbox 982 2470 1058 2494; x_wconf 90' lang='lat' dir='ltr'>non</span> <span class='ocrx_word' id='word_1_356' title='bbox 1093 2459 1297 2508; x_wconf 86' lang='lat' dir='ltr'>potuerint,</span> <span class='ocrx_word' id='word_1_357' title='bbox 1332 2467 1375 2497; x_wconf 92' lang='lat' dir='ltr'>ut</span> <span class='ocrx_word' id='word_1_358' title='bbox 1404 2460 1568 2509; x_wconf 89' lang='lat' dir='ltr'>imperiis</span> 
     </span>
     <span class='ocr_line' id='line_1_40' title="bbox 121 2515 1571 2571; baseline 0.006 -20"><span class='ocrx_word' id='word_1_359' title='bbox 121 2515 254 2564; x_wconf 81' lang='lat' dir='ltr'>patriae</span> <span class='ocrx_word' id='word_1_360' title='bbox 282 2523 444 2564; x_wconf 88' lang='lat' dir='ltr'>pareret,</span> <span class='ocrx_word' id='word_1_361' title='bbox 462 2515 576 2553; x_wconf 86' lang='lat' dir='ltr'>iidem</span> <span class='ocrx_word' id='word_1_362' title='bbox 606 2529 709 2554; x_wconf 91' lang='lat' dir='ltr'>nunc</span> <span class='ocrx_word' id='word_1_363' title='bbox 736 2518 843 2554; x_wconf 91' lang='lat' dir='ltr'>vobis</span> <span class='ocrx_word' id='word_1_364' title='bbox 876 2520 1106 2567; x_wconf 86' lang='lat' dir='ltr'>persuadere</span> <span class='ocrx_word' id='word_1_365' title='bbox 1137 2522 1377 2560; x_wconf 88' lang='lat' dir='ltr'>contendant</span> <span class='ocrx_word' id='word_1_366' title='bbox 1397 2535 1526 2571; x_wconf 85' lang='lat' dir='ltr'>poenas</span> <span class='ocrx_word' id='word_1_367' title='bbox 1548 2536 1571 2560; x_wconf 81' lang='lat' dir='ltr'>a</span> 
     </span>
     <span class='ocr_line' id='line_1_41' title="bbox 122 2574 1571 2631; baseline 0.006 -20"><span class='ocrx_word' id='word_1_368' title='bbox 122 2574 335 2613; x_wconf 83' lang='lat' dir='ltr'>criminosis</span> <span class='ocrx_word' id='word_1_369' title='bbox 360 2575 488 2612; x_wconf 87' lang='lat' dir='ltr'>nullas</span> <span class='ocrx_word' id='word_1_370' title='bbox 513 2589 598 2614; x_wconf 88' lang='lat' dir='ltr'>esse</span> <span class='ocrx_word' id='word_1_371' title='bbox 618 2577 845 2626; x_wconf 86' lang='lat' dir='ltr'>repetendas</span> <span class='ocrx_word' id='word_1_372' title='bbox 863 2591 872 2614; x_wconf 92' lang='lat'>:</span> <span class='ocrx_word' id='word_1_373' title='bbox 903 2578 961 2616; x_wconf 83' lang='lat' dir='ltr'>sin</span> <span class='ocrx_word' id='word_1_374' title='bbox 982 2586 1108 2618; x_wconf 87' lang='lat' dir='ltr'>autem</span> <span class='ocrx_word' id='word_1_375' title='bbox 1135 2582 1297 2619; x_wconf 88' lang='lat' dir='ltr'>virorum</span> <span class='ocrx_word' id='word_1_376' title='bbox 1318 2582 1354 2618; x_wconf 90' lang='lat' dir='ltr'>in</span> <span class='ocrx_word' id='word_1_377' title='bbox 1375 2582 1571 2631; x_wconf 82' lang='lat' dir='ltr'>republica</span> 
     </span>
     <span class='ocr_line' id='line_1_42' title="bbox 125 2635 1570 2691; baseline 0.007 -21"><span class='ocrx_word' id='word_1_378' title='bbox 125 2635 337 2683; x_wconf 87' lang='lat' dir='ltr'>potentium</span> <span class='ocrx_word' id='word_1_379' title='bbox 352 2636 507 2685; x_wconf 90' lang='lat' dir='ltr'>quidam</span> <span class='ocrx_word' id='word_1_380' title='bbox 525 2637 871 2688; x_wconf 76' lang='lat' dir='ltr'>Alcibiadi·praesto</span> <span class='ocrx_word' id='word_1_381' title='bbox 889 2639 963 2677; x_wconf 89' lang='lat' dir='ltr'>sint</span> <span class='ocrx_word' id='word_1_382' title='bbox 982 2640 1197 2691; x_wconf 88' lang='lat' dir='ltr'>futuri‚quo</span> <span class='ocrx_word' id='word_1_383' title='bbox 1214 2642 1487 2680; x_wconf 89' lang='lat' dir='ltr'>documentum</span> <span class='ocrx_word' id='word_1_384' title='bbox 1502 2643 1570 2680; x_wconf 90' lang='lat' dir='ltr'>ali-</span> 
     </span>
     <span class='ocr_line' id='line_1_43' title="bbox 127 2693 1570 2745; baseline 0.008 -16"><span class='ocrx_word' id='word_1_385' title='bbox 127 2693 230 2742; x_wconf 91' lang='lat' dir='ltr'>quod</span> <span class='ocrx_word' id='word_1_386' title='bbox 250 2695 430 2743; x_wconf 85' lang='lat' dir='ltr'>potentiae</span> <span class='ocrx_word' id='word_1_387' title='bbox 449 2710 529 2734; x_wconf 86' lang='lat' dir='ltr'>suae</span> <span class='ocrx_word' id='word_1_388' title='bbox 548 2697 686 2736; x_wconf 89' lang='lat' dir='ltr'>illustri</span> <span class='ocrx_word' id='word_1_389' title='bbox 705 2698 743 2735; x_wconf 90' lang='lat' dir='ltr'>in</span> <span class='ocrx_word' id='word_1_390' title='bbox 763 2699 847 2738; x_wconf 91' lang='lat' dir='ltr'>loco</span> <span class='ocrx_word' id='word_1_391' title='bbox 867 2700 1068 2745; x_wconf 89' lang='lat' dir='ltr'>collocent,</span> <span class='ocrx_word' id='word_1_392' title='bbox 1089 2702 1193 2738; x_wconf 86' lang='lat' dir='ltr'>laudi</span> <span class='ocrx_word' id='word_1_393' title='bbox 1213 2702 1312 2738; x_wconf 86' lang='lat' dir='ltr'>enim</span> <span class='ocrx_word' id='word_1_394' title='bbox 1334 2702 1404 2739; x_wconf 89' lang='lat' dir='ltr'>sibi</span> <span class='ocrx_word' id='word_1_395' title='bbox 1423 2702 1570 2740; x_wconf 86' lang='lat' dir='ltr'>ducunt</span> 
     </span>
     <span class='ocr_line' id='line_1_44' title="bbox 127 2753 1569 2804; baseline 0.008 -15"><span class='ocrx_word' id='word_1_396' title='bbox 127 2760 166 2790; x_wconf 90' lang='lat' dir='ltr'>et</span> <span class='ocrx_word' id='word_1_397' title='bbox 185 2753 222 2790; x_wconf 90' lang='lat' dir='ltr'>in</span> <span class='ocrx_word' id='word_1_398' title='bbox 241 2753 314 2791; x_wconf 92' lang='lat' dir='ltr'>hoc</span> <span class='ocrx_word' id='word_1_399' title='bbox 332 2755 506 2795; x_wconf 88' lang='lat' dir='ltr'>laborant</span> <span class='ocrx_word' id='word_1_400' title='bbox 532 2759 745 2804; x_wconf 87' lang='lat' dir='ltr'>efficiendo,</span> <span class='ocrx_word' id='word_1_401' title='bbox 768 2766 810 2797; x_wconf 91' lang='lat' dir='ltr'>ut</span> <span class='ocrx_word' id='word_1_402' title='bbox 840 2768 991 2798; x_wconf 88' lang='lat' dir='ltr'>constet</span> <span class='ocrx_word' id='word_1_403' title='bbox 1019 2762 1116 2798; x_wconf 92' lang='lat' dir='ltr'>inter</span> <span class='ocrx_word' id='word_1_404' title='bbox 1144 2774 1274 2800; x_wconf 89' lang='lat' dir='ltr'>omnes</span> <span class='ocrx_word' id='word_1_405' title='bbox 1305 2763 1569 2800; x_wconf 86' lang='lat' dir='ltr'>auctoritatem</span> 
     </span>
    </p>
   </div>
   <div class='ocr_carea' id='block_1_3' title="bbox 126 2815 1570 2916">
    <p class='ocr_par' dir='ltr' id='par_1_3' title="bbox 126 2815 1570 2916">
     <span class='ocr_line' id='line_1_45' title="bbox 126 2815 1570 2865; baseline 0.008 -16"><span class='ocrx_word' id='word_1_406' title='bbox 126 2826 295 2864; x_wconf 87' lang='lat' dir='ltr'>opesque</span> <span class='ocrx_word' id='word_1_407' title='bbox 314 2815 406 2865; x_wconf 88' lang='lat' dir='ltr'>ipsis</span> <span class='ocrx_word' id='word_1_408' title='bbox 426 2829 510 2855; x_wconf 87' lang='lat' dir='ltr'>esse</span> <span class='ocrx_word' id='word_1_409' title='bbox 527 2825 651 2858; x_wconf 88' lang='lat' dir='ltr'>tantas</span> <span class='ocrx_word' id='word_1_410' title='bbox 666 2826 709 2857; x_wconf 88' lang='lat' dir='ltr'>ut</span> <span class='ocrx_word' id='word_1_411' title='bbox 721 2821 1011 2859; x_wconf 82' lang='lat' dir='ltr'>manifestorum</span> <span class='ocrx_word' id='word_1_412' title='bbox 1026 2822 1120 2859; x_wconf 85' lang='lat' dir='ltr'>adeo</span> <span class='ocrx_word' id='word_1_413' title='bbox 1137 2823 1325 2861; x_wconf 83' lang='lat' dir='ltr'>scelerum</span> <span class='ocrx_word' id='word_1_414' title='bbox 1342 2836 1427 2862; x_wconf 78' lang='lat' dir='ltr'>reos</span> <span class='ocrx_word' id='word_1_415' title='bbox 1443 2830 1570 2862; x_wconf 84' lang='lat' dir='ltr'>tamen</span> 
     </span>
     <span class='ocr_line' id='line_1_46' title="bbox 812 2882 886 2916; baseline 0.014 -1"><span class='ocrx_word' id='word_1_416' title='bbox 812 2882 833 2915; x_wconf 75' lang='lat'>2</span> <span class='ocrx_word' id='word_1_417' title='bbox 866 2893 886 2916; x_wconf 88' lang='lat' dir='ltr'>L</span> 
     </span>
    </p>
   </div>
  </div>
 </body>
</html>
