1822 3219
249 163 326 198 244
888 158 1061 198 LYSIAE

253 269 349 306 faria
375 272 414 305 et
442 267 544 319 plebi
568 275 705 306 vestrae
741 270 853 307 noxia
886 274 1098 320 patrantes.
1161 268 1306 305 Verum
1331 267 1406 306 hoc
1434 268 1602 318 quidem,
1629 283 1708 309 norr

255 329 371 367 modo
390 342 466 367 non
486 329 779 375 demonstrabit,
801 330 868 368 sed
889 343 936 368 ne
955 329 1158 368 conabitur
1176 328 1345 379 quidem.
1404 328 1492 366 Non
1508 329 1607 367 enim
1619 343 1710 381 pro-

253 391 355 429 fecto
369 390 579 442 Trigintaty
587 392 695 429 ranni
711 403 776 429 eos
795 392 843 428 ob
861 390 961 428 mala
975 402 1105 428 eorum
1123 389 1170 429 de
1187 389 1298 439 plebe
1314 388 1448 426 merita
1461 389 1710 437 sustulerunt,

253 452 375 498 veriti,
403 465 451 489 ne
476 452 670 502 popularis
696 451 852 489 libertas
881 452 929 489 ab
962 451 1034 488 illis
1055 450 1310 500 jugularetur,
1331 461 1456 500 neque
1483 450 1609 488 studio
1622 450 1711 501 jura

254 518 383 550 vestra
400 512 546 557 tuendi,
560 522 598 549 et
617 512 820 549 violatores
842 524 974 549 eorum
996 510 1194 562 puniendi.
1252 510 1340 547 Alia
1359 511 1498 548 omnia.

311 574 373 611 12.
403 573 481 610 Sed
506 572 583 610 aiet
610 572 767 610 forsitan
794 572 1003 623 Agoratus,
1025 572 1184 608 invitum
1215 584 1256 609 se
1283 578 1409 608 tantas
1428 572 1562 609 turbas
1581 572 1719 610 conci·

253 640 372 671 tasse.
430 633 547 676 Quod
567 646 653 670 cum
676 633 792 678 dicet,
814 640 880 669 aut
895 646 1022 670 verum
1044 633 1148 670 dicet
1167 639 1234 669 aut
1248 632 1468 678 mentietur,
1481 639 1520 670 et
1534 639 1714 670 neutrum

255 692 305 730 ad
334 705 435 730 rem:
467 705 541 743 ego
566 693 666 730 enim
694 693 749 730 sic
774 705 925 730 mecum
952 699 1094 738 statuo,
1112 692 1280 743 judiceS,
1306 693 1336 730 si
1367 693 1453 742 quis
1478 692 1579 730 mala
1604 693 1714 730 vobis

253 753 393 791 crearit
412 760 519 791 tanta
534 761 577 790 ut
596 753 670 791 alia
685 753 828 804 majora
843 753 1003 803 cogitari
1019 760 1227 803 nequeant,
1243 753 1392 790 etiamsi
1406 753 1545 790 invitus
1559 753 1712 798 crearit,

254 827 332 852 non
351 814 435 852 ideo
451 814 559 851 nobis
577 814 782 852 convenire
798 822 840 852 ut
854 814 920 851 illa
934 814 1042 852 inviti
1061 814 1233 852 facinora
1252 814 1375 851 inulta
1394 814 1718 851 transmittamusr

254 876 397 913 Verum
414 875 594 913 mentitur
606 875 644 913 id
660 889 738 926 prae
754 888 794 913 se
810 876 948 913 ferens.
997 875 1152 913 Licebat
1166 876 1264 912 enim
1282 876 1328 920 ei,
1342 875 1444 925 apud
1462 874 1714 925 Munychiam

253 935 380 974 adhuc
400 936 436 973 in
459 949 524 973 ara
543 936 708 982 sedenti,
730 942 857 973 tutum
878 936 915 972 in
937 936 1063 973 locum
1093 935 1288 980 secedere,
1309 936 1451 985 paratis
1478 941 1517 974 et
1538 936 1714 973 lintribus

255 1002 294 1033 et
318 996 579 1046 sponsoribus,
599 996 674 1033 illis
697 1009 784 1033 eum
812 996 990 1042 avehere,
1009 995 1069 1032 his
1093 997 1298 1033 abeuntem
1323 996 1510 1033 comitari.
1565 997 1717 1038 Quibus

255 1056 287 1093 si
309 1063 362 1101 tu,
386 1056 570 1106 Agorate,
590 1056 781 1094 voluisses
811 1057 970 1106 obsequi
998 1056 1250 1106 comitemque
1271 1063 1309 1093 te
1330 1057 1585 1106 navigationis
1612 1057 1718 1103 dare,

254 1117 465 1155 verendum
503 1117 556 1153 nil
590 1123 685 1162 erat,
715 1129 762 1155 ne
795 1123 852 1155 tot
883 1117 1139 1154 Athenienses
1174 1116 1346 1162 tolleres,
1381 1129 1430 1154 ne
1463 1117 1494 1155 si
1516 1117 1717 1157 'voluisses

255 1178 425 1228 quidem,
453 1177 598 1216 nedum
624 1185 667 1215 ut
695 1178 858 1216 invitus:
894 1191 1027 1216 verum
1054 1178 1282 1216 auctoritate
1312 1179 1452 1216 ductus
1477 1192 1608 1217 eorum
1633 1180 1722 1230 qui-

255 1252 408 1289 cunque
428 1238 585 1276 fuerunt
599 1252 762 1288 quorum
783 1239 822 1275 in
842 1238 1070 1276 auctoritate
1086 1238 1206 1282 fuisti,
1224 1239 1406 1288 sperabas
1424 1245 1459 1276 te
1473 1239 1574 1277 bona
1590 1241 1722 1278 nescio

255 1313 344 1350 quae
364 1306 402 1337 et
421 1306 568 1350 quanta
588 1300 836 1351 adepturum,
858 1299 1069 1337 dummodo
1089 1305 1345 1349 strategorum
1366 1306 1481 1349 atque
1504 1300 1720 1339 taxiarche-

255 1374 339 1398 rum
368 1361 525 1398 nomina
553 1360 757 1398 indicares.
815 1360 936 1397 Nullo
961 1360 1093 1410 itaque
1120 1359 1238 1397 modo
1264 1361 1458 1406 convenit,
1479 1360 1578 1397 hanc
1602 1373 1717 1410 quam

256 1429 296 1460 tu
318 1421 520 1459 assimulas
552 1421 753 1458 stultitiam
780 1427 895 1470 atque
922 1421 1188 1457 credulitatem
1213 1427 1318 1457 tuam
1346 1434 1460 1470 penes
1479 1434 1550 1458 nos
1570 1421 1720 1460 veniam

257 1482 441 1524 invenire,
462 1493 576 1530 quam
605 1481 659 1517 illi
681 1494 778 1530 quos
803 1489 843 1517 tu
873 1480 1068 1530 peremisti
1099 1482 1166 1518 abs
1192 1487 1231 1517 te
1251 1480 1396 1518 nullam
1420 1481 1612 1519 invenere.
1670 1482 1723 1519 Et

258 1542 422 1593 Hippias
457 1541 613 1591 quidem
650 1541 821 1578 Thasius
852 1548 968 1591 atque
1002 1540 1221 1591 Xenophon
1257 1540 1474 1586 Icariensis,
1505 1542 1637 1579 eadem
1671 1542 1722 1580 de

259 1615 377 1642 causa
410 1602 445 1638 in
481 1602 627 1639 curiam
660 1601 773 1639 acciti
806 1614 883 1651 qua
915 1608 957 1638 tu
988 1601 1108 1645 fuisti,
1145 1601 1269 1651 capite
1302 1602 1470 1648 luerunt,
1503 1603 1724 1653 Xenophon>

257 1663 413 1714 quidem
442 1669 532 1700 ante
556 1668 717 1699 mortem
750 1662 950 1699 tormentis
981 1662 1192 1712 subjectuS,
1225 1661 1387 1712 Hippias
1418 1669 1545 1700 autem
1566 1664 1584 1684 *
1605 1663 1626 1683 ⁴
1646 1663 1667 1684 ⁴⁵
1685 1664 1720 1701 ἦ

259 1723 506 1761 Videbantur
535 1734 677 1772 nempe
707 1722 746 1758 hi
779 1721 857 1759 duo
887 1722 956 1758 viri
989 1721 1338 1772 Trigintatyrannis
1368 1722 1543 1760 homines
1574 1724 1725 1774 indigni

262 1784 401 1830 salute,
423 1783 565 1834 quippe
585 1783 652 1832 qui
680 1782 801 1819 civem
822 1782 1097 1819 Atheniensem
1124 1782 1315 1819 neminem
1336 1782 1476 1820 indicio
1496 1796 1566 1820 suo
1585 1796 1722 1834 percu-

259 1845 420 1890 lissent;
450 1845 661 1894 Agoratum
683 1849 811 1881 autem
831 1843 1086 1881 absolvebant
1106 1843 1206 1889 ideo,
1228 1843 1333 1893 quod
1348 1843 1450 1882 visus
1470 1851 1572 1882 esset
1590 1858 1723 1884 eorum

260 1906 411 1944 libidini
431 1905 607 1943 servisse.

321 1969 384 2004 13.
414 1967 557 2003 Verum
586 1965 702 2003 audio
725 1965 830 2003 illum
858 1971 1006 2016 partem
1029 1966 1144 2017 hujus
1164 1966 1326 2016 negotii,
1350 1967 1454 2017 quod
1473 1966 1511 2003 in
1533 1966 1724 2007 delatione

264 2033 454 2074 versatur,
472 2027 512 2064 in
538 2026 822 2064 Menestratum
854 2026 1038 2064 collatum
1070 2027 1136 2064 ire.
1193 2027 1279 2077 Ego
1304 2040 1395 2065 vero
1422 2033 1541 2065 totam
1567 2041 1661 2074 rem,
1680 2035 1726 2068 ut

262 2088 396 2133 habet,
414 2099 620 2139 exponam.
677 2086 819 2124 Audite
839 2099 989 2137 quaeso.
1049 2087 1329 2132 Menestratus‚
1351 2087 1399 2124 de
1420 2100 1498 2137 quo
1517 2088 1654 2138 agitur,
1675 2090 1723 2127 ab

263 2149 338 2187 hoc
359 2150 531 2199 Agorato
560 2161 637 2185 una
663 2161 750 2185 cum
777 2147 933 2197 reliquis
963 2147 1219 2193 deferebatur,
1238 2148 1403 2198 ideoque
1422 2149 1722 2198 comprehensus

263 2209 302 2246 in
322 2209 474 2246 vincula
493 2208 678 2246 dabatur:
710 2208 779 2246 sed
799 2214 881 2246 erat
897 2207 1163 2246 Menestratus
1184 2221 1230 2245 ex
1250 2209 1386 2245 eodem
1407 2208 1531 2252 demo,
1551 2222 1620 2246 seu
1640 2223 1724 2247 mu-

263 2268 418 2319 nicipio,
437 2269 635 2313 oriundus,
655 2269 758 2305 unde
792 2268 1056 2317 Hagnodorus
1085 2268 1466 2318 Amphitropaeensis,
1487 2270 1551 2318 qui
1579 2270 1723 2317 Critiae,

264 2329 368 2367 illius
397 2329 491 2375 noti,
520 2342 541 2366 e
573 2329 738 2378 collegio
759 2328 1200 2379 Trigintatyrannorum,
1227 2342 1392 2367 sororem
1421 2331 1458 2366 in
1484 2331 1724 2370 matrimonio

265 2390 445 2427 habebat.
503 2389 582 2426 Hic
603 2389 741 2426 Critias
761 2402 867 2439 erg0,
885 2389 1022 2439 partim
1044 2389 1164 2439 ipsius
1187 2389 1417 2427 Menestrati
1433 2391 1565 2428 tuendi
1580 2399 1620 2428 et
1636 2405 1725 2430 con-

267 2452 448 2491 servandi
463 2452 606 2497 studio,
625 2451 760 2502 partim
784 2464 851 2502 spe
870 2451 965 2488 lucri
987 2451 1045 2488 sui
1064 2452 1259 2501 (sperabat
1277 2451 1377 2488 enirn
1396 2463 1481 2488 eum
1504 2451 1644 2489 habere
1663 2452 1723 2488 in-

269 2514 396 2552 dicem
428 2513 622 2558 idoneum,
651 2513 826 2562 laqueum
858 2513 982 2563 quasi,
1009 2511 1055 2549 ad
1091 2513 1185 2549 alios
1217 2512 1344 2550 adhuc
1374 2512 1495 2550 multo
1524 2512 1653 2562 plures
1683 2513 1723 2551 in

269 2574 427 2613 exitium
446 2572 774 2624 pertrahendum),
792 2572 970 2623 producit
988 2584 1080 2622 ergo
1097 2572 1234 2609 Critias
1255 2571 1358 2609 hunc
1374 2572 1655 2609 Menestratum
1675 2573 1726 2610 ad

269 2635 493 2674 concionem
514 2634 552 2671 in
570 2632 794 2684 Munychiae
813 2633 964 2670 theatro
985 2645 1231 2682 congressam
1249 2645 1258 2670 ι
1288 2632 1338 2669 ibi
1358 2644 1435 2669 una
1453 2644 1540 2669 cum
1563 2632 1725 2684 Hagno-

268 2696 366 2733 doro
378 2695 601 2747 perficiebat
614 2700 655 2732 ut
668 2693 743 2732 hoc
760 2693 955 2731 decretum
971 2693 1211 2740 scriberetur,
1222 2705 1298 2744 quo
1313 2693 1553 2732 Menestrato
1568 2693 1727 2745 spiritus

270 2756 381 2794 venia
397 2755 574 2794 dabatur.
