1822 3219
473 143 581 181 PRO
612 143 769 180 CAEDE
800 142 1084 180 ERATOSTH
1096 144 1229 181 Ele,
1502 143 1572 178 149

125 238 248 276 haud
276 238 342 276 ita
369 239 550 290 pridem
580 241 872 278 temulentus
900 253 997 278 eam
1027 241 1245 277 vexabaS.
1303 240 1363 277 Ad
1381 253 1467 289 quae
1488 252 1576 289 ego,

127 300 230 337 velut
257 300 350 350 joco
381 301 497 346 dicta,
529 302 672 344 ridere;
703 301 769 339 illa
804 313 892 338 vero
924 313 1091 350 surgere,
1113 300 1231 343 abire,
1253 300 1353 336 fores
1374 299 1582 348 adducere,

126 374 195 411 per
220 362 300 412 joci
334 362 628 405 simulationem,
651 370 688 399 et
716 363 861 399 clavem
901 374 1032 399 secum
1070 360 1245 397 aufferre.
1304 361 1474 402 Quorum
1509 371 1582 408 ego

128 424 308 465 omnium,
330 423 422 460 nihil
454 425 658 473 quicquam
693 423 741 460 ad
775 424 944 460 animum
980 435 1180 468 revocans,
1210 434 1332 471 neque
1367 421 1416 457 de
1445 420 1578 457 fraude

127 484 338 534 suspicans,
358 484 481 522 somni
516 483 720 520 dulcedine
754 483 894 533 cupide
927 483 1163 533 perfruebar,
1190 495 1276 519 rure
1308 493 1482 518 reversus
1502 488 1539 516 et
1558 493 1579 516 e

127 544 188 581 via
208 544 342 581 fessus.
390 543 644 580 Illucescente
677 544 816 580 sensim
839 543 1022 588 die‚uxor
1041 543 1192 580 rediens
1208 542 1346 579 ostium
1364 540 1577 580 reserabat;

128 611 167 641 et
185 617 206 640 a
228 617 286 641 me
307 605 553 652 interrogata,
570 603 663 653 quid
681 604 780 640 fores
805 603 852 640 de
875 610 987 639 nocte
1007 603 1334 652 concrepuissent,
1351 601 1583 639 causabatur

127 664 309 715 lychnum
330 664 379 701 ad
398 670 513 713 caput
531 663 650 713 puelli
679 664 875 701 ardentem
907 663 1137 713 exspirasse,
1158 663 1211 699 ita
1229 674 1388 699 necesse
1410 661 1523 698 fuisse
1543 667 1585 696 ut

128 739 148 762 e
168 726 306 763 vicinia
324 726 453 762 lumen
474 733 742 763 arcesseretur.
799 725 946 762 Tacere
967 737 1054 774 ego,
1074 724 1128 761 sic
1150 737 1191 761 se
1218 737 1296 761 rem
1315 724 1455 761 habere
1476 730 1586 760 autu-

130 798 254 822 mans.
310 786 453 823 Verum
475 793 605 823 tamen
636 786 794 823 videbar
823 785 912 822 mihi
944 798 985 823 os
1020 785 1145 822 uxoris
1177 791 1414 822 cerussatum
1444 783 1585 828 videre,

129 847 282 884 tametsi
315 847 397 884 dies
429 847 481 883 illi
515 846 687 883 nondum
721 847 941 897 trigesimus
978 847 1026 883 ab
1058 858 1220 883 excessu
1250 845 1377 883 fratris
1413 844 1585 882 exisset:

130 906 223 943 nihil
244 914 375 944 tamen
397 920 442 945 eo
462 913 588 944 motus
608 920 681 957 ego
703 907 818 944 domo
838 907 926 953 exii,
947 919 995 943 ne
1015 907 1169 944 hiscens
1189 906 1357 956 quidem.

183 970 222 1004 5.
253 969 442 1018 Tempore
474 975 564 1018 post
590 968 741 1006 accedit
769 969 818 1005 ad
848 981 922 1013 me,
941 981 963 1005 o
982 968 1066 1012 viri,
1089 982 1110 1005 a
1138 981 1250 1005 sensu
1281 974 1320 1004 et
1350 965 1588 1004 conscientia

129 1028 318 1066 malorum
337 1042 508 1066 meorum
529 1029 755 1078 longissime
776 1029 998 1073 distantem,
1017 1042 1113 1065 anus
1145 1041 1168 1065 a
1202 1035 1375 1064 matrona
1406 1025 1584 1076 quapiam

132 1088 314 1133 immissa,
333 1101 448 1138 quam
482 1085 695 1125 matronam
718 1088 996 1126 Eratosthenes
1025 1088 1203 1132 antehac,
1224 1087 1262 1124 id
1288 1086 1390 1138 quod
1413 1092 1586 1136 postmo-
1620 1094 1625 1095 ⁷

130 1147 222 1184 dum
244 1149 427 1198 comperi,
450 1155 583 1198 stupro
603 1148 798 1198 cognitam
825 1149 1033 1186 habuerat:
1063 1148 1129 1185 illa
1163 1147 1290 1197 igitur,
1310 1146 1482 1197 injuriam
1516 1145 1590 1188 sibi

131 1210 271 1246 factam
299 1216 381 1246 rata
404 1211 451 1246 ab
479 1222 525 1246 eo
547 1222 569 1246 a
598 1222 674 1258 quo
704 1222 780 1246 non
815 1215 889 1246 tam
921 1208 1076 1245 assidue
1101 1215 1216 1257 atque
1236 1214 1349 1244 antea
1367 1207 1590 1255 frequenta-

131 1277 247 1316 retur,
268 1270 459 1320 speculari
491 1278 529 1307 et
560 1269 741 1313 insidiari,
763 1269 886 1307 donec
913 1282 1067 1307 causam
1090 1269 1148 1306 sui
1169 1275 1416 1318 contemptus
1436 1266 1592 1303 investi-

133 1336 254 1380 garet.
311 1330 418 1367 Anus
438 1329 552 1379 igitur
570 1329 648 1374 illa,
668 1342 784 1379 quam
808 1329 910 1374 dico,
931 1342 1018 1367 cum
1047 1329 1163 1366 domo
1197 1335 1399 1366 exeuntem
1432 1340 1491 1364 me
1523 1327 1590 1363 diu

116 1390 352 1440 -praestolata
383 1390 540 1427 tandem
574 1397 760 1435 cerneret,
782 1390 1037 1440 Euphilete
1065 1390 1134 1439 (ait
1165 1389 1316 1440 propius
1350 1389 1589 1438 congressa),

134 1450 278 1487 nolim
320 1450 409 1487 tibi
438 1450 588 1488 videri
628 1450 747 1487 male
790 1451 961 1488 feriata
998 1450 1195 1500 quadam
1226 1449 1488 1487 sedulitate
1517 1461 1590 1485 res

134 1510 322 1547 alienas
353 1510 601 1548 scrutandi
629 1523 941 1560 congressum
972 1518 1122 1548 tecum
1153 1517 1322 1548 venata
1362 1522 1492 1546 esse:
1523 1509 1590 1545 vir

134 1571 281 1615 enim,
312 1571 390 1621 qui
433 1578 570 1621 teque
611 1577 830 1620 tuamque
873 1572 1052 1621 pariter
1092 1584 1278 1608 uxorem
1308 1570 1589 1615 dedecorat,

134 1630 358 1670 inimicus
401 1632 535 1668 nobis
578 1638 670 1668 est.
729 1632 965 1669 Ancillam
1009 1638 1234 1676 vestram,
1273 1643 1408 1680 quam
1450 1632 1589 1668 obso-

136 1699 295 1729 natum
324 1692 377 1731 ad
409 1691 659 1730 macellum
689 1692 935 1729 missitare
966 1692 1172 1741 aliisque
1213 1691 1406 1728 minutis
1447 1703 1592 1740 nego-

135 1752 216 1790 tiis
236 1753 348 1790 foris
367 1753 688 1803 exsequendis
718 1754 941 1792 adhibere
971 1755 1161 1799 soletis,
1192 1755 1385 1791 seorsim
1406 1754 1444 1791 si
1465 1766 1591 1790 sum-

136 1814 378 1864 pseris‚ex
400 1827 546 1864 eaque
567 1814 915 1851 confessionem
932 1815 1027 1851 veri
1048 1815 1297 1852 tormentis
1320 1814 1593 1860 extorseris,

136 1887 226 1911 rem
264 1875 532 1912 universam
574 1874 841 1924 intelliges.
913 1875 1261 1912 Eratosthenes
1292 1874 1479 1912 OEensis
1508 1874 1591 1911 ho·

136 1947 231 1971 rum
274 1941 347 1972 est
383 1935 465 1982 (ait)
504 1935 766 1972 facinorum
808 1934 1121 1972 architectus:
1165 1935 1202 1971 is
1242 1947 1333 1971 non
1364 1941 1487 1971 tuam
1518 1947 1591 1971 so-

136 1994 370 2032 lummodo
407 1995 625 2045 corrupit
659 2008 857 2040 uxorem,
888 1995 968 2031 sed
1011 1995 1209 2032 aliorum
1253 2007 1441 2044 quoque
1484 1994 1593 2031 mul-

136 2061 285 2092 torum
337 2055 532 2093 multas:
586 2055 704 2092 hanc
752 2055 872 2091 enim
919 2063 1063 2092 artem
1108 2055 1321 2092 factitat.
1388 2054 1457 2091 His
1496 2067 1591 2092 anus

136 2115 264 2160 dictis,
283 2128 305 2153 ο
324 2115 406 2161 viri,
426 2116 626 2153 discessit:
658 2116 796 2166 quibus
817 2128 889 2165 ego
909 2115 1109 2153 confestim
1126 2116 1396 2160 conturbabar,
1417 2116 1590 2153 omnibus

140 2175 252 2213 simul
290 2177 327 2213 in
362 2184 527 2213 mentem
561 2176 820 2222 redeuntibus,
850 2185 889 2213 et
929 2176 1210 2226 suspicionibus
1239 2176 1437 2227 implebar,
1467 2189 1592 2214 recor-

138 2237 248 2282 dans,
279 2250 339 2275 me
369 2238 407 2274 in
435 2238 615 2275 cubiculo
656 2239 882 2275 conclusum
915 2237 1045 2281 fuisse,
1089 2237 1279 2287 binasque
1309 2237 1407 2274 fores
1437 2250 1593 2275 concre-

140 2298 287 2348 puisse,
311 2305 386 2334 tam
416 2311 481 2336 eas
511 2312 598 2348 quoe
619 2312 639 2335 e
666 2298 801 2336 semita
829 2298 866 2334 in
900 2297 1005 2335 aedes
1035 2311 1150 2348 quam
1182 2311 1269 2347 quae
1302 2310 1348 2334 ex
1377 2297 1525 2334 aedibus
1555 2297 1591 2334 in

138 2358 352 2396 cavaedium
386 2359 658 2396 ducunt—id
692 2359 798 2409 quod
832 2365 947 2396 antea
977 2372 1167 2408 nunquam
1201 2359 1346 2395 factum
1382 2358 1505 2395 fuerat
1526 2382 1591 2407 -—‚

138 2419 228 2456 item
248 2432 291 2455 os
313 2419 441 2456 uxoris
463 2419 553 2456 mihi
569 2420 692 2456 visum
712 2419 830 2456 fuisse
851 2427 1101 2456 cerussatum.
1159 2419 1255 2456 Haec
1276 2419 1403 2456 omnia
1424 2420 1535 2456 simul
1556 2420 1592 2455 in

141 2485 306 2516 mentem
340 2479 539 2517 redeuntia
570 2479 850 2529 suspicionibus
881 2492 964 2516 eam
996 2480 1224 2530 implebant.
1295 2480 1411 2517 Istaec
1448 2481 1483 2516 in
1518 2480 1590 2517 via.

142 2539 312 2576 Domum
332 2540 387 2577 sic
413 2553 602 2589 reversus,
622 2553 688 2590 per
715 2541 883 2590 speciem
912 2541 1062 2578 ancillae
1085 2541 1329 2591 imperabam,
1349 2550 1391 2577 ut
1410 2541 1447 2576 in
1467 2540 1603 2577 forum‘

143 2611 204 2636 me
224 2600 492 2638 comitaretur:
523 2614 597 2651 ego
616 2614 705 2638 vero
725 2601 828 2638 illam
851 2600 898 2638 ad
921 2601 1128 2638 amicorum
1151 2601 1316 2650 aliquem
1337 2600 1590 2645 adducebam,

143 2659 208 2695 ubi
228 2659 262 2696 ei
284 2660 561 2710 significabam‚
582 2674 668 2711 quae
698 2661 801 2698 domi
828 2674 922 2698 meae
950 2661 1096 2706 fierent,
1121 2674 1168 2699 ea
1196 2674 1254 2697 me
1284 2660 1410 2697 omnia
1438 2666 1590 2697 tenere:

146 2718 384 2757 Utrumvis
419 2720 563 2771 igitur
595 2722 779 2771 (inquam)
810 2727 972 2771 optare
1008 2734 1152 2770 penes
1183 2728 1227 2756 te
1259 2726 1341 2765 est,
1379 2719 1474 2757 sive
1505 2733 1591 2757 ma-

145 2779 274 2816 voles
302 2779 416 2817 loris
446 2788 576 2819 secta
603 2782 646 2818 in
677 2781 928 2832 pistrinum
958 2781 1157 2825 detrudi,
1188 2780 1265 2816 ubi
1295 2779 1428 2817 malis
1459 2788 1593 2830 septa

145 2840 386 2877 teneberis
427 2841 556 2879 finem
604 2855 836 2892 nunquam
876 2841 1122 2886 habituris,
1152 2840 1247 2877 sive
1286 2840 1593 2878 confessione
