1822 3219
192 171 262 208 140
844 176 1011 215 LYSIAE

184 276 372 326 persuasi,
388 276 557 326 judices,
577 278 647 315 nisi
667 278 754 316 duae
774 279 843 317 viae
865 280 923 317 sui
942 279 1143 330 purgandi.
1199 280 1280 316 Aut
1296 279 1396 316 enim
1416 279 1512 317 alius
1530 279 1635 330 quis-

184 337 287 386 piam
313 337 345 373 ei
373 337 696 376 demonstrandus
723 347 794 385 est,
821 353 940 390 penes
964 352 1079 389 quem
1104 339 1236 377 abdita
1264 340 1436 378 haereant
1464 340 1638 390 Ergoclis

183 398 297 441 bona,
317 405 384 434 aut
403 398 560 449 planum
579 400 807 446 faciendum,
831 400 1032 451 Ergoclem
1053 401 1174 438 aerarii
1191 400 1306 438 vestri
1324 400 1546 451 praedonem
1561 413 1639 438 non

187 457 305 495 fuisse
329 458 672 510 largitionibusque
692 461 876 498 intactum
908 468 1023 511 atque
1052 462 1291 499 inaccessum
1317 461 1446 506 fuisse,
1476 460 1639 511 ideoque

186 531 253 567 per
274 519 382 557 nefas
403 533 425 557 a
445 521 552 558 vobis
575 522 768 559 sublatum
789 535 888 559 esse.
946 523 1012 559 Sin
1034 529 1163 560 autem
1190 522 1227 559 id
1255 521 1332 566 fiet,
1353 521 1456 572 quod
1478 533 1638 559 necesse

187 586 246 616 est
266 579 358 624 fieri,
375 588 414 617 ut
435 581 674 619 Philocrates
695 583 829 620 horum
851 590 1027 620 neutrum
1054 583 1205 628 doceat,
1225 583 1352 629 placet
1371 582 1472 619 hunc
1491 593 1514 618 a
1533 580 1641 618 vobis

187 640 448 679 condemnari.
506 643 753 681 Succensetis
783 644 828 681 iis
859 652 976 693 atque
1007 644 1164 694 punitis,
1193 644 1224 680 si
1249 643 1312 692 qui
1344 642 1438 680 alios
1464 648 1530 679 aut
1553 647 1639 679 astu

186 710 400 752 emungant
424 711 490 740 aut
520 705 555 740 vi
587 705 882 754 depraedentur:
913 705 978 755 qui
1003 717 1096 755 ergo
1124 703 1327 742 conveniat
1347 716 1415 740 vos
1438 702 1483 740 iis
1508 702 1644 740 couni-

188 776 274 800 vere
295 772 412 812 atque
432 765 644 813 ignoscere,
665 766 696 802 si
717 765 780 815 qui
800 772 928 803 vestra
942 765 1192 815 ipsorummet
1209 765 1310 802 bona
1330 763 1442 801 furati
1462 774 1582 814 penes
1601 774 1643 799 se

189 824 344 861 occulta
363 824 582 864 retineant?
1116 855 1119 859 ,

244 887 281 921 -2,
312 884 606 923 Atheniensium
627 887 758 936 ecquis
781 892 840 924 est
864 899 978 938 quem
1005 887 1140 937 fugiat,
1160 888 1231 925 tria
1258 886 1404 926 talenta
1430 885 1548 924 fuisse
1573 897 1642 937 pro

192 944 359 995 Ergocle
391 945 529 983 alicubi
556 959 624 997 per
648 947 804 984 modum
834 946 1121 985 fideicommissi
1147 946 1322 998 deposita
1341 947 1555 984 oratoribus
1574 945 1643 983 de-

189 1019 326 1056 ponsa‚
347 1007 377 1043 si
399 1013 561 1057 possent
579 1020 666 1045 eum
683 1007 854 1058 periculo
873 1007 1010 1058 capitis
1029 1007 1174 1059 eripere
1193 1015 1261 1045 aut
1285 1007 1412 1045 saltim
1436 1005 1644 1044 necessita-

190 1075 268 1105 tem
288 1067 457 1106 devitare
476 1068 603 1119 ipsum
624 1068 860 1106 accusandi?
917 1069 1100 1107 Oratores
1125 1076 1264 1115 autem,
1284 1079 1514 1119 quanquam>
1528 1078 1646 1117 pecu-

190 1129 294 1166 niam
313 1141 390 1166 non
412 1129 670 1175 fastidiebant,
685 1136 949 1168 verumtamen
969 1129 1144 1168 videntes
1164 1129 1398 1167 iracundiam
1412 1133 1578 1171 vestram
1597 1126 1648 1165 ad

190 1192 430 1242 puniendum
462 1193 674 1240 ardentem,
705 1194 857 1243 quietos
887 1206 972 1231 sese
1001 1193 1265 1239 continebant,
1297 1204 1422 1242 neque
1454 1190 1650 1229 audebant

193 1255 479 1305 importunitate
499 1255 615 1293 studii
634 1262 702 1294 aut
721 1255 923 1306 Ergoclem
939 1256 1117 1294 servandi
1137 1262 1203 1294 aut
1220 1256 1346 1294 saltim
1365 1254 1650 1293 accusationem

192 1317 275 1367 ejus
293 1317 491 1354 avertendi
510 1330 595 1355 sese
620 1318 724 1367 ipsos
745 1317 921 1367 prodere.
978 1317 1219 1356 Philocrates
1239 1317 1368 1367 itaque
1385 1316 1546 1367 primum
1565 1315 1650 1366 qui·

193 1377 295 1422 dem,
315 1391 402 1415 cum
423 1378 488 1414 illa
508 1378 578 1414 tria
597 1378 744 1415 talenta
769 1390 976 1428 reposcens
1004 1379 1052 1416 ab
1073 1379 1146 1416 illis
1166 1390 1391 1429 recuperare
1411 1389 1486 1415 non
1505 1382 1651 1427 posset,

193 1439 410 1476 minabatur
430 1453 507 1477 rem
529 1453 570 1476 se
589 1440 830 1490 proditurum
850 1452 994 1490 eosque
1024 1440 1073 1477 ad
1097 1440 1284 1491 populum
1304 1445 1549 1489 acceptorum
1568 1449 1652 1475 mu-

194 1513 327 1537 nerum
354 1500 511 1539 crimine
538 1501 755 1538 delaturum
773 1514 782 1538 z
815 1501 956 1539 deinde
976 1514 1081 1548 vero,
1101 1509 1307 1552 postquam
1335 1500 1401 1538 illa
1420 1500 1491 1538 tria
1510 1498 1654 1537 talenta

195 1562 434 1611 recuperavit
464 1569 503 1599 et
527 1574 604 1599 una
635 1575 723 1600 cum
751 1562 794 1600 iis
819 1562 1052 1612 reliquorum
1079 1575 1231 1613 quoque
1263 1563 1449 1600 bonorum
1481 1559 1655 1611 Ergoclis

194 1623 338 1674 potitus
358 1631 428 1668 est,
450 1635 497 1660 eo
519 1624 705 1673 processit
725 1623 910 1670 audaciae,
931 1631 974 1662 ut
996 1631 1146 1675 emptos
1171 1637 1246 1661 aere
1271 1629 1388 1661 testes
1407 1622 1478 1660 sibi
1496 1633 1653 1672 compa-

194 1690 307 1729 raret,
327 1684 394 1733 qui
415 1697 500 1721 mox
520 1684 802 1722 confirmabunt
820 1684 989 1722 omnium
1012 1684 1207 1722 hominum
1240 1683 1497 1720 Philocratem
1528 1681 1653 1733 Ergo-

194 1744 246 1781 cli
266 1744 382 1781 fuisse
402 1744 706 1782 infestissimum.
766 1746 901 1795 Atqui,
920 1746 951 1782 si
971 1745 1210 1782 Philocrates
1227 1745 1431 1795 Ergoclem
1448 1749 1556 1781 tanto
1570 1756 1656 1794 pro-

196 1806 428 1854 sequebatur
465 1805 568 1849 odio‚
607 1805 898 1851 existimatisne,
925 1806 1092 1855 judices,
1118 1805 1376 1844 Philocratem
1408 1817 1454 1842 eo
1487 1817 1656 1855 unquam

200 1866 316 1902 fuisse
337 1865 543 1902 dementiae
577 1878 860 1916 processurum,
878 1872 922 1903 ut
949 1866 1219 1904 mer-aiebatus
1247 1866 1486 1904 functionem
1519 1871 1655 1917 sponte

191 1938 271 1963 vsua
298 1933 537 1976 capesseret,
563 1926 790 1976 imperatore
819 1926 1078 1977 Thrasybulo,
1111 1928 1172 1964 cui
1202 1926 1386 1977 Ergocles
1420 1932 1520 1964 esset
1550 1938 1659 1964 acce-

192 1987 398 2037 ptissimus
419 1993 532 2037 atque
551 1987 796 2025 carissimus?
853 1987 929 2031 Qui
956 1995 1106 2039 poterat
1128 1987 1235 2025 aliter
1260 1987 1371 2026 citius
1395 1999 1545 2038 pessum
1575 1977 1697 2024 iter*

202 2050 267 2099 qui
287 2049 408 2099 magis
429 2055 558 2099 patere
576 2050 845 2087 vexationibus
865 2056 981 2100 atque
1001 2049 1271 2088 contumeliis?

257 2112 295 2147 3.
326 2110 404 2147 Sed
426 2110 473 2148 ad
493 2110 566 2148 hoc
588 2111 744 2160 quidem
765 2117 880 2162 caput
900 2117 960 2149 sat
981 2111 1103 2150 multa
1123 2125 1145 2149 a
1165 2123 1225 2149 me
1243 2123 1328 2149 esse
1349 2115 1507 2149 autumo
1527 2109 1659 2161 dispu-

203 2180 308 2212 tata:
339 2186 406 2211 vos
426 2181 554 2212 autem
585 2187 694 2224 rogo,
719 2180 762 2211 ut
789 2174 974 2212 vobismet
1005 2174 1075 2225 ipsi
1105 2174 1241 2212 deesse
1275 2173 1418 2218 nolitis,
1438 2173 1506 2212 sed
1533 2172 1658 2223 potius

203 2234 366 2285 cupidos
386 2242 502 2285 atque
521 2235 757 2272 facinorosos
786 2235 1021 2273 ulciscamini
1053 2248 1282 2285 omnemque
1317 2234 1479 2285 gratIam
1510 2233 1659 2284 praedo-

205 2296 319 2333 nibus
351 2296 472 2332 aerarii
502 2296 620 2333 vestri
651 2296 864 2346 denegetis,
898 2296 963 2346 qui
999 2296 1328 2334 commiseratione
1349 2302 1477 2332 vestra
1503 2306 1660 2345 prorsus

196 2355 356 2405 vindigni
376 2363 477 2393 sunt.
534 2355 773 2393 Philocrates
795 2355 910 2401 enim,
932 2357 1080 2394 etiamsi
1100 2356 1280 2394 mulctam
1300 2354 1527 2405 dependerit
1546 2367 1660 2405 quam

208 2429 274 2453 vos
295 2416 328 2453 ei
349 2416 499 2461 dicetis,
520 2423 650 2454 tamen
682 2416 728 2453 de
757 2429 827 2453 suo
850 2416 902 2453 nil
926 2417 1138 2468 dependet,
1157 2416 1225 2454 sed
1243 2423 1373 2454 vestra
1391 2415 1500 2453 vobis
1520 2414 1662 2453 solum-

210 2476 325 2516 modo
356 2476 519 2523 reddet3
551 2477 654 2526 quod
676 2490 762 2515 cum
782 2478 927 2523 fecerit,
950 2479 1068 2516 multo
1086 2485 1216 2516 tamen
1237 2478 1271 2514 ei
1289 2476 1417 2514 adhuc
1436 2483 1664 2526 supererunt

210 2540 320 2591 plura
338 2542 455 2589 quam
473 2539 582 2577 vobis
602 2540 839 2590 dependerit.
900 2540 950 2577 Et
968 2541 1142 2591 profecto
1162 2539 1358 2590 indignum
1387 2538 1437 2576 sit
1463 2544 1577 2588 atque
1597 2539 1663 2576 ab·

210 2601 385 2644 horrens,
405 2600 449 2637 iis
467 2599 622 2650 quidem
637 2612 703 2637 vos
725 2601 847 2646 irasci,
863 2600 893 2638 si
909 2602 974 2651 qui
993 2602 1041 2639 de
1061 2614 1130 2640 suo
1150 2601 1199 2639 ad
1219 2600 1392 2651 publicas
1412 2599 1666 2638 necessitates

209 2661 387 2699 conferre
409 2661 532 2698 minus
552 2661 717 2707 valeant,
738 2674 946 2712 eorumque
965 2663 1067 2700 bona
1084 2663 1191 2701 velut
1208 2661 1363 2712 injurias
1380 2659 1486 2697 vobis
1507 2659 1666 2698 offeren-

197 2723 306 2759 -tium
341 2722 561 2772 publica1·e;
603 2722 739 2759 horum
772 2731 913 2769 autem,
942 2724 1006 2774 qui
1039 2738 1104 2762 vos
1134 2724 1202 2775 ipsi
1230 2721 1447 2773 expilarint,
1477 2721 1666 2772 punitioni

200 2783 382 2820 -animum
404 2796 478 2820 non
509 2783 690 2834 adjicere,
712 2784 779 2821 sed
806 2786 1058 2831 committere,
1079 2794 1134 2831 ut,
1154 2798 1241 2822 cum
1269 2785 1371 2821 bona
1389 2789 1516 2820 vestra
1535 2783 1667 2820 vestris

214 2858 238 2881 a
258 2844 402 2881 furibus
426 2844 528 2881 haud
551 2846 796 2895 recuperetiS,
814 2853 894 2883 tum
916 2859 982 2883 eos
1004 2845 1248 2896 postmodum
1269 2844 1443 2882 habeatis
1463 2844 1537 2882 hoc
1557 2842 1666 2881 saevi·

215 2918 301 2943 ores
321 2905 506 2943 inimicos.
551 2907 687 2944 Donec
703 2906 800 2944 enirn
818 2907 888 2958 ipsi
910 2907 980 2945 sibi
996 2907 1137 2946 conscii
1153 2914 1265 2946 erunt
1280 2914 1404 2945 vestra
1421 2906 1522 2944 bona
1537 2916 1666 2943 secum
