1822 3219
228 140 300 178 173
438 136 610 174 LYSIAE
645 137 720 175 DE
752 137 1012 176 VULNERE
1048 137 1472 177 PRAEMEDITATO.

223 240 342 278 nihilo
369 248 497 278 tamen
535 253 609 291 ego
635 241 760 278 minus
788 241 838 279 ad
871 241 1133 279 testimonium
1166 241 1286 292 hujus
1314 243 1483 280 mulieris
1517 244 1688 295 confugi,

222 316 301 353 quo
322 302 540 341 testimonio
569 303 686 341 fidere
709 303 954 341 adversarius
977 303 1182 350 dubitavit,
1214 304 1305 342 fidei
1331 304 1499 343 mulieris
1520 318 1561 343 se
1581 319 1687 344 com-

223 365 373 403 mittere
394 378 471 403 non
503 378 635 403 ausus.

278 428 315 464 3.
348 426 515 478 Oportet
547 427 674 476 itaque
696 439 761 464 vos
789 427 825 463 in
848 439 969 464 causa
990 434 1139 464 tanturn
1160 427 1371 478 periculum
1403 427 1493 465 mihi
1519 436 1688 473 creante,

220 488 432 526 orationem
466 489 579 540 hujus
610 501 686 525 non
717 495 862 526 temere
890 489 1068 539 probare,
1102 489 1186 533 sed,
1208 489 1458 528 recordantes
1491 489 1540 528 de
1565 490 1691 541 patria

222 558 262 589 et
293 551 341 589 de
373 551 538 588 fortunis
563 549 742 588 omnibus
769 559 835 588 aut
862 550 979 588 salvis
1010 551 1220 590 retinendis
1254 559 1322 589 aut
1350 552 1572 590 amittendis
1598 551 1689 589 mihi

221 620 415 651 certamen
454 625 541 650 esse
577 612 828 663 propositum,
858 613 1044 650 rationem
1079 612 1214 651 harum
1253 613 1394 651 habere
1424 614 1690 665 sponsionum.

224 673 475 712 Documenta
494 673 622 711 adhuc
641 673 877 711 evidentiora
900 687 949 711 ne
970 674 1177 725 requirite:
1209 675 1282 712 alia
1303 675 1403 713 enim
1435 683 1574 726 praeter
1604 675 1690 713 haec

222 749 299 774 non
322 736 436 774 facile
451 736 616 773 habeam
637 734 788 781 afferre,
808 735 912 773 unde
929 737 1022 774 certi
1044 736 1161 781 fiatis,
1191 750 1251 774 me
1273 737 1402 775 scelus
1424 749 1500 774 non
1521 737 1691 787 agitasse

223 799 546 851 praemeditatum.
604 798 691 836 Hoc
713 798 815 836 enim
842 811 946 844 vero,
965 806 1184 844 senatores,
1206 799 1387 849 indignor
1407 807 1445 836 et
1465 799 1545 837 fero
1573 811 1690 850 quam

193 857 196 860 ’
222 861 568 914 impatientissime,
589 868 745 912 propter
765 861 959 907 ancillam,
980 875 1067 912 quae
1088 869 1258 899 scortum
1285 862 1345 907 sit,
1374 875 1609 900 summarum
1631 875 1690 900 re-

223 938 307 962 rum
327 925 365 962 in
384 923 591 962 discrimen
611 936 672 961 me
694 923 911 968 devenisse,
935 924 1001 974 qui
1022 924 1109 961 vitae
1131 924 1377 977 innocentem
1395 937 1593 975 nunquam
1613 937 1690 962 non

224 1000 285 1025 me
312 986 522 1037 gesserim:
553 985 704 1036 ecquod
737 985 838 1022 enim
870 998 1040 1036 unquam
1071 993 1138 1023 aut
1156 986 1392 1036 'reipublicoe
1420 993 1485 1027 aut
1507 986 1597 1024 huic
1617 986 1691 1037 ipsi

224 1048 365 1086 malurn
400 1047 541 1093 creavi,
572 1055 640 1085 aut
667 1047 818 1084 cuinam
851 1047 991 1085 civium
1025 1048 1196 1085 omnium
1230 1048 1295 1085 uni
1329 1048 1505 1099 injuriam
1538 1048 1691 1086 obtuli?

225 1109 385 1147 Nullum
406 1122 576 1160 unquam
597 1108 726 1146 scelus
758 1109 921 1159 patravi,
942 1108 1056 1159 quale
1076 1108 1113 1146 hi
1134 1122 1194 1146 me
1213 1116 1388 1160 patrasse
1416 1107 1549 1152 aiunt}
1567 1122 1691 1160 quan-

223 1184 355 1223 quam,
378 1171 416 1210 id
437 1170 544 1222 quod
564 1170 734 1221 cujusvis
765 1177 825 1208 est
844 1170 1026 1220 factuque
1043 1171 1284 1216 facillimum,
1305 1171 1414 1209 aiunt
1433 1171 1692 1216 solummodo,

224 1234 340 1271 rebus
361 1233 453 1283 ipsis
474 1245 550 1269 non
571 1233 780 1282 probantes
799 1245 808 1269 :
839 1239 878 1269 et
897 1232 1146 1270 nihilominus
1179 1240 1307 1270 tamen
1336 1246 1402 1283 per
1426 1232 1528 1271 hanc
1548 1246 1693 1271 meram

224 1296 427 1333 verborum
454 1293 636 1331 invidiam
656 1294 867 1332 conflatum
889 1294 979 1330 mihi
1001 1301 1151 1331 tantum
1173 1302 1232 1332 est
1250 1294 1394 1331 malum
1415 1296 1463 1332 ab
1488 1294 1561 1338 his,
1582 1302 1625 1333 ut
1643 1295 1693 1333 de

226 1369 377 1394 summa
396 1369 521 1394 rerum
543 1355 746 1406 pericliter.
805 1355 879 1393 Per
899 1355 1040 1393 liberos
1057 1356 1186 1406 itaque
1203 1364 1361 1400 vestros,
1378 1369 1446 1406 per
1462 1368 1693 1406 uxoresque,

226 1432 293 1469 per
319 1418 412 1456 deos
445 1417 612 1467 denique
647 1416 776 1454 solum
800 1416 873 1454 hoc
905 1418 1076 1454 Atticum
1102 1417 1336 1461 obtinentes,
1356 1430 1422 1454 oro
1439 1430 1507 1454 vos
1527 1418 1693 1467 supplex

226 1482 489 1530 obtestorque,
511 1487 552 1515 ut
572 1478 646 1516 mei
675 1478 931 1516 misereamini
958 1492 1082 1528 neque
1104 1492 1162 1515 ine
1196 1478 1329 1516 sinatis
1349 1491 1396 1515 ex
1416 1477 1531 1529 hujus
1552 1478 1693 1516 inimici

227 1542 303 1581 mei
324 1542 478 1580 arbitrio
509 1548 577 1578 aut
602 1547 704 1578 stare
732 1547 799 1577 aut
823 1540 978 1586 cadere,
1010 1553 1134 1591 neque
1160 1554 1219 1578 me
1240 1540 1275 1577 in
1299 1546 1445 1590 pestem
1466 1540 1692 1578 immedica-

226 1605 344 1643 bilem
365 1603 575 1654 conjiciatis
593 1616 601 1640 :
626 1615 749 1652 neque
769 1602 869 1639 enim
890 1602 1010 1640 merui
1031 1602 1153 1639 exsilii
1175 1615 1325 1652 poenam
1342 1602 1430 1639 huic
1449 1601 1553 1644 dare,
1567 1615 1694 1655 neque

226 1668 331 1705 hunc
351 1666 533 1704 convenit
552 1672 699 1703 tantam
720 1678 742 1701 a
762 1677 823 1701 me
844 1671 1015 1715 repetere
1034 1677 1188 1715 poenarn
1207 1676 1338 1701 earum
1358 1663 1583 1714 injuriarum‘
1595 1677 1694 1715 quas

231 1729 282 1769 ait
305 1729 369 1767 ille
388 1728 545 1779 quidem
567 1741 588 1764 a
608 1740 667 1764 me
687 1726 836 1771 tulisse,
860 1726 986 1764 nullas
1007 1733 1136 1764 autem
1157 1739 1326 1777 unquam
1349 1725 1448 1762 tulit.
