1822 3219
457 100 677 140 CONTRA
708 100 1171 139 ERATOSTHENEM.
1485 101 1564 138 235

102 204 224 242 meliis
240 211 487 255 tyrannorum
502 205 669 242 fuissent
684 203 848 242 confecti
863 216 871 245 ;
903 216 1064 253 peregre
1080 210 1207 241 autem
1224 204 1413 255 palantes,
1429 204 1461 241 si
1475 217 1563 254 quae

100 267 249 303 minuta
277 267 406 304 debita
435 267 730 311 contraxissent,
751 279 838 316 quae
859 265 907 301 ad
932 264 1032 301 diem
1061 264 1208 301 solvere
1236 277 1308 302 non
1331 265 1561 316 potuissent,

99 326 240 364 deserti
268 342 288 365 a
311 328 519 365 vindicibus
549 336 661 377 atque
687 327 977 377 sospitatoribus
1005 325 1170 363 flebilem
1192 326 1230 362 in
1260 327 1481 363 servitutem
1504 325 1561 362 in-

101 388 298 426 cidissent.

159 451 219 487 16.
250 448 324 486 Sed
342 448 435 499 quid
465 448 603 486 attinet
632 448 736 486 mala
757 461 996 491 enumerare,
1025 461 1126 497 quae,
1146 460 1234 484 cum
1264 460 1330 497 per
1360 447 1561 484 adversam

101 511 292 548 fortunam
313 510 529 559 potuissent
548 509 737 554 accidere,
753 509 923 547 secunda
942 510 1091 555 avertit,
1114 522 1200 546 cum
1219 508 1418 546 exhaurire
1434 509 1559 546 verbis

102 571 244 609 scelera
266 572 314 607 ab
334 570 391 607 his
418 571 590 622 tyrannis
610 571 819 608 commissa
845 571 1064 620 nequeam?
1122 571 1220 614 Quae
1242 570 1387 607 scelera
1407 571 1561 608 tametsi

101 645 176 669 non
196 632 308 669 unius
331 631 566 669 accusatoris
598 645 722 682 neque
742 632 860 668 duum
886 638 979 668 sunt
1007 631 1216 682 provincia,
1248 631 1315 668 sed
1337 644 1453 681 quam
1475 631 1559 682 plu-

99 693 279 730 rimorum
305 706 348 731 os
375 702 414 731 et
443 694 562 731 latera
589 694 821 744 deposcunt,
843 693 936 730 nihil
958 700 1087 730 tamen
1107 706 1181 743 ego
1203 706 1287 729 sum
1316 706 1440 730 meam
1463 694 1565 731 desi-

98 754 222 792 derari
252 768 392 805 passus
422 755 661 799 industriam,
683 768 810 806 neque
831 755 939 792 omisi
971 755 1176 805 quicquam
1199 755 1303 805 quod
1325 767 1347 792 a
1367 768 1428 792 me
1449 768 1561 805 opor-

97 822 193 854 teret
212 816 299 861 dici,
319 817 398 854 sive
417 829 487 867 pro
506 817 659 867 templis
686 816 858 859 deorum,
880 806 1040 867 quorum
1061 817 1136 854 alia
1155 816 1193 853 hi
1213 816 1366 866 tyranni
1385 816 1560 854 hostibus

97 877 368 923 vendiderunt,
397 879 471 917 alia
490 879 689 930 sacrilegis
719 880 797 916 suis
819 879 996 916 manibus
1021 886 1307 916 contrectarunt
1334 886 1372 917 et
1395 879 1560 930 pedibus

98 939 196 977 civili
235 941 423 991 sanguine
459 941 616 991 pollutis
653 941 956 985 conculcarunt;
1003 941 1081 978 sive
1120 954 1190 992 pro
1233 941 1401 985 civitate,
1442 954 1559 991 quam

97 1011 326 1040 enei-varunt
362 1011 399 1040 et
433 1004 481 1040 ad
514 1003 674 1040 nihilum
712 1003 968 1054 redegerunt3
1015 1004 1093 1040 sive
1123 1016 1192 1054 pro
1226 1003 1439 1047 navalibus,
1471 1017 1559 1054 quae

100 1063 374 1102 destruxerunt
389 1078 398 1108 3
421 1065 502 1102 sive
517 1065 680 1114 denique
696 1078 765 1115 pro
780 1065 926 1102 civibus
942 1077 1011 1116 per
1026 1065 1136 1103 nefas
1153 1065 1404 1115 interemptis,
1421 1066 1560 1116 quibus

98 1137 166 1162 vos
197 1126 508 1176 quandoquidem
542 1126 668 1164 adhuc
701 1127 971 1176 superstitibus
1003 1139 1226 1164 succurrere
1255 1140 1331 1164 non
1365 1127 1560 1177 potuistis,

98 1186 222 1223 saltim
253 1188 333 1224 fato
363 1187 552 1224 defunctis
583 1201 693 1237 opem
729 1187 823 1225 ferte
853 1196 891 1225 et
915 1188 980 1238 jus
1009 1202 1162 1239 aequum
1192 1188 1351 1226 reddite.
1416 1188 1558 1226 Nullus

97 1247 247 1292 dubito,
266 1249 354 1297 quin
379 1261 508 1285 inanes
530 1249 801 1286 defunctorum
819 1249 894 1286 hoc
914 1250 1110 1300 injudicio
1126 1257 1337 1298 versentur,
1358 1250 1449 1299 quin
1471 1263 1559 1300 quae

96 1308 231 1346 dicetis
264 1309 434 1355 audiant,
466 1310 556 1360 quin
592 1318 760 1347 vestrum
795 1310 968 1361 singulos
1002 1324 1177 1361 quosque
1211 1311 1333 1348 oculis
1364 1311 1559 1349 intuentes

96 1371 289 1407 noscitent
320 1372 521 1421 sciantque
556 1372 648 1408 utris
674 1371 864 1409 calculum
898 1385 1008 1408 suum
1040 1373 1203 1422 quisquc
1234 1373 1465 1418 contribuat,
1497 1387 1558 1411 se-

97 1446 264 1483 cumque
280 1434 334 1471 sic
354 1441 539 1474 statuant,
556 1435 773 1485 quicunque
790 1442 956 1472 vestrum
973 1435 1045 1472 hos
1062 1443 1243 1486 tyrannos
1260 1436 1451 1481 absolvat,
1470 1449 1558 1473 eum

101 1510 157 1542 se,
178 1510 308 1534 manes
324 1497 546 1542 defunctos,
562 1498 835 1541 condemnare,
851 1507 996 1541 contra,
1012 1499 1076 1549 qui
1094 1511 1227 1548 poenas
1249 1500 1295 1536 ab
1312 1498 1371 1535 his
1388 1498 1558 1548 tyrannis

97 1559 252 1596 meritas
272 1566 458 1609 repetant,
478 1573 543 1597 eos
564 1572 718 1597 suarum
740 1559 961 1609 injuriarum
985 1561 1127 1597 ultores
1148 1572 1249 1597 esse.

151 1620 225 1658 Hic
240 1621 355 1657 finem
371 1620 468 1658 facio
484 1620 704 1658 accusandi.
754 1621 983 1666 Audivistis‚
998 1621 1158 1664 vidistis,
1170 1621 1271 1672 passi
1286 1621 1390 1666 estis,
1406 1622 1559 1659 tenetis.

96 1685 361 1723 Pronuntiate.
