1822 3219
623 120 728 159 PRO
761 120 1091 160 IMPOTENTE.
1516 125 1591 162 315

130 220 249 258 vestri
279 219 490 258 reverentia
520 232 749 271 repressum,
782 232 941 259 neeesse
975 219 1099 256 habeo
1135 232 1192 256 me
1233 233 1421 270 purgare3
1460 229 1592 271 potero

130 288 260 319 tamen
287 281 410 318 brevis
440 293 538 319 esse.
594 281 914 330 Quibuscunque‚
936 286 1144 322 senatores,
1165 279 1383 329 hujusmodi
1405 280 1585 330 quaedam

131 342 270 393 obtigit
286 342 454 392 corporis
474 341 597 387 labes,
623 342 694 378 hos
720 354 854 378 omnes
888 340 1049 378 arbitror
1081 339 1154 377 boc
1184 352 1369 389 quaerere,
1399 341 1588 380 meditari,

131 403 441 453 circumspicere,
460 408 504 440 ut
524 402 690 452 aliquam
710 402 906 439 inveniant
926 400 1155 445 machinam,
1169 413 1238 450 per
1257 413 1370 450 quarn
1393 402 1465 439 ista
1484 403 1588 440 labes

131 463 203 500 sibi
221 463 289 500 fiat
305 468 460 499 versatu
481 469 594 511 atque
615 461 781 499 toleratu
811 473 926 509 quam
946 459 1231 510 expeditissima
1252 460 1481 510 minimaque
1500 475 1587 499 cum

131 523 307 561 molestia
326 523 436 572 quasi
456 522 608 559 habilis.
667 522 838 565 Quorum
856 521 892 557 in
910 534 1066 558 numero
1081 534 1169 558 cum
1185 534 1258 570 ego
1276 534 1428 571 quoque
1444 535 1585 567 essem,

127 583 340 621 offensione
373 583 538 621 sinistrae
567 583 730 620 fortunae
751 581 985 625 debilitatus,
1007 581 1107 618 hanc
1128 580 1217 618 mihi
1238 580 1453 619 machinam
1475 595 1587 620 exco-

130 644 260 693 gitavi,
282 657 357 694 qua
378 643 572 681 molestias
593 643 770 680 itinerum
791 642 993 679 allevarem
1014 654 1102 691 quae
1121 642 1368 692 suscipienda
1389 642 1479 679 mihi
1500 651 1589 680 sunt

128 704 244 754 paulo
263 704 451 754 longiora,
469 716 583 753 quam
598 710 700 743 „suut
728 702 793 740 illa
827 701 1052 752 quotidiana
1070 709 1109 740 et
1133 702 1367 739 inevitabilia
1387 703 1442 753 [in
1464 703 1587 740 forum

127 774 168 804 et
183 767 235 805 ad
254 767 458 804 familiares
470 766 508 803 in
523 767 630 810 urbe,
645 778 722 816 quo
740 765 903 815 pedibus
926 764 1064 814 ligneis
1080 765 1200 802 fultus
1216 778 1430 803 commeare
1447 765 1586 814 soleo].

129 827 264 877 Equus
282 833 342 865 est
360 826 426 864 illa
445 827 636 870 machina,
660 827 696 863 in
717 829 834 875 quem
856 826 1056 870 inscendo,
1086 838 1176 870 non,
1201 826 1309 876 quod
1336 826 1399 863 hic
1430 826 1495 871 ait,
1522 840 1587 864 su-

126 892 256 943 perbia
273 899 441 936 tumens,
457 904 533 928 non
555 890 753 928 insolentia
774 889 959 940 gestiens,
976 889 1046 927 sed
1065 890 1113 927 ob
1129 897 1409 940 paupertatem,
1425 890 1461 927 id
1483 891 1585 940 quod

124 960 330 1003 perspectu
350 952 573 990 facillimum
594 958 666 997 est,
686 957 892 996 senatores,
913 950 970 987 vel
992 963 1110 987 unum
1131 950 1204 988 hoc
1226 951 1464 1000 recogitanti.
1514 951 1585 990 Fa-

126 1013 295 1051 cultates
316 1013 454 1064 amplae
476 1013 507 1050 si
527 1012 619 1049 mihi
640 1019 785 1056 essent,
807 1012 961 1049 astraba
988 1011 1088 1061 [b.e.
1110 1011 1187 1049 sive
1208 1011 1324 1055 mulo,
1349 1011 1428 1048 sive
1457 1019 1585 1062 petor-

124 1073 429 1124 ritalgestarer,
450 1086 526 1110 non
554 1079 681 1110 autem
712 1073 750 1109 in
781 1072 891 1122 equis
920 1071 1053 1110 alienis
1080 1073 1250 1121 precario
1281 1072 1465 1122 sumptis:
1496 1072 1587 1122 quia

124 1146 215 1171 vero
245 1133 462 1171 vehiculum
493 1134 568 1171 hoc
594 1134 790 1171 beatorum
818 1133 1016 1170 hominum
1051 1144 1274 1182 comparare
1294 1132 1384 1169 mihi
1401 1145 1478 1170 aere
1498 1146 1585 1170 meo

124 1206 202 1231 non
224 1206 394 1245 possum,
416 1207 523 1244 saepe
543 1206 700 1231 necesse
722 1194 846 1231 liabeo
866 1193 973 1243 equis
995 1192 1128 1230 alienis
1149 1193 1218 1230 uti.
1276 1193 1417 1230 Annon
1438 1193 1508 1230 erit
1527 1194 1583 1230 in-

125 1261 443 1300 consentaneum,
461 1262 669 1299 senatores,
686 1253 792 1304 quod
811 1255 847 1291 in
869 1266 989 1303 equos
1004 1253 1243 1290 adscendam
1263 1259 1396 1290 mutuo
1417 1261 1583 1303 rogatos,

117 1328 170 1352 ex
202 1328 249 1353 eo
282 1322 543 1353 accusatorem
576 1315 815 1352 contendere
836 1314 944 1351 vobis
976 1313 1220 1364 persuadere,
1241 1326 1301 1351 me
1322 1313 1480 1351 δυνατὸν
1499 1327 1584 1352 esse

122 1376 331 1427 [valentem
351 1383 390 1414 et
409 1388 568 1426 corpore
596 1382 634 1413 et
662 1374 818 1425 opibus]
845 1387 967 1423 eoque
995 1374 1221 1424 privandum
1252 1374 1442 1413 beneficio
1475 1374 1584 1425 legis,

122 1437 226 1474 solos
247 1436 465 1481 ἀδυνάτους,
487 1435 690 1480 invalidos,
722 1435 771 1474 ad
799 1435 907 1485 stipis
936 1435 1103 1472 fructum
1133 1435 1394 1477 admittentis;
1425 1435 1490 1486 qui
1519 1447 1583 1473 ac-

121 1503 278 1535 cusator
298 1497 398 1535 idern
432 1497 462 1535 si
486 1510 547 1534 me
577 1496 704 1534 videat
736 1497 890 1534 astraba
922 1495 1060 1547 [mulo‚
1093 1496 1152 1533 vel
1189 1495 1389 1547 petorrita]
1417 1503 1582 1541 vectum,

119 1558 224 1596 haud
245 1559 294 1596 sit
313 1558 531 1596 hisciturus.
587 1558 737 1608 Ecquid
758 1558 857 1596 enim
879 1558 983 1595 dicat
1002 1557 1175 1603 tandem,
1200 1558 1349 1595 etiamsi
1371 1558 1582 1609 oggannire

118 1618 244 1657 velit?
300 1619 417 1663 Quod
447 1618 609 1669 geminis
642 1619 753 1655 nixus
780 1618 1013 1656 inambulem
1042 1618 1292 1668 scipionibus,
1312 1631 1400 1656 cum
1421 1619 1482 1657 alii
1503 1619 1581 1656 sin-

119 1680 220 1730 gulis
241 1679 422 1717 incedant
442 1679 533 1724 nixi,
552 1678 641 1716 vitio
661 1678 698 1715 id
719 1678 781 1716 illc
799 1679 888 1715 mihi
903 1691 978 1717 non
997 1678 1088 1720 dat;
1118 1691 1244 1728 neque
1262 1686 1489 1729 argumento
1508 1679 1581 1717 hoc

120 1740 241 1777 utitur
259 1739 308 1777 ad
336 1739 643 1789 persuadendum
664 1751 725 1776 me
745 1740 780 1776 in
803 1752 963 1776 numero
997 1746 1070 1776 τῶν
1102 1738 1315 1789 δυναμένων
1340 1739 1577 1789 [potentium

95 1816 99 1818 ’
118 1806 234 1850 atque
254 1799 478 1847 valentium]
500 1812 581 1836 esse
599 1812 608 1836 t
637 1799 745 1848 equis
766 1807 892 1836 autem
913 1799 1017 1848 quod
1035 1806 1176 1843 vecter,
1199 1812 1245 1836 ex
1265 1811 1310 1836 eo
1329 1799 1491 1849 colligit,
1506 1800 1580 1838 hoc

119 1863 156 1900 in
175 1874 294 1901 censu
316 1875 375 1899 me
393 1862 526 1899 haberi
552 1868 742 1912 oportere,
762 1873 984 1910 quanquam
1016 1873 1134 1898 causa
1163 1873 1240 1898 non
1276 1867 1336 1898 est
1363 1861 1498 1899 eadem
1529 1862 1579 1899 ob

116 1937 235 1975 quam
254 1937 328 1974 ego
348 1923 497 1961 baculis
520 1923 655 1961 incedo
687 1923 846 1973 geminis
876 1924 999 1967 nixus,
1020 1930 1133 1973 atque
1154 1924 1205 1960 ob
1224 1935 1341 1972 quarn
1363 1923 1499 1960 divites
1519 1923 1577 1960 in-

120 1985 264 2022 cedunt
285 1984 361 2020 nixi
381 1984 555 2034 singulis.

172 2047 210 2081 4.
240 2044 392 2090 Videte,
424 2057 502 2093 quo
536 2043 786 2093 impudentiae
818 2043 1046 2093 processerit
1078 2042 1142 2080 hic
1174 2043 1302 2088 homo,
1330 2051 1367 2081 et
1393 2049 1576 2093 quantum

118 2105 243 2143 furore
263 2112 451 2155 quotquot
473 2111 563 2141 sunt
589 2103 764 2141 homines
784 2116 918 2142 omnes
939 2104 1084 2149 vicerit,
1106 2104 1184 2154 qui,
1205 2116 1305 2140 unus
1338 2116 1425 2141 cum
1460 2110 1576 2149 esset,

115 2166 240 2210 vobis,
261 2172 474 2210 senatores,
502 2171 560 2202 tot
579 2177 738 2201 numero
757 2164 822 2213 qui
843 2164 940 2209 sitis,
960 2164 1194 2214 persuadere
1217 2171 1345 2201 tamen
1367 2177 1485 2201 ausus
1514 2165 1576 2211 sit,

117 2225 371 2264 invalidorum
391 2226 428 2262 in
447 2237 607 2262 numero
628 2237 688 2261 me
708 2236 784 2262 non
805 2237 892 2262 esse
919 2224 1152 2261 habendum.
1211 2224 1331 2273 Atqui
1360 2224 1467 2261 vobis
1501 2224 1574 2262 hoc

117 2285 152 2322 si
174 2285 417 2336 persuaserit,
433 2285 527 2335 quid
545 2284 716 2335 impedit,
730 2284 932 2334 quominus
945 2284 980 2321 in
995 2297 1131 2322 novem
1148 2284 1396 2321 archontibus
1413 2285 1576 2322 sortiar?

116 2346 211 2396 quid
231 2345 405 2396 impedit,
423 2346 628 2395 quominus
649 2345 819 2390 obolum,
848 2345 938 2382 mihi
959 2351 1002 2382 ut
1021 2344 1148 2382 valido
1170 2345 1406 2394 ademptum,
1425 2345 1512 2382 huic
1532 2352 1575 2382 ut

116 2405 287 2443 invalido
323 2405 516 2443 sententia
551 2411 679 2443 vestra
708 2404 924 2442 addicatis?
982 2405 1071 2442 Non
1103 2404 1200 2441 enim
1233 2405 1405 2456 profecto
1428 2404 1574 2453 judicio

115 2475 245 2506 vestro
264 2475 343 2505 tarn
362 2474 493 2518 aperte
512 2466 738 2516 refragaturi
759 2466 938 2504 videntur
958 2478 1094 2502 novem
1116 2465 1335 2509 archontes,
1357 2471 1411 2508 ut,
1426 2464 1487 2502 cui
1505 2477 1573 2502 vos

114 2528 255 2578 stipem
275 2527 402 2565 adhuc
424 2539 495 2564 ceu
514 2526 682 2564 invalido
703 2526 906 2570 indultam,
926 2539 1055 2563 rursus
1078 2533 1271 2575 tamquam
1293 2525 1417 2562 valido
1447 2525 1572 2564 subito

116 2589 219 2626 facto
243 2588 539 2638 denegaveritiS‚
555 2587 717 2625 eundem
738 2587 811 2637 ipsi
829 2600 851 2625 a
871 2588 1069 2625 sortitione
1089 2587 1145 2624 sui
1166 2586 1318 2636 collegii
1345 2599 1416 2623 ceu
1443 2585 1572 2627 adhuc

116 2648 344 2692 invalidum,
364 2655 408 2686 ut
436 2648 597 2699 pridem,
618 2654 787 2686 arceant.
843 2647 919 2685 Sed
944 2648 1041 2684 bene
1061 2648 1202 2684 habet:
1232 2659 1292 2683 res
1313 2646 1351 2683 in
1373 2646 1478 2684 salvo
1499 2654 1572 2685 est.

117 2709 208 2746 Non
233 2708 371 2746 eodem
389 2721 472 2754 vos,
492 2714 609 2759 atque
629 2709 706 2754 hic,
728 2708 852 2746 furore
871 2707 1079 2758 agitamini,
1102 2720 1229 2757 neque
1251 2720 1382 2744 rursus
1401 2706 1463 2744 hic
1483 2720 1570 2758 per·

115 2770 206 2808 inde
231 2769 332 2819 sapit
358 2774 476 2818 atque
492 2781 583 2812 vos:
616 2769 663 2807 de
687 2781 762 2820 quo
791 2769 825 2805 ei
850 2768 1111 2818 congratulor,
1139 2767 1280 2817 dignus
1309 2767 1408 2805 enim
1427 2774 1486 2805 est
1505 2769 1571 2818 qui

116 2840 138 2866 a
163 2828 271 2867 vobis
302 2827 530 2866 dissentiatt
560 2841 629 2866 vos
663 2841 770 2867 sanae
799 2829 937 2866 mentis
961 2827 1052 2864 estis
1086 2833 1298 2877 compotes,
1317 2827 1380 2866 hic
1409 2826 1570 2865 cerritus

116 2896 186 2928 est.
244 2889 347 2933 Quid
366 2888 495 2927 enim?
551 2889 672 2930 Quasi
692 2889 879 2926 mutilatio
910 2887 1049 2938 pedum
1073 2887 1201 2938 puella
1221 2889 1396 2938 quaedam
1420 2888 1570 2937 nubilis,
