<?xml version="1.0" encoding="UTF-8"?>
<!DOCTYPE html PUBLIC "-//W3C//DTD XHTML 1.0 Transitional//EN"
    "http://www.w3.org/TR/xhtml1/DTD/xhtml1-transitional.dtd">
<html xmlns="http://www.w3.org/1999/xhtml" xml:lang="en" lang="en">
 <head>
  <title>
</title>
<meta http-equiv="Content-Type" content="text/html;charset=utf-8" />
  <meta name='ocr-system' content='tesseract 3.04.00' />
  <meta name='ocr-capabilities' content='ocr_page ocr_carea ocr_par ocr_line ocrx_word'/>
</head>
<body>
  <div class='ocr_page' id='page_1' title='image "./oratoresatticie13dobs_0087.png"; bbox 0 0 1822 3219; ppageno 0'>
   <div class='ocr_carea' id='block_1_1' title="bbox 525 155 1507 197">
    <p class='ocr_par' dir='ltr' id='par_1_1' title="bbox 525 155 1507 197">
     <span class='ocr_line' id='line_1_1' title="bbox 525 155 1507 197; baseline -0.006 -1"><span class='ocrx_word' id='word_1_1' title='bbox 525 158 699 197; x_wconf 88' lang='lat' dir='ltr'>SUPER</span> <span class='ocrx_word' id='word_1_2' title='bbox 729 156 1042 195; x_wconf 88' lang='lat' dir='ltr'><strong>CHOREUTA.</strong></span> <span class='ocrx_word' id='word_1_3' title='bbox 1457 155 1507 191; x_wconf 75' lang='lat'>75</span> 
     </span>
    </p>
   </div>
   <div class='ocr_carea' id='block_1_2' title="bbox 51 258 1511 1352">
    <p class='ocr_par' dir='ltr' id='par_1_2' title="bbox 51 258 1511 1352">
     <span class='ocr_line' id='line_1_2' title="bbox 59 258 1507 313; baseline -0.004 -13"><span class='ocrx_word' id='word_1_4' title='bbox 59 260 203 301; x_wconf 90' lang='lat' dir='ltr'>Poletis</span> <span class='ocrx_word' id='word_1_5' title='bbox 233 262 482 313; x_wconf 85' lang='lat' dir='ltr'>[sectoribus]</span> <span class='ocrx_word' id='word_1_6' title='bbox 515 268 553 299; x_wconf 90' lang='lat' dir='ltr'>et</span> <span class='ocrx_word' id='word_1_7' title='bbox 583 261 629 299; x_wconf 87' lang='lat' dir='ltr'>ab</span> <span class='ocrx_word' id='word_1_8' title='bbox 659 259 900 298; x_wconf 84' lang='lat' dir='ltr'>exactoribus</span> <span class='ocrx_word' id='word_1_9' title='bbox 935 260 982 297; x_wconf 82' lang='lat' dir='ltr'>ab</span> <span class='ocrx_word' id='word_1_10' title='bbox 1011 271 1219 308; x_wconf 87' lang='lat' dir='ltr'>eorumque</span> <span class='ocrx_word' id='word_1_11' title='bbox 1244 258 1376 296; x_wconf 86' lang='lat' dir='ltr'>scribis</span> <span class='ocrx_word' id='word_1_12' title='bbox 1397 270 1507 295; x_wconf 86' lang='lat' dir='ltr'>acee-</span> 
     </span>
     <span class='ocr_line' id='line_1_3' title="bbox 60 317 1510 375; baseline -0.004 -13"><span class='ocrx_word' id='word_1_13' title='bbox 60 331 212 375; x_wconf 87' lang='lat' dir='ltr'>perant,</span> <span class='ocrx_word' id='word_1_14' title='bbox 241 335 317 375; x_wconf 88' lang='lat' dir='ltr'>quo</span> <span class='ocrx_word' id='word_1_15' title='bbox 344 335 403 361; x_wconf 90' lang='lat' dir='ltr'>me</span> <span class='ocrx_word' id='word_1_16' title='bbox 432 336 453 361; x_wconf 90' lang='lat' dir='ltr'>e</span> <span class='ocrx_word' id='word_1_17' title='bbox 481 328 616 361; x_wconf 88' lang='lat' dir='ltr'>senatu</span> <span class='ocrx_word' id='word_1_18' title='bbox 644 320 897 372; x_wconf 84' lang='lat' dir='ltr'>expellerent,</span> <span class='ocrx_word' id='word_1_19' title='bbox 924 327 1004 358; x_wconf 82' lang='lat' dir='ltr'>tam</span> <span class='ocrx_word' id='word_1_20' title='bbox 1032 319 1234 357; x_wconf 85' lang='lat' dir='ltr'>horrendis</span> <span class='ocrx_word' id='word_1_21' title='bbox 1263 317 1510 356; x_wconf 78' lang='lat' dir='ltr'>sacramentis</span> 
     </span>
     <span class='ocr_line' id='line_1_4' title="bbox 58 380 1508 434; baseline -0.005 -10"><span class='ocrx_word' id='word_1_22' title='bbox 58 398 145 424; x_wconf 86' lang='lat' dir='ltr'>sese</span> <span class='ocrx_word' id='word_1_23' title='bbox 171 386 472 424; x_wconf 85' lang='lat' dir='ltr'>obstrinxerunt.</span> <span class='ocrx_word' id='word_1_24' title='bbox 527 382 677 434; x_wconf 87' lang='lat' dir='ltr'>Ecquid</span> <span class='ocrx_word' id='word_1_25' title='bbox 706 381 787 420; x_wconf 77' lang='lat' dir='ltr'>ita?</span> <span class='ocrx_word' id='word_1_26' title='bbox 822 383 912 433; x_wconf 87' lang='lat' dir='ltr'>quia</span> <span class='ocrx_word' id='word_1_27' title='bbox 940 393 1090 432; x_wconf 86' lang='lat' dir='ltr'>nempe,</span> <span class='ocrx_word' id='word_1_28' title='bbox 1127 381 1285 419; x_wconf 86' lang='lat' dir='ltr'>audiens</span> <span class='ocrx_word' id='word_1_29' title='bbox 1312 380 1351 417; x_wconf 92' lang='lat' dir='ltr'>in</span> <span class='ocrx_word' id='word_1_30' title='bbox 1379 387 1508 432; x_wconf 85' lang='lat' dir='ltr'>pryta-</span> 
     </span>
     <span class='ocr_line' id='line_1_5' title="bbox 58 441 1509 494; baseline -0.003 -9"><span class='ocrx_word' id='word_1_31' title='bbox 58 454 176 485; x_wconf 85' lang='lat' dir='ltr'>neatu</span> <span class='ocrx_word' id='word_1_32' title='bbox 196 459 297 493; x_wconf 78' lang='lat' dir='ltr'>meo,</span> <span class='ocrx_word' id='word_1_33' title='bbox 320 459 387 484; x_wconf 91' lang='lat' dir='ltr'>eos</span> <span class='ocrx_word' id='word_1_34' title='bbox 406 444 565 482; x_wconf 88' lang='lat' dir='ltr'>infanda</span> <span class='ocrx_word' id='word_1_35' title='bbox 585 451 623 482; x_wconf 90' lang='lat' dir='ltr'>et</span> <span class='ocrx_word' id='word_1_36' title='bbox 650 443 833 494; x_wconf 85' lang='lat' dir='ltr'>pudenda</span> <span class='ocrx_word' id='word_1_37' title='bbox 854 443 1011 494; x_wconf 85' lang='lat' dir='ltr'>agitare,</span> <span class='ocrx_word' id='word_1_38' title='bbox 1041 449 1216 481; x_wconf 90' lang='lat' dir='ltr'>senatum</span> <span class='ocrx_word' id='word_1_39' title='bbox 1236 454 1282 480; x_wconf 90' lang='lat' dir='ltr'>ea</span> <span class='ocrx_word' id='word_1_40' title='bbox 1299 441 1347 478; x_wconf 89' lang='lat' dir='ltr'>de</span> <span class='ocrx_word' id='word_1_41' title='bbox 1366 454 1407 479; x_wconf 89' lang='lat' dir='ltr'>re</span> <span class='ocrx_word' id='word_1_42' title='bbox 1426 455 1509 480; x_wconf 89' lang='lat' dir='ltr'>cer-</span> 
     </span>
     <span class='ocr_line' id='line_1_6' title="bbox 58 503 1508 556; baseline -0.002 -12"><span class='ocrx_word' id='word_1_43' title='bbox 58 507 194 546; x_wconf 87' lang='lat' dir='ltr'>tiorem</span> <span class='ocrx_word' id='word_1_44' title='bbox 223 508 310 554; x_wconf 88' lang='lat' dir='ltr'>feci,</span> <span class='ocrx_word' id='word_1_45' title='bbox 350 506 540 556; x_wconf 91' lang='lat' dir='ltr'>docuique</span> <span class='ocrx_word' id='word_1_46' title='bbox 581 504 751 550; x_wconf 91' lang='lat' dir='ltr'>modum,</span> <span class='ocrx_word' id='word_1_47' title='bbox 791 518 868 555; x_wconf 92' lang='lat' dir='ltr'>quo</span> <span class='ocrx_word' id='word_1_48' title='bbox 904 505 942 542; x_wconf 92' lang='lat' dir='ltr'>in</span> <span class='ocrx_word' id='word_1_49' title='bbox 972 517 1048 542; x_wconf 89' lang='lat' dir='ltr'>rem</span> <span class='ocrx_word' id='word_1_50' title='bbox 1086 503 1351 555; x_wconf 89' lang='lat' dir='ltr'>inquirendum</span> <span class='ocrx_word' id='word_1_51' title='bbox 1392 509 1431 541; x_wconf 91' lang='lat' dir='ltr'>et</span> <span class='ocrx_word' id='word_1_52' title='bbox 1459 504 1508 541; x_wconf 88' lang='lat' dir='ltr'>ad</span> 
     </span>
     <span class='ocr_line' id='line_1_7' title="bbox 61 564 1509 618; baseline -0.003 -11"><span class='ocrx_word' id='word_1_53' title='bbox 61 569 222 607; x_wconf 87' lang='lat' dir='ltr'>latibula</span> <span class='ocrx_word' id='word_1_54' title='bbox 238 569 421 606; x_wconf 84' lang='lat' dir='ltr'>furtorum</span> <span class='ocrx_word' id='word_1_55' title='bbox 439 566 737 618; x_wconf 86' lang='lat' dir='ltr'>perveniendum</span> <span class='ocrx_word' id='word_1_56' title='bbox 760 573 888 603; x_wconf 88' lang='lat' dir='ltr'>esset:</span> <span class='ocrx_word' id='word_1_57' title='bbox 919 565 1080 615; x_wconf 85' lang='lat' dir='ltr'>vestigia</span> <span class='ocrx_word' id='word_1_58' title='bbox 1114 578 1134 603; x_wconf 89' lang='lat' dir='ltr'>a</span> <span class='ocrx_word' id='word_1_59' title='bbox 1163 578 1222 602; x_wconf 90' lang='lat' dir='ltr'>me</span> <span class='ocrx_word' id='word_1_60' title='bbox 1242 564 1509 603; x_wconf 82' lang='lat' dir='ltr'>demonstrata</span> 
     </span>
     <span class='ocr_line' id='line_1_8' title="bbox 59 625 1504 681; baseline -0.003 -13"><span class='ocrx_word' id='word_1_61' title='bbox 59 637 285 681; x_wconf 89' lang='lat' dir='ltr'>persecutus</span> <span class='ocrx_word' id='word_1_62' title='bbox 305 634 460 666; x_wconf 85' lang='lat' dir='ltr'>senatus</span> <span class='ocrx_word' id='word_1_63' title='bbox 478 627 622 665; x_wconf 89' lang='lat' dir='ltr'>invenit</span> <span class='ocrx_word' id='word_1_64' title='bbox 640 627 824 678; x_wconf 80' lang='lat' dir='ltr'>praedam,</span> <span class='ocrx_word' id='word_1_65' title='bbox 845 627 1029 665; x_wconf 84' lang='lat' dir='ltr'>furtorum</span> <span class='ocrx_word' id='word_1_66' title='bbox 1050 639 1184 677; x_wconf 81' lang='lat' dir='ltr'>poenas</span> <span class='ocrx_word' id='word_1_67' title='bbox 1210 639 1232 663; x_wconf 89' lang='lat' dir='ltr'>a</span> <span class='ocrx_word' id='word_1_68' title='bbox 1257 625 1504 676; x_wconf 77' lang='lat' dir='ltr'>praedonibus</span> 
     </span>
     <span class='ocr_line' id='line_1_9' title="bbox 62 687 1503 742; baseline -0.002 -14"><span class='ocrx_word' id='word_1_69' title='bbox 62 690 224 742; x_wconf 87' lang='lat' dir='ltr'>repetiit,</span> <span class='ocrx_word' id='word_1_70' title='bbox 250 689 416 740; x_wconf 89' lang='lat' dir='ltr'>ipsisque</span> <span class='ocrx_word' id='word_1_71' title='bbox 446 696 483 727; x_wconf 91' lang='lat' dir='ltr'>et</span> <span class='ocrx_word' id='word_1_72' title='bbox 513 688 705 740; x_wconf 71' lang='lat' dir='ltr'>praedibus</span> <span class='ocrx_word' id='word_1_73' title='bbox 733 689 916 739; x_wconf 87' lang='lat' dir='ltr'>ipsorum,</span> <span class='ocrx_word' id='word_1_74' title='bbox 948 689 995 726; x_wconf 87' lang='lat' dir='ltr'>ab</span> <span class='ocrx_word' id='word_1_75' title='bbox 1020 687 1143 738; x_wconf 82' lang='lat' dir='ltr'>iisque</span> <span class='ocrx_word' id='word_1_76' title='bbox 1174 687 1354 738; x_wconf 88' lang='lat' dir='ltr'>denique,</span> <span class='ocrx_word' id='word_1_77' title='bbox 1385 700 1503 738; x_wconf 88' lang='lat' dir='ltr'>penes</span> 
     </span>
     <span class='ocr_line' id='line_1_10' title="bbox 61 748 1511 803; baseline -0.002 -13"><span class='ocrx_word' id='word_1_78' title='bbox 61 764 156 803; x_wconf 90' lang='lat' dir='ltr'>quos</span> <span class='ocrx_word' id='word_1_79' title='bbox 174 752 318 793; x_wconf 86' lang='lat' dir='ltr'>nummi</span> <span class='ocrx_word' id='word_1_80' title='bbox 337 751 441 788; x_wconf 88' lang='lat' dir='ltr'>furto</span> <span class='ocrx_word' id='word_1_81' title='bbox 461 750 657 788; x_wconf 84' lang='lat' dir='ltr'>interversi</span> <span class='ocrx_word' id='word_1_82' title='bbox 673 749 836 801; x_wconf 87' lang='lat' dir='ltr'>depositi</span> <span class='ocrx_word' id='word_1_83' title='bbox 863 755 992 787; x_wconf 84' lang='lat' dir='ltr'>erant:</span> <span class='ocrx_word' id='word_1_84' title='bbox 1022 748 1207 800; x_wconf 84' lang='lat' dir='ltr'>flagitium</span> <span class='ocrx_word' id='word_1_85' title='bbox 1225 748 1260 786; x_wconf 90' lang='lat' dir='ltr'>in</span> <span class='ocrx_word' id='word_1_86' title='bbox 1279 748 1406 787; x_wconf 88' lang='lat' dir='ltr'>lucem</span> <span class='ocrx_word' id='word_1_87' title='bbox 1425 761 1511 800; x_wconf 83' lang='lat' dir='ltr'>pro-</span> 
     </span>
     <span class='ocr_line' id='line_1_11' title="bbox 58 809 1506 861; baseline -0.001 -11"><span class='ocrx_word' id='word_1_88' title='bbox 58 819 221 852; x_wconf 85' lang='lat' dir='ltr'>tractum</span> <span class='ocrx_word' id='word_1_89' title='bbox 251 812 323 850; x_wconf 86' lang='lat' dir='ltr'>fuit</span> <span class='ocrx_word' id='word_1_90' title='bbox 352 818 429 850; x_wconf 86' lang='lat' dir='ltr'>tam</span> <span class='ocrx_word' id='word_1_91' title='bbox 463 812 619 857; x_wconf 84' lang='lat' dir='ltr'>claram,</span> <span class='ocrx_word' id='word_1_92' title='bbox 656 818 713 856; x_wconf 89' lang='lat' dir='ltr'>ut,</span> <span class='ocrx_word' id='word_1_93' title='bbox 744 824 791 848; x_wconf 90' lang='lat' dir='ltr'>ne</span> <span class='ocrx_word' id='word_1_94' title='bbox 833 811 865 849; x_wconf 91' lang='lat' dir='ltr'>si</span> <span class='ocrx_word' id='word_1_95' title='bbox 901 810 1018 848; x_wconf 86' lang='lat' dir='ltr'>velint</span> <span class='ocrx_word' id='word_1_96' title='bbox 1051 810 1218 861; x_wconf 89' lang='lat' dir='ltr'>quidem,</span> <span class='ocrx_word' id='word_1_97' title='bbox 1250 809 1320 861; x_wconf 89' lang='lat' dir='ltr'>ipsi</span> <span class='ocrx_word' id='word_1_98' title='bbox 1353 809 1506 848; x_wconf 86' lang='lat' dir='ltr'>infitiari</span> 
     </span>
     <span class='ocr_line' id='line_1_12' title="bbox 57 872 1509 924; baseline -0.002 -12"><span class='ocrx_word' id='word_1_99' title='bbox 57 880 222 924; x_wconf 88' lang='lat' dir='ltr'>queant:</span> <span class='ocrx_word' id='word_1_100' title='bbox 242 880 321 911; x_wconf 87' lang='lat' dir='ltr'>tarn</span> <span class='ocrx_word' id='word_1_101' title='bbox 341 873 544 912; x_wconf 85' lang='lat' dir='ltr'>enormiter</span> <span class='ocrx_word' id='word_1_102' title='bbox 564 880 604 911; x_wconf 88' lang='lat' dir='ltr'>et</span> <span class='ocrx_word' id='word_1_103' title='bbox 622 885 764 919; x_wconf 86' lang='lat' dir='ltr'>crasse,</span> <span class='ocrx_word' id='word_1_104' title='bbox 784 880 898 923; x_wconf 91' lang='lat' dir='ltr'>atque</span> <span class='ocrx_word' id='word_1_105' title='bbox 918 873 1058 910; x_wconf 84' lang='lat' dir='ltr'>furiose</span> <span class='ocrx_word' id='word_1_106' title='bbox 1081 873 1192 918; x_wconf 83' lang='lat' dir='ltr'>adeo,</span> <span class='ocrx_word' id='word_1_107' title='bbox 1214 872 1327 909; x_wconf 85' lang='lat' dir='ltr'>furati</span> <span class='ocrx_word' id='word_1_108' title='bbox 1343 872 1509 910; x_wconf 84' lang='lat' dir='ltr'>fuerant.</span> 
     </span>
     <span class='ocr_line' id='line_1_13' title="bbox 60 933 1502 986; baseline -0.001 -14"><span class='ocrx_word' id='word_1_109' title='bbox 60 934 207 973; x_wconf 89' lang='lat' dir='ltr'>Horum</span> <span class='ocrx_word' id='word_1_110' title='bbox 227 934 412 973; x_wconf 86' lang='lat' dir='ltr'>satellites</span> <span class='ocrx_word' id='word_1_111' title='bbox 447 943 563 985; x_wconf 88' lang='lat' dir='ltr'>atque</span> <span class='ocrx_word' id='word_1_112' title='bbox 583 941 822 986; x_wconf 86' lang='lat' dir='ltr'>protectores</span> <span class='ocrx_word' id='word_1_113' title='bbox 843 947 883 972; x_wconf 88' lang='lat' dir='ltr'>se</span> <span class='ocrx_word' id='word_1_114' title='bbox 904 941 1104 985; x_wconf 84' lang='lat' dir='ltr'>gesserunt</span> <span class='ocrx_word' id='word_1_115' title='bbox 1122 934 1161 971; x_wconf 89' lang='lat' dir='ltr'>hi</span> <span class='ocrx_word' id='word_1_116' title='bbox 1181 933 1384 971; x_wconf 89' lang='lat' dir='ltr'>adversarii</span> <span class='ocrx_word' id='word_1_117' title='bbox 1403 934 1502 978; x_wconf 88' lang='lat' dir='ltr'>mei;</span> 
     </span>
     <span class='ocr_line' id='line_1_14' title="bbox 57 994 1502 1047; baseline -0.001 -13"><span class='ocrx_word' id='word_1_118' title='bbox 57 996 122 1047; x_wconf 84' lang='lat' dir='ltr'>qui</span> <span class='ocrx_word' id='word_1_119' title='bbox 155 996 304 1047; x_wconf 86' lang='lat' dir='ltr'>ecquod</span> <span class='ocrx_word' id='word_1_120' title='bbox 338 995 493 1034; x_wconf 85' lang='lat' dir='ltr'>tandem</span> <span class='ocrx_word' id='word_1_121' title='bbox 524 996 563 1033; x_wconf 92' lang='lat' dir='ltr'>in</span> <span class='ocrx_word' id='word_1_122' title='bbox 599 996 842 1035; x_wconf 87' lang='lat' dir='ltr'>dicasterium</span> <span class='ocrx_word' id='word_1_123' title='bbox 875 995 1030 1034; x_wconf 87' lang='lat' dir='ltr'>veniant</span> <span class='ocrx_word' id='word_1_124' title='bbox 1062 994 1143 1033; x_wconf 89' lang='lat' dir='ltr'>sine</span> <span class='ocrx_word' id='word_1_125' title='bbox 1175 994 1373 1046; x_wconf 88' lang='lat' dir='ltr'>proposito</span> <span class='ocrx_word' id='word_1_126' title='bbox 1405 995 1502 1033; x_wconf 91' lang='lat' dir='ltr'>illud</span> 
     </span>
     <span class='ocr_line' id='line_1_15' title="bbox 56 1056 1501 1107; baseline 0 -13"><span class='ocrx_word' id='word_1_127' title='bbox 56 1056 300 1095; x_wconf 82' lang='lat' dir='ltr'>dicasterium</span> <span class='ocrx_word' id='word_1_128' title='bbox 321 1056 673 1095; x_wconf 72' lang='lat' dir='ltr'>circumveniendi?</span> <span class='ocrx_word' id='word_1_129' title='bbox 703 1056 852 1107; x_wconf 87' lang='lat' dir='ltr'>ecquod</span> <span class='ocrx_word' id='word_1_130' title='bbox 866 1056 1151 1107; x_wconf 84' lang='lat' dir='ltr'>jusjurandum,</span> <span class='ocrx_word' id='word_1_131' title='bbox 1179 1057 1354 1107; x_wconf 85' lang='lat' dir='ltr'>quamvis</span> <span class='ocrx_word' id='word_1_132' title='bbox 1374 1068 1501 1094; x_wconf 85' lang='lat' dir='ltr'>sacer-</span> 
     </span>
     <span class='ocr_line' id='line_1_16' title="bbox 55 1116 1501 1163; baseline 0.001 -9"><span class='ocrx_word' id='word_1_133' title='bbox 55 1117 161 1155; x_wconf 87' lang='lat' dir='ltr'>rimis</span> <span class='ocrx_word' id='word_1_134' title='bbox 188 1117 279 1155; x_wconf 90' lang='lat' dir='ltr'>diris</span> <span class='ocrx_word' id='word_1_135' title='bbox 308 1118 477 1163; x_wconf 86' lang='lat' dir='ltr'>horrens,</span> <span class='ocrx_word' id='word_1_136' title='bbox 515 1117 656 1155; x_wconf 86' lang='lat' dir='ltr'>violare</span> <span class='ocrx_word' id='word_1_137' title='bbox 685 1117 942 1156; x_wconf 71' lang='lat' dir='ltr'>cunctentur?</span> <span class='ocrx_word' id='word_1_138' title='bbox 998 1116 1102 1163; x_wconf 87' lang='lat' dir='ltr'>Non,</span> <span class='ocrx_word' id='word_1_139' title='bbox 1130 1129 1217 1154; x_wconf 92' lang='lat' dir='ltr'>cum</span> <span class='ocrx_word' id='word_1_140' title='bbox 1244 1130 1311 1154; x_wconf 88' lang='lat' dir='ltr'>vos</span> <span class='ocrx_word' id='word_1_141' title='bbox 1344 1125 1501 1156; x_wconf 89' lang='lat' dir='ltr'>nossent</span> 
     </span>
     <span class='ocr_line' id='line_1_17' title="bbox 51 1178 1496 1230; baseline 0 -13"><span class='ocrx_word' id='word_1_142' title='bbox 51 1178 277 1217; x_wconf 80' lang='lat' dir='ltr'>Graecorum</span> <span class='ocrx_word' id='word_1_143' title='bbox 314 1178 483 1216; x_wconf 89' lang='lat' dir='ltr'>omnium</span> <span class='ocrx_word' id='word_1_144' title='bbox 519 1179 778 1217; x_wconf 88' lang='lat' dir='ltr'>sanctissimos</span> <span class='ocrx_word' id='word_1_145' title='bbox 810 1186 923 1230; x_wconf 87' lang='lat' dir='ltr'>atque</span> <span class='ocrx_word' id='word_1_146' title='bbox 954 1178 1188 1230; x_wconf 86' lang='lat' dir='ltr'>justissimos</span> <span class='ocrx_word' id='word_1_147' title='bbox 1214 1178 1367 1229; x_wconf 88' lang='lat' dir='ltr'>judices</span> <span class='ocrx_word' id='word_1_148' title='bbox 1396 1191 1496 1225; x_wconf 87' lang='lat' dir='ltr'>esse,</span> 
     </span>
     <span class='ocr_line' id='line_1_18' title="bbox 55 1238 1495 1290; baseline 0.001 -13"><span class='ocrx_word' id='word_1_149' title='bbox 55 1245 185 1278; x_wconf 83' lang='lat' dir='ltr'>tamen</span> <span class='ocrx_word' id='word_1_150' title='bbox 204 1239 253 1277; x_wconf 86' lang='lat' dir='ltr'>ad</span> <span class='ocrx_word' id='word_1_151' title='bbox 272 1251 338 1277; x_wconf 88' lang='lat' dir='ltr'>vos</span> <span class='ocrx_word' id='word_1_152' title='bbox 358 1239 582 1289; x_wconf 88' lang='lat' dir='ltr'>prodierunt</span> <span class='ocrx_word' id='word_1_153' title='bbox 601 1252 688 1277; x_wconf 88' lang='lat' dir='ltr'>cum</span> <span class='ocrx_word' id='word_1_154' title='bbox 706 1239 917 1289; x_wconf 85' lang='lat' dir='ltr'>proposito,</span> <span class='ocrx_word' id='word_1_155' title='bbox 951 1240 982 1278; x_wconf 88' lang='lat' dir='ltr'>si</span> <span class='ocrx_word' id='word_1_156' title='bbox 1002 1239 1162 1290; x_wconf 83' lang='lat' dir='ltr'>possint,</span> <span class='ocrx_word' id='word_1_157' title='bbox 1197 1238 1268 1277; x_wconf 88' lang='lat' dir='ltr'>sub</span> <span class='ocrx_word' id='word_1_158' title='bbox 1288 1239 1392 1277; x_wconf 88' lang='lat' dir='ltr'>larva</span> <span class='ocrx_word' id='word_1_159' title='bbox 1412 1246 1495 1278; x_wconf 86' lang='lat' dir='ltr'>tan-</span> 
     </span>
     <span class='ocr_line' id='line_1_19' title="bbox 57 1300 842 1352; baseline -0.001 -14"><span class='ocrx_word' id='word_1_160' title='bbox 57 1306 178 1339; x_wconf 85' lang='lat' dir='ltr'>torum</span> <span class='ocrx_word' id='word_1_161' title='bbox 190 1300 490 1351; x_wconf 85' lang='lat' dir='ltr'>juramentorum</span> <span class='ocrx_word' id='word_1_162' title='bbox 511 1313 577 1339; x_wconf 90' lang='lat' dir='ltr'>vos</span> <span class='ocrx_word' id='word_1_163' title='bbox 594 1300 842 1352; x_wconf 77' lang='lat' dir='ltr'>decipiendi?</span> 
     </span>
    </p>
   </div>
  </div>
 </body>
</html>
