1822 3219
228 166 304 201 350
868 164 1037 202 LYSIAE

223 264 325 302 modi
352 264 451 302 enim
480 264 608 302 animo
638 263 700 315 qui
727 263 876 315 praediti
898 272 1001 309 sunt,
1022 277 1152 302 eorum
1173 278 1423 316 permagnum
1444 267 1601 306 interest
1619 280 1676 305 re-

223 332 335 362 ctene
369 337 417 362 an
451 338 564 363 secus
595 326 763 363 habeant
791 325 882 375 reip.
909 325 1087 370 fortunae,
1113 333 1317 376 propterea
1336 327 1441 377 quod
1461 327 1678 365 existimant

223 394 398 436 oportere
437 400 477 424 se
515 387 672 438 perinde
712 386 852 423 damna
885 389 967 432 ejus
1001 395 1116 437 atque
1151 388 1408 426 emolumenta
1438 388 1676 439 participare.

225 447 326 484 Nam
347 447 426 498 qui,
447 448 526 486 nati
546 462 631 486 cum
653 448 729 485 sint
759 447 875 492 cives,
896 460 941 484 eo
967 454 1092 484 tamen
1125 455 1216 485 sunt
1240 449 1379 494 animo,
1400 457 1440 486 ut
1459 449 1679 499 ubicunque

224 509 324 545 bene
343 508 413 546 sibi
440 509 488 546 sit
513 509 787 558 copiarumque
815 507 862 544 ad
892 508 1005 544 vitam
1037 509 1238 546 commode
1272 509 1485 560 degendam
1519 509 1612 546 satis
1642 515 1680 545 et

225 582 339 619 super
358 570 418 614 sit,
439 569 486 606 ibi
509 569 668 620 patriam
698 581 781 605 esse
814 574 1029 613 autument,
1058 569 1130 606 hos
1161 576 1326 613 constat,
1347 569 1571 606 transmissa
1588 568 1679 606 boni

224 630 438 667 communis
457 643 561 675 cura,
583 630 619 666 in
645 630 791 680 privata
817 641 886 665 sua
913 629 1117 666 commoda
1146 642 1232 667 esse
1259 630 1510 675 incubituros,
1537 629 1679 680 quippe

225 691 363 742 quibus
390 705 466 729 non
493 692 529 728 in
560 692 710 728 civitate
741 690 808 728 sed
844 690 881 727 in
914 690 1077 727 fortunis
1110 691 1188 728 suis
1219 692 1293 728 sita
1324 691 1373 728 sit
1396 691 1532 741 patria.
1590 689 1680 727 Pla-

225 764 315 787 num
344 751 473 800 itaque
502 751 640 788 faciam
659 750 763 787 hunc
793 750 992 788 Philonem
1015 751 1208 788 securitati
1229 764 1308 787 suae
1328 750 1546 801 diligentius
1565 756 1679 800 quam

225 812 358 861 patriae
395 811 624 862 periclitanti
664 811 925 860 prospexisse,
959 812 1154 861 satiusque
1186 811 1344 849 duxisse
1377 812 1502 849 salvas
1538 811 1681 849 habere

224 873 396 909 fortunas
417 885 506 909 suas
527 872 564 908 in
585 878 744 921 tutoque
773 876 928 908 aetatem
961 871 1102 921 degere
1124 885 1238 921 quam
1271 872 1450 923 periculis
1477 872 1557 922 pari
1591 884 1678 909 cum

225 933 307 970 aliis
340 932 486 970 civibus
520 932 766 970 contentione
802 931 990 969 obeundis
1023 945 1142 982 remp.
1178 933 1320 970 salvam
1354 940 1550 982 praestare.
1607 933 1681 970 Cui

225 1007 314 1032 cum
343 1007 446 1031 saeva
479 994 545 1031 illa
574 992 706 1031 clades
735 993 976 1042 contingeret
995 1014 1042 1021 —
1062 993 1171 1042 cujus
1197 1006 1270 1042 ego
1300 993 1419 1031 cladis
1448 993 1681 1031 mentionem

223 1054 413 1092 hactenus
434 1054 588 1099 faciam,
614 1060 804 1104 quatenus
831 1065 954 1089 rerum
975 1053 1248 1090 narrandarum
1276 1053 1370 1091 ordo
1391 1060 1429 1090 et
1449 1060 1585 1091 natura
1615 1067 1683 1091 ne-

226 1115 447 1153 cessitatem
464 1115 555 1152 mihi
569 1114 743 1165 imponet
763 1127 846 1151 eam
865 1114 1150 1163 perstringendi
1163 1137 1227 1159 -,
1246 1115 1381 1152 Philon
1403 1115 1479 1161 hic,
1498 1117 1576 1152 tina
1594 1127 1680 1153 cum

225 1176 382 1227 reliquis
408 1175 554 1213 civibus
589 1189 611 1212 a
630 1175 975 1225 Trigintatyrannis
1005 1187 1025 1211 e
1054 1175 1203 1212 civitate
1236 1175 1485 1226 proscriptus,
1506 1175 1681 1226 aliquan-

224 1236 342 1286 tisper
354 1249 440 1274 rure
456 1236 656 1280 consedit;
688 1249 773 1273 curn
795 1242 922 1273 autem
944 1235 998 1272 illi
1019 1247 1041 1272 a
1060 1235 1188 1286 Phyla
1207 1236 1245 1273 in
1267 1236 1455 1274 Piraeeum
1475 1236 1680 1281 redissent,

224 1297 402 1347 civesque
423 1297 542 1334 nostri
559 1310 635 1334 non
657 1297 786 1334 Attico
806 1296 1047 1333 solummodo
1066 1309 1112 1333 ex
1132 1309 1225 1347 agro
1241 1310 1370 1334 verum
1385 1297 1563 1335 etiam'ex
1578 1296 1681 1334 omni

225 1357 326 1394 circa
371 1358 524 1407 regione
562 1357 722 1394 finitima
753 1356 936 1402 coissent,
967 1369 1099 1394 omnes
1131 1364 1170 1394 et
1207 1357 1346 1407 singuli
1376 1370 1488 1408 quarn
1522 1364 1684 1408 possent

225 1431 377 1469 operam
413 1419 460 1457 ad
493 1418 794 1457 succurrendum
828 1417 1018 1455 laboranti
1051 1418 1184 1468 patriae
1216 1419 1480 1461 conferentes:
1510 1418 1603 1468 quid
1631 1418 1682 1456 ibi

225 1479 363 1516 Philon
382 1479 471 1517 hic?
501 1487 636 1518 contra
656 1492 771 1529 quam
797 1479 859 1515 alii
885 1491 1031 1524 omnes,
1058 1478 1275 1515 convasatis
1301 1491 1387 1529 quae
1418 1479 1452 1515 ei
1480 1478 1544 1516 hic
1573 1484 1683 1516 erant

224 1541 384 1578 alienam
405 1541 442 1577 in
464 1541 647 1578 ditionem
669 1553 710 1578 se
729 1539 936 1585 transtulit,
957 1539 1131 1589 Oropum
1160 1539 1375 1576 habitatum
1404 1538 1609 1584 concessit,
1628 1537 1681 1576 ibi

224 1601 390 1652 vectigal
421 1601 670 1652 inquilinatus
704 1600 900 1652 dependit,
929 1601 1000 1637 sub
1033 1599 1155 1636 tutela
1184 1599 1332 1649 patroni
1364 1599 1482 1643 vixit;
1513 1598 1682 1636 malebat

224 1675 363 1712 nempe
384 1663 487 1713 apud
508 1662 594 1699 illos
613 1661 839 1711 inquilinum
861 1673 988 1710 agere,
1009 1673 1121 1710 quam
1145 1660 1247 1710 apud
1267 1672 1335 1696 vos
1356 1659 1477 1697 civem
1506 1660 1586 1710 pari
1610 1672 1678 1698 vo-

223 1723 372 1760 biscum
387 1723 475 1773 jure
495 1728 677 1760 utentem.
738 1722 888 1771 Neque,
908 1721 1013 1771 quod
1033 1727 1189 1758 constat
1219 1720 1356 1757 civium
1389 1720 1595 1758 nonnullos
1624 1720 1680 1758 fe-

223 1783 335 1827 cisse,
364 1783 533 1820 animum
563 1789 768 1833 partesque
802 1794 889 1818 cum
922 1782 1075 1818 fortuna
1105 1781 1293 1818 mutavit:
1322 1781 1497 1818 nonnulli
1529 1794 1681 1832 nempe,

223 1844 399 1881 videntes
430 1843 598 1893 Phylaeis
623 1842 698 1879 illis
727 1848 893 1879 conatus
923 1853 1107 1892 prospere
1139 1841 1362 1886 succedere,
1383 1854 1406 1878 a
1433 1848 1681 1892 tyrannorum

226 1905 398 1955 partibus
430 1904 480 1941 ad
508 1904 642 1941 horum
676 1903 918 1945 transibant;
949 1902 1089 1939 Philon
1123 1909 1251 1939 autem
1285 1916 1333 1939 ne
1362 1902 1497 1939 harum
1530 1902 1682 1953 quidem

224 1966 481 2004 secundarum
509 1978 633 2002 rerum
665 1964 969 2002 communionem
1000 1963 1181 2013 appetiit;
1213 1963 1266 1999 rei
1298 1964 1395 2000 bene
1424 1974 1682 2013 prospereque

219 2027 299 2077 jam
320 2034 487 2077 peractae
507 2026 764 2076 supervenire,
785 2038 900 2075 quam
927 2024 961 2062 ei
987 2037 1075 2061 cum
1100 2031 1277 2074 ageretur
1305 2024 1501 2070 interesse,
1521 2024 1678 2069 maluit;

223 2088 451 2138 participare
480 2087 626 2124 fructus
658 2085 832 2123 laborum
860 2085 1006 2140 maluit,
1027 2098 1140 2134 quam
1163 2098 1232 2122 sno
1251 2084 1410 2122 consilio
1432 2097 1548 2122 suave
1567 2090 1683 2136 opera

223 2149 384 2199 patriam
405 2160 539 2185 ornare
558 2155 674 2196 atque
694 2146 875 2184 relevare.
932 2147 1023 2183 Non
1037 2145 1148 2183 rediit
1163 2145 1199 2182 in
1216 2145 1418 2191 Piraeeum,
1434 2158 1558 2195 neque
1572 2145 1681 2183 locus

225 2212 326 2249 ullus
346 2218 406 2249 est
424 2212 462 2248 in
481 2223 556 2261 quo
575 2208 790 2248 collocandi
811 2209 868 2245 sui
888 2208 1037 2258 copiam
1057 2207 1164 2244 vobis
1186 2207 1354 2244 fecisset.
1411 2207 1499 2244 Jam
1527 2206 1593 2256 qui
1611 2219 1679 2245 vos

224 2273 406 2322 prodidit,
427 2285 524 2322 quos
553 2271 700 2308 videret
729 2269 918 2320 prosperis
947 2281 1073 2305 rerum
1100 2267 1343 2304 successibus
1370 2267 1566 2311 florentes,
1586 2266 1679 2317 quid

225 2333 288 2370 ille
322 2333 456 2370 fuisset
488 2344 665 2376 ausurus,
697 2330 728 2367 si
761 2342 830 2366 vos
863 2329 987 2366 secius
1017 2335 1131 2377 atque
1160 2327 1296 2364 vellem
1322 2334 1594 2376 resgerentes
1623 2328 1679 2365 vi-

226 2392 372 2431 disset?

283 2456 319 2491 3.
350 2453 514 2490 Privatis
539 2453 691 2502 quidem
713 2451 743 2488 si
764 2451 828 2501 qui
859 2449 1055 2488 constricti
1085 2449 1258 2487 cladibus
1287 2450 1471 2486 interesse
1501 2447 1679 2498 periculis

227 2513 393 2551 iis'haud
413 2519 633 2564 potuerunt,
665 2513 802 2561 quibus
835 2524 936 2561 resp.
959 2518 1039 2548 turn
1067 2509 1250 2547 defuncta
1275 2518 1348 2555 est,
1367 2509 1478 2546 venia
1506 2507 1544 2544 hi
1572 2508 1679 2559 digni

227 2577 357 2625 utique
379 2575 456 2612 sint
469 2597 522 2602 -—
535 2573 665 2623 ecquis
682 2574 779 2609 enim
795 2572 1050 2618 ultro‚dedita
1063 2585 1177 2622 opera
1189 2571 1319 2609 infelix
1339 2570 1412 2607 sit?
1426 2593 1490 2614 —‚
1501 2570 1679 2608 consulto

228 2644 355 2674 autem
387 2636 452 2685 qui
476 2627 754 2673 'commiserunt
780 2640 823 2669 ut
846 2646 869 2670 a
901 2633 1096 2670 laboribus
1124 2632 1257 2669 vestris
1285 2632 1475 2674 abessent,
1503 2630 1542 2667 hi
1568 2631 1680 2669 venia

228 2705 318 2734 sunt
337 2697 515 2734 arcendi:
542 2709 619 2733 non
648 2695 746 2732 enim
773 2707 796 2730 a
819 2694 1104 2731 calamitatibus
1137 2692 1335 2743 intercepti
1367 2691 1585 2736 abfuerunt,
1610 2692 1684 2730 sed'

228 2759 330 2795 mala
363 2758 496 2795 fraude
531 2770 602 2794 sua
633 2755 867 2805 temporibus
889 2754 1024 2791 vestris
1052 2754 1234 2791 insidiati.
1293 2753 1416 2789 Ratus
1444 2752 1599 2802 quidam
1619 2758 1679 2789 est

228 2831 377 2868 usuque
408 2816 570 2855 universi
601 2815 752 2867 generis
780 2815 935 2852 humani
953 2814 1221 2851 constabilitus
1241 2825 1322 2850 mos
1343 2812 1523 2863 imprimis
1542 2825 1676 2862 aequus

227 2886 267 2916 et
293 2879 499 2922 humanus,
528 2885 584 2922 ut,
615 2877 764 2914 duobus
793 2875 963 2925 ejusdem
993 2874 1157 2912 criminis
1190 2874 1262 2912 reis
1294 2874 1418 2919 factis,
1437 2872 1676 2911 offendamur
