<?xml version="1.0" encoding="UTF-8"?>
<!DOCTYPE html PUBLIC "-//W3C//DTD XHTML 1.0 Transitional//EN"
    "http://www.w3.org/TR/xhtml1/DTD/xhtml1-transitional.dtd">
<html xmlns="http://www.w3.org/1999/xhtml" xml:lang="en" lang="en">
 <head>
  <title>
</title>
<meta http-equiv="Content-Type" content="text/html;charset=utf-8" />
  <meta name='ocr-system' content='tesseract 3.04.00' />
  <meta name='ocr-capabilities' content='ocr_page ocr_carea ocr_par ocr_line ocrx_word'/>
</head>
<body>
  <div class='ocr_page' id='page_1' title='image "./oratoresatticie13dobs_0184.png"; bbox 0 0 1822 3219; ppageno 0'>
   <div class='ocr_carea' id='block_1_1' title="bbox 210 164 1021 203">
    <p class='ocr_par' dir='ltr' id='par_1_1' title="bbox 210 164 1021 203">
     <span class='ocr_line' id='line_1_1' title="bbox 210 164 1021 203; baseline -0.002 0"><span class='ocrx_word' id='word_1_1' title='bbox 210 167 284 203; x_wconf 80' lang='lat'>172</span> <span class='ocrx_word' id='word_1_2' title='bbox 852 164 1021 202; x_wconf 82' lang='lat' dir='ltr'>LYSIAE</span> 
     </span>
    </p>
   </div>
   <div class='ocr_carea' id='block_1_2' title="bbox 190 264 1699 3038">
    <p class='ocr_par' dir='ltr' id='par_1_2' title="bbox 205 264 1678 504">
     <span class='ocr_line' id='line_1_2' title="bbox 205 264 1677 316; baseline -0.005 -9"><span class='ocrx_word' id='word_1_3' title='bbox 205 280 364 307; x_wconf 81' lang='lat' dir='ltr'>suarum</span> <span class='ocrx_word' id='word_1_4' title='bbox 398 279 421 305; x_wconf 84' lang='lat' dir='ltr'>a</span> <span class='ocrx_word' id='word_1_5' title='bbox 451 279 510 304; x_wconf 88' lang='lat' dir='ltr'>me</span> <span class='ocrx_word' id='word_1_6' title='bbox 544 266 755 304; x_wconf 88' lang='lat' dir='ltr'>mulcatum</span> <span class='ocrx_word' id='word_1_7' title='bbox 789 280 889 311; x_wconf 87' lang='lat' dir='ltr'>esse,</span> <span class='ocrx_word' id='word_1_8' title='bbox 922 268 969 305; x_wconf 90' lang='lat' dir='ltr'>ab</span> <span class='ocrx_word' id='word_1_9' title='bbox 1004 267 1126 316; x_wconf 89' lang='lat' dir='ltr'>iisque</span> <span class='ocrx_word' id='word_1_10' title='bbox 1160 276 1278 316; x_wconf 85' lang='lat' dir='ltr'>grave</span> <span class='ocrx_word' id='word_1_11' title='bbox 1307 264 1489 302; x_wconf 89' lang='lat' dir='ltr'>damnum</span> <span class='ocrx_word' id='word_1_12' title='bbox 1518 275 1677 314; x_wconf 84' lang='lat' dir='ltr'>corpore</span> 
     </span>
     <span class='ocr_line' id='line_1_3' title="bbox 207 325 1678 381; baseline -0.005 -13"><span class='ocrx_word' id='word_1_13' title='bbox 207 330 421 381; x_wconf 89' lang='lat' dir='ltr'>accepisse.</span> <span class='ocrx_word' id='word_1_14' title='bbox 482 329 602 379; x_wconf 75' lang='lat' dir='ltr'>Atqui</span> <span class='ocrx_word' id='word_1_15' title='bbox 632 335 799 372; x_wconf 83' lang='lat' dir='ltr'>constat,</span> <span class='ocrx_word' id='word_1_16' title='bbox 830 341 917 366; x_wconf 84' lang='lat' dir='ltr'>eum</span> <span class='ocrx_word' id='word_1_17' title='bbox 938 328 1086 365; x_wconf 87' lang='lat' dir='ltr'>salvum</span> <span class='ocrx_word' id='word_1_18' title='bbox 1108 333 1148 364; x_wconf 94' lang='lat' dir='ltr'>et</span> <span class='ocrx_word' id='word_1_19' title='bbox 1175 326 1409 364; x_wconf 90' lang='lat' dir='ltr'>incolumem</span> <span class='ocrx_word' id='word_1_20' title='bbox 1438 325 1564 363; x_wconf 88' lang='lat' dir='ltr'>stadia</span> <span class='ocrx_word' id='word_1_21' title='bbox 1592 325 1678 376; x_wconf 90' lang='lat' dir='ltr'>plus</span> 
     </span>
     <span class='ocr_line' id='line_1_4' title="bbox 208 395 1678 442; baseline -0.003 -13"><span class='ocrx_word' id='word_1_22' title='bbox 208 404 324 442; x_wconf 90' lang='lat' dir='ltr'>quam</span> <span class='ocrx_word' id='word_1_23' title='bbox 355 398 521 442; x_wconf 85' lang='lat' dir='ltr'>quatuor</span> <span class='ocrx_word' id='word_1_24' title='bbox 546 403 659 427; x_wconf 82' lang='lat' dir='ltr'>cursu</span> <span class='ocrx_word' id='word_1_25' title='bbox 686 404 884 428; x_wconf 81' lang='lat' dir='ltr'>emensum</span> <span class='ocrx_word' id='word_1_26' title='bbox 913 402 1013 433; x_wconf 86' lang='lat' dir='ltr'>esse,</span> <span class='ocrx_word' id='word_1_27' title='bbox 1045 401 1133 426; x_wconf 91' lang='lat' dir='ltr'>cum</span> <span class='ocrx_word' id='word_1_28' title='bbox 1164 402 1326 439; x_wconf 91' lang='lat' dir='ltr'>puerum</span> <span class='ocrx_word' id='word_1_29' title='bbox 1357 395 1678 439; x_wconf 80' lang='lat' dir='ltr'>persequeretur:</span> 
     </span>
     <span class='ocr_line' id='line_1_5' title="bbox 209 450 1594 504; baseline -0.004 -13"><span class='ocrx_word' id='word_1_30' title='bbox 209 467 298 504; x_wconf 88' lang='lat' dir='ltr'>quae</span> <span class='ocrx_word' id='word_1_31' title='bbox 318 466 405 491; x_wconf 89' lang='lat' dir='ltr'>cum</span> <span class='ocrx_word' id='word_1_32' title='bbox 428 452 591 490; x_wconf 87' lang='lat' dir='ltr'>viderint</span> <span class='ocrx_word' id='word_1_33' title='bbox 609 452 784 488; x_wconf 87' lang='lat' dir='ltr'>homines</span> <span class='ocrx_word' id='word_1_34' title='bbox 807 452 892 502; x_wconf 88' lang='lat' dir='ltr'>plus</span> <span class='ocrx_word' id='word_1_35' title='bbox 914 465 1028 502; x_wconf 87' lang='lat' dir='ltr'>quam</span> <span class='ocrx_word' id='word_1_36' title='bbox 1052 450 1223 495; x_wconf 86' lang='lat' dir='ltr'>ducenti,</span> <span class='ocrx_word' id='word_1_37' title='bbox 1245 458 1373 487; x_wconf 85' lang='lat' dir='ltr'>tamen</span> <span class='ocrx_word' id='word_1_38' title='bbox 1396 450 1594 486; x_wconf 85' lang='lat' dir='ltr'>infitiatur.</span> 
     </span>
    </p>

    <p class='ocr_par' dir='ltr' id='par_1_3' title="bbox 190 511 1699 3038">
     <span class='ocr_line' id='line_1_6' title="bbox 265 511 1681 555; baseline -0.006 -1"><span class='ocrx_word' id='word_1_39' title='bbox 265 517 302 555; x_wconf 89' lang='lat'>7.</span> <span class='ocrx_word' id='word_1_40' title='bbox 333 515 430 551; x_wconf 89' lang='lat' dir='ltr'>Tum</span> <span class='ocrx_word' id='word_1_41' title='bbox 460 527 529 551; x_wconf 90' lang='lat' dir='ltr'>nos</span> <span class='ocrx_word' id='word_1_42' title='bbox 551 514 604 551; x_wconf 89' lang='lat' dir='ltr'>ait</span> <span class='ocrx_word' id='word_1_43' title='bbox 623 514 672 550; x_wconf 87' lang='lat' dir='ltr'>ad</span> <span class='ocrx_word' id='word_1_44' title='bbox 703 513 808 550; x_wconf 79' lang='lat' dir='ltr'>aedes</span> <span class='ocrx_word' id='word_1_45' title='bbox 840 526 928 550; x_wconf 83' lang='lat' dir='ltr'>suas</span> <span class='ocrx_word' id='word_1_46' title='bbox 950 514 1102 550; x_wconf 86' lang='lat' dir='ltr'>venisse</span> <span class='ocrx_word' id='word_1_47' title='bbox 1122 519 1223 549; x_wconf 85' lang='lat' dir='ltr'>testa</span> <span class='ocrx_word' id='word_1_48' title='bbox 1243 511 1388 549; x_wconf 85' lang='lat' dir='ltr'>vinaria</span> <span class='ocrx_word' id='word_1_49' title='bbox 1409 518 1590 554; x_wconf 86' lang='lat' dir='ltr'>armatos,</span> <span class='ocrx_word' id='word_1_50' title='bbox 1611 522 1681 546; x_wconf 91' lang='lat' dir='ltr'>ne-</span> 
     </span>
     <span class='ocr_line' id='line_1_7' title="bbox 213 574 1683 628; baseline -0.005 -14"><span class='ocrx_word' id='word_1_51' title='bbox 213 589 374 628; x_wconf 86' lang='lat' dir='ltr'>cemque</span> <span class='ocrx_word' id='word_1_52' title='bbox 395 575 465 613; x_wconf 89' lang='lat' dir='ltr'>sibi</span> <span class='ocrx_word' id='word_1_53' title='bbox 488 575 650 612; x_wconf 77' lang='lat' dir='ltr'>miriatos</span> <span class='ocrx_word' id='word_1_54' title='bbox 671 588 780 618; x_wconf 89' lang='lat' dir='ltr'>esse;</span> <span class='ocrx_word' id='word_1_55' title='bbox 809 574 908 611; x_wconf 76' lang='lat' dir='ltr'>lianc</span> <span class='ocrx_word' id='word_1_56' title='bbox 930 583 1056 611; x_wconf 86' lang='lat' dir='ltr'>autem</span> <span class='ocrx_word' id='word_1_57' title='bbox 1079 587 1166 611; x_wconf 88' lang='lat' dir='ltr'>esse</span> <span class='ocrx_word' id='word_1_58' title='bbox 1187 576 1377 621; x_wconf 70' lang='grc' dir='ltr'>πρόνοιαν,</span> <span class='ocrx_word' id='word_1_59' title='bbox 1400 585 1514 609; x_wconf 74' lang='grc' dir='ltr'>πει-εἰη</span> <span class='ocrx_word' id='word_1_60' title='bbox 1534 583 1683 621; x_wconf 83' lang='lat' dir='ltr'>praeme-</span> 
     </span>
     <span class='ocr_line' id='line_1_8' title="bbox 212 635 1679 687; baseline -0.005 -12"><span class='ocrx_word' id='word_1_61' title='bbox 212 639 378 675; x_wconf 81' lang='lat' dir='ltr'>ditatam.</span> <span class='ocrx_word' id='word_1_62' title='bbox 437 637 521 687; x_wconf 76' lang='lat' dir='ltr'>Ego</span> <span class='ocrx_word' id='word_1_63' title='bbox 541 649 644 680; x_wconf 88' lang='lat' dir='ltr'>vero,</span> <span class='ocrx_word' id='word_1_64' title='bbox 673 643 886 680; x_wconf 78' lang='lat' dir='ltr'>senatores,</span> <span class='ocrx_word' id='word_1_65' title='bbox 908 636 1019 673; x_wconf 72' lang='lat' dir='ltr'>facile</span> <span class='ocrx_word' id='word_1_66' title='bbox 1053 642 1257 686; x_wconf 82' lang='lat' dir='ltr'>perspectu</span> <span class='ocrx_word' id='word_1_67' title='bbox 1291 635 1449 672; x_wconf 80' lang='lat' dir='ltr'>arbitror</span> <span class='ocrx_word' id='word_1_68' title='bbox 1480 645 1565 671; x_wconf 91' lang='lat' dir='ltr'>esse</span> <span class='ocrx_word' id='word_1_69' title='bbox 1594 644 1679 670; x_wconf 87' lang='lat' dir='ltr'>eum</span> 
     </span>
     <span class='ocr_line' id='line_1_9' title="bbox 212 693 1683 749; baseline -0.005 -11"><span class='ocrx_word' id='word_1_70' title='bbox 212 700 377 744; x_wconf 86' lang='lat' dir='ltr'>mentiri,</span> <span class='ocrx_word' id='word_1_71' title='bbox 400 712 476 736; x_wconf 88' lang='lat' dir='ltr'>non</span> <span class='ocrx_word' id='word_1_72' title='bbox 497 698 605 736; x_wconf 91' lang='lat' dir='ltr'>vobis</span> <span class='ocrx_word' id='word_1_73' title='bbox 624 697 867 736; x_wconf 80' lang='lat' dir='ltr'>solummodo</span> <span class='ocrx_word' id='word_1_74' title='bbox 889 697 1111 749; x_wconf 84' lang='lat' dir='ltr'>hujusmodi</span> <span class='ocrx_word' id='word_1_75' title='bbox 1131 710 1270 735; x_wconf 84' lang='lat' dir='ltr'>causas</span> <span class='ocrx_word' id='word_1_76' title='bbox 1287 707 1524 746; x_wconf 80' lang='lat' dir='ltr'>cognoscere</span> <span class='ocrx_word' id='word_1_77' title='bbox 1546 693 1683 739; x_wconf 90' lang='lat' dir='ltr'>solitis,</span> 
     </span>
     <span class='ocr_line' id='line_1_10' title="bbox 211 755 1682 811; baseline -0.005 -12"><span class='ocrx_word' id='word_1_78' title='bbox 211 775 346 799; x_wconf 90' lang='lat' dir='ltr'>verum</span> <span class='ocrx_word' id='word_1_79' title='bbox 377 761 491 800; x_wconf 89' lang='lat' dir='ltr'>etiam</span> <span class='ocrx_word' id='word_1_80' title='bbox 522 761 818 811; x_wconf 85' lang='lat' dir='ltr'>quibuscunque</span> <span class='ocrx_word' id='word_1_81' title='bbox 846 759 942 797; x_wconf 77' lang='lat' dir='ltr'>aliis.</span> <span class='ocrx_word' id='word_1_82' title='bbox 1002 760 1119 796; x_wconf 88' lang='lat' dir='ltr'>Eccui</span> <span class='ocrx_word' id='word_1_83' title='bbox 1150 759 1248 796; x_wconf 90' lang='lat' dir='ltr'>enim</span> <span class='ocrx_word' id='word_1_84' title='bbox 1278 757 1458 795; x_wconf 84' lang='lat' dir='ltr'>credibile</span> <span class='ocrx_word' id='word_1_85' title='bbox 1478 755 1682 800; x_wconf 89' lang='lat' dir='ltr'>videbitur,</span> 
     </span>
     <span class='ocr_line' id='line_1_11' title="bbox 212 818 1682 872; baseline -0.003 -12"><span class='ocrx_word' id='word_1_86' title='bbox 212 836 273 860; x_wconf 89' lang='lat' dir='ltr'>me</span> <span class='ocrx_word' id='word_1_87' title='bbox 296 823 464 860; x_wconf 81' lang='lat' dir='ltr'>Simonis</span> <span class='ocrx_word' id='word_1_88' title='bbox 485 821 534 859; x_wconf 85' lang='lat' dir='ltr'>ad</span> <span class='ocrx_word' id='word_1_89' title='bbox 555 821 660 859; x_wconf 82' lang='lat' dir='ltr'>aedes</span> <span class='ocrx_word' id='word_1_90' title='bbox 680 834 766 858; x_wconf 89' lang='lat' dir='ltr'>cum</span> <span class='ocrx_word' id='word_1_91' title='bbox 789 821 986 872; x_wconf 87' lang='lat' dir='ltr'>proposito</span> <span class='ocrx_word' id='word_1_92' title='bbox 1007 821 1122 858; x_wconf 82' lang='lat' dir='ltr'>caedis</span> <span class='ocrx_word' id='word_1_93' title='bbox 1140 820 1361 871; x_wconf 82' lang='lat' dir='ltr'>paratisque</span> <span class='ocrx_word' id='word_1_94' title='bbox 1382 818 1528 856; x_wconf 81' lang='lat' dir='ltr'>insidiis</span> <span class='ocrx_word' id='word_1_95' title='bbox 1549 830 1682 856; x_wconf 87' lang='lat' dir='ltr'>acces-</span> 
     </span>
     <span class='ocr_line' id='line_1_12' title="bbox 214 880 1682 934; baseline -0.004 -12"><span class='ocrx_word' id='word_1_96' title='bbox 214 885 309 923; x_wconf 87' lang='lat' dir='ltr'>sisse</span> <span class='ocrx_word' id='word_1_97' title='bbox 329 884 377 922; x_wconf 91' lang='lat' dir='ltr'>de</span> <span class='ocrx_word' id='word_1_98' title='bbox 398 884 473 928; x_wconf 91' lang='lat' dir='ltr'>die,</span> <span class='ocrx_word' id='word_1_99' title='bbox 502 897 590 921; x_wconf 91' lang='lat' dir='ltr'>cum</span> <span class='ocrx_word' id='word_1_100' title='bbox 620 883 796 934; x_wconf 88' lang='lat' dir='ltr'>puerulo,</span> <span class='ocrx_word' id='word_1_101' title='bbox 827 890 884 920; x_wconf 87' lang='lat' dir='ltr'>tot</span> <span class='ocrx_word' id='word_1_102' title='bbox 904 883 1122 921; x_wconf 87' lang='lat' dir='ltr'>hominibus</span> <span class='ocrx_word' id='word_1_103' title='bbox 1154 896 1270 933; x_wconf 85' lang='lat' dir='ltr'>penes</span> <span class='ocrx_word' id='word_1_104' title='bbox 1292 895 1378 919; x_wconf 87' lang='lat' dir='ltr'>eum</span> <span class='ocrx_word' id='word_1_105' title='bbox 1401 888 1535 931; x_wconf 85' lang='lat' dir='ltr'>rogatu</span> <span class='ocrx_word' id='word_1_106' title='bbox 1564 880 1682 931; x_wconf 89' lang='lat' dir='ltr'>ipsius</span> 
     </span>
     <span class='ocr_line' id='line_1_13' title="bbox 220 943 1685 995; baseline -0.003 -12"><span class='ocrx_word' id='word_1_107' title='bbox 220 945 458 995; x_wconf 86' lang='lat' dir='ltr'>congressis,</span> <span class='ocrx_word' id='word_1_108' title='bbox 482 944 552 982; x_wconf 88' lang='lat' dir='ltr'>nisi</span> <span class='ocrx_word' id='word_1_109' title='bbox 583 945 612 981; x_wconf 89' lang='lat' dir='ltr'>si</span> <span class='ocrx_word' id='word_1_110' title='bbox 633 945 693 981; x_wconf 89' lang='lat' dir='ltr'>cui</span> <span class='ocrx_word' id='word_1_111' title='bbox 715 944 845 982; x_wconf 73' lang='lat' dir='ltr'>videar</span> <span class='ocrx_word' id='word_1_112' title='bbox 876 957 922 981; x_wconf 93' lang='lat' dir='ltr'>eo</span> <span class='ocrx_word' id='word_1_113' title='bbox 955 945 1092 981; x_wconf 88' lang='lat' dir='ltr'>furoris</span> <span class='ocrx_word' id='word_1_114' title='bbox 1111 944 1358 995; x_wconf 84' lang='lat' dir='ltr'>processisse,</span> <span class='ocrx_word' id='word_1_115' title='bbox 1378 949 1422 979; x_wconf 90' lang='lat' dir='ltr'>ut</span> <span class='ocrx_word' id='word_1_116' title='bbox 1451 943 1488 979; x_wconf 89' lang='lat' dir='ltr'>in</span> <span class='ocrx_word' id='word_1_117' title='bbox 1518 949 1685 980; x_wconf 88' lang='lat' dir='ltr'>mentem</span> 
     </span>
     <span class='ocr_line' id='line_1_14' title="bbox 213 994 1684 1056; baseline -0.002 -13"><span class='ocrx_word' id='word_1_118' title='bbox 213 1006 306 1044; x_wconf 88' lang='lat' dir='ltr'>mibi</span> <span class='ocrx_word' id='word_1_119' title='bbox 327 1006 486 1051; x_wconf 87' lang='lat' dir='ltr'>veniret,</span> <span class='ocrx_word' id='word_1_120' title='bbox 516 1005 713 1043; x_wconf 83' lang='lat' dir='ltr'>certamini</span> <span class='ocrx_word' id='word_1_121' title='bbox 744 1019 832 1043; x_wconf 92' lang='lat' dir='ltr'>cum</span> <span class='ocrx_word' id='word_1_122' title='bbox 861 1013 969 1043; x_wconf 85' lang='lat' dir='ltr'>tanta</span> <span class='ocrx_word' id='word_1_123' title='bbox 988 994 1232 1043; x_wconf 87' lang='lat' dir='ltr'>multitudine</span> <span class='ocrx_word' id='word_1_124' title='bbox 1259 1018 1318 1043; x_wconf 88' lang='lat' dir='ltr'>me</span> <span class='ocrx_word' id='word_1_125' title='bbox 1340 1006 1404 1056; x_wconf 92' lang='lat' dir='ltr'>qui</span> <span class='ocrx_word' id='word_1_126' title='bbox 1428 1005 1534 1043; x_wconf 90' lang='lat' dir='ltr'>solus</span> <span class='ocrx_word' id='word_1_127' title='bbox 1556 1016 1684 1042; x_wconf 87' lang='lat' dir='ltr'>essem</span> 
     </span>
     <span class='ocr_line' id='line_1_15' title="bbox 214 1067 1685 1118; baseline -0.003 -12"><span class='ocrx_word' id='word_1_128' title='bbox 214 1068 469 1113; x_wconf 87' lang='lat' dir='ltr'>committere,</span> <span class='ocrx_word' id='word_1_129' title='bbox 489 1068 698 1118; x_wconf 82' lang='lat' dir='ltr'>praesertim</span> <span class='ocrx_word' id='word_1_130' title='bbox 720 1068 786 1118; x_wconf 91' lang='lat' dir='ltr'>qui</span> <span class='ocrx_word' id='word_1_131' title='bbox 804 1069 902 1105; x_wconf 89' lang='lat' dir='ltr'>bene</span> <span class='ocrx_word' id='word_1_132' title='bbox 924 1080 1078 1105; x_wconf 86' lang='lat' dir='ltr'>nossem</span> <span class='ocrx_word' id='word_1_133' title='bbox 1101 1067 1193 1104; x_wconf 92' lang='lat' dir='ltr'>mire</span> <span class='ocrx_word' id='word_1_134' title='bbox 1214 1079 1303 1104; x_wconf 89' lang='lat' dir='ltr'>eum</span> <span class='ocrx_word' id='word_1_135' title='bbox 1325 1078 1464 1116; x_wconf 88' lang='lat' dir='ltr'>cupere</span> <span class='ocrx_word' id='word_1_136' title='bbox 1485 1072 1574 1114; x_wconf 81' lang='lat' dir='ltr'>ante</span> <span class='ocrx_word' id='word_1_137' title='bbox 1595 1077 1685 1102; x_wconf 89' lang='lat' dir='ltr'>suas</span> 
     </span>
     <span class='ocr_line' id='line_1_16' title="bbox 215 1125 1685 1179; baseline -0.003 -12"><span class='ocrx_word' id='word_1_138' title='bbox 215 1130 322 1167; x_wconf 83' lang='lat' dir='ltr'>aedes</span> <span class='ocrx_word' id='word_1_139' title='bbox 342 1129 526 1167; x_wconf 88' lang='lat' dir='ltr'>inermem</span> <span class='ocrx_word' id='word_1_140' title='bbox 548 1142 606 1166; x_wconf 90' lang='lat' dir='ltr'>me</span> <span class='ocrx_word' id='word_1_141' title='bbox 623 1129 804 1174; x_wconf 86' lang='lat' dir='ltr'>nancisci,</span> <span class='ocrx_word' id='word_1_142' title='bbox 820 1129 961 1179; x_wconf 84' lang='lat' dir='ltr'>quippe</span> <span class='ocrx_word' id='word_1_143' title='bbox 977 1129 1040 1178; x_wconf 91' lang='lat' dir='ltr'>qui</span> <span class='ocrx_word' id='word_1_144' title='bbox 1061 1127 1162 1165; x_wconf 88' lang='lat' dir='ltr'>ultro</span> <span class='ocrx_word' id='word_1_145' title='bbox 1180 1140 1285 1165; x_wconf 91' lang='lat' dir='ltr'>meas</span> <span class='ocrx_word' id='word_1_146' title='bbox 1302 1127 1339 1164; x_wconf 89' lang='lat' dir='ltr'>in</span> <span class='ocrx_word' id='word_1_147' title='bbox 1355 1126 1458 1164; x_wconf 83' lang='lat' dir='ltr'>aedes</span> <span class='ocrx_word' id='word_1_148' title='bbox 1473 1125 1685 1177; x_wconf 86' lang='lat' dir='ltr'>irrupisset,</span> 
     </span>
     <span class='ocr_line' id='line_1_17' title="bbox 216 1187 1686 1242; baseline -0.003 -13"><span class='ocrx_word' id='word_1_149' title='bbox 216 1191 326 1242; x_wconf 84' lang='lat' dir='ltr'>pensi</span> <span class='ocrx_word' id='word_1_150' title='bbox 346 1204 422 1229; x_wconf 92' lang='lat' dir='ltr'>non</span> <span class='ocrx_word' id='word_1_151' title='bbox 444 1191 589 1229; x_wconf 85' lang='lat' dir='ltr'>faciens</span> <span class='ocrx_word' id='word_1_152' title='bbox 609 1204 735 1241; x_wconf 91' lang='lat' dir='ltr'>neque</span> <span class='ocrx_word' id='word_1_153' title='bbox 751 1203 919 1228; x_wconf 90' lang='lat' dir='ltr'>sororem</span> <span class='ocrx_word' id='word_1_154' title='bbox 938 1203 1063 1227; x_wconf 85' lang='lat' dir='ltr'>meam</span> <span class='ocrx_word' id='word_1_155' title='bbox 1083 1202 1208 1240; x_wconf 90' lang='lat' dir='ltr'>neque</span> <span class='ocrx_word' id='word_1_156' title='bbox 1225 1189 1322 1226; x_wconf 86' lang='lat' dir='ltr'>filias</span> <span class='ocrx_word' id='word_1_157' title='bbox 1337 1188 1435 1239; x_wconf 87' lang='lat' dir='ltr'>ejus,</span> <span class='ocrx_word' id='word_1_158' title='bbox 1452 1187 1686 1238; x_wconf 86' lang='lat' dir='ltr'>cognitoque</span> 
     </span>
     <span class='ocr_line' id='line_1_18' title="bbox 216 1247 1687 1301; baseline -0.003 -11"><span class='ocrx_word' id='word_1_159' title='bbox 216 1253 305 1291; x_wconf 91' lang='lat' dir='ltr'>loco</span> <span class='ocrx_word' id='word_1_160' title='bbox 344 1253 408 1290; x_wconf 92' lang='lat' dir='ltr'>ubi</span> <span class='ocrx_word' id='word_1_161' title='bbox 437 1260 518 1290; x_wconf 90' lang='lat' dir='ltr'>tum</span> <span class='ocrx_word' id='word_1_162' title='bbox 549 1252 647 1290; x_wconf 84' lang='lat' dir='ltr'>forte</span> <span class='ocrx_word' id='word_1_163' title='bbox 676 1253 890 1297; x_wconf 82' lang='lat' dir='ltr'>coenabam,</span> <span class='ocrx_word' id='word_1_164' title='bbox 922 1259 1125 1289; x_wconf 85' lang='lat' dir='ltr'>evocatum</span> <span class='ocrx_word' id='word_1_165' title='bbox 1159 1264 1218 1288; x_wconf 89' lang='lat' dir='ltr'>me</span> <span class='ocrx_word' id='word_1_166' title='bbox 1250 1251 1391 1301; x_wconf 82' lang='lat' dir='ltr'>pugnis</span> <span class='ocrx_word' id='word_1_167' title='bbox 1422 1247 1687 1288; x_wconf 79' lang='lat' dir='ltr'>concidisset?</span> 
     </span>
     <span class='ocr_line' id='line_1_19' title="bbox 219 1309 1690 1366; baseline -0.004 -13"><span class='ocrx_word' id='word_1_168' title='bbox 219 1315 270 1353; x_wconf 88' lang='lat' dir='ltr'>Et</span> <span class='ocrx_word' id='word_1_169' title='bbox 289 1322 381 1353; x_wconf 84' lang='lat' dir='ltr'>tunc</span> <span class='ocrx_word' id='word_1_170' title='bbox 401 1314 557 1366; x_wconf 86' lang='lat' dir='ltr'>quidem</span> <span class='ocrx_word' id='word_1_171' title='bbox 576 1327 649 1364; x_wconf 87' lang='lat' dir='ltr'>ego</span> <span class='ocrx_word' id='word_1_172' title='bbox 670 1328 728 1351; x_wconf 90' lang='lat' dir='ltr'>me</span> <span class='ocrx_word' id='word_1_173' title='bbox 749 1315 796 1351; x_wconf 88' lang='lat' dir='ltr'>ab</span> <span class='ocrx_word' id='word_1_174' title='bbox 815 1314 959 1351; x_wconf 87' lang='lat' dir='ltr'>ultione</span> <span class='ocrx_word' id='word_1_175' title='bbox 977 1313 1189 1363; x_wconf 80' lang='lat' dir='ltr'>repetenda</span> <span class='ocrx_word' id='word_1_176' title='bbox 1204 1311 1472 1356; x_wconf 86' lang='lat' dir='ltr'>continuerim‚</span> <span class='ocrx_word' id='word_1_177' title='bbox 1489 1324 1536 1348; x_wconf 88' lang='lat' dir='ltr'>ne</span> <span class='ocrx_word' id='word_1_178' title='bbox 1558 1309 1690 1361; x_wconf 88' lang='lat' dir='ltr'>populi</span> 
     </span>
     <span class='ocr_line' id='line_1_20' title="bbox 217 1372 1689 1426; baseline -0.005 -11"><span class='ocrx_word' id='word_1_179' title='bbox 217 1377 351 1415; x_wconf 85' lang='lat' dir='ltr'>fabula</span> <span class='ocrx_word' id='word_1_180' title='bbox 381 1378 522 1421; x_wconf 83' lang='lat' dir='ltr'>fierem,</span> <span class='ocrx_word' id='word_1_181' title='bbox 544 1377 648 1426; x_wconf 88' lang='lat' dir='ltr'>quod</span> <span class='ocrx_word' id='word_1_182' title='bbox 679 1375 955 1419; x_wconf 83' lang='lat' dir='ltr'>existimarem,</span> <span class='ocrx_word' id='word_1_183' title='bbox 985 1374 1143 1412; x_wconf 87' lang='lat' dir='ltr'>humani</span> <span class='ocrx_word' id='word_1_184' title='bbox 1170 1373 1276 1424; x_wconf 92' lang='lat' dir='ltr'>quid,</span> <span class='ocrx_word' id='word_1_185' title='bbox 1305 1373 1343 1409; x_wconf 88' lang='lat' dir='ltr'>in</span> <span class='ocrx_word' id='word_1_186' title='bbox 1363 1373 1465 1423; x_wconf 90' lang='lat' dir='ltr'>quod</span> <span class='ocrx_word' id='word_1_187' title='bbox 1488 1372 1546 1409; x_wconf 89' lang='lat' dir='ltr'>vel</span> <span class='ocrx_word' id='word_1_188' title='bbox 1567 1373 1689 1409; x_wconf 86' lang='lat' dir='ltr'>hone-</span> 
     </span>
     <span class='ocr_line' id='line_1_21' title="bbox 219 1432 1691 1488; baseline -0.005 -12"><span class='ocrx_word' id='word_1_189' title='bbox 219 1439 409 1476; x_wconf 84' lang='lat' dir='ltr'>stissimus</span> <span class='ocrx_word' id='word_1_190' title='bbox 432 1439 596 1488; x_wconf 81' lang='lat' dir='ltr'>quisque</span> <span class='ocrx_word' id='word_1_191' title='bbox 624 1439 815 1475; x_wconf 88' lang='lat' dir='ltr'>incurrere</span> <span class='ocrx_word' id='word_1_192' title='bbox 837 1437 970 1487; x_wconf 86' lang='lat' dir='ltr'>possit,</span> <span class='ocrx_word' id='word_1_193' title='bbox 993 1449 1054 1473; x_wconf 86' lang='lat' dir='ltr'>me</span> <span class='ocrx_word' id='word_1_194' title='bbox 1075 1448 1232 1486; x_wconf 86' lang='lat' dir='ltr'>passum</span> <span class='ocrx_word' id='word_1_195' title='bbox 1254 1434 1439 1484; x_wconf 83' lang='lat' dir='ltr'>esse‚‘qui</span> <span class='ocrx_word' id='word_1_196' title='bbox 1461 1434 1497 1470; x_wconf 89' lang='lat' dir='ltr'>in</span> <span class='ocrx_word' id='word_1_197' title='bbox 1525 1432 1691 1470; x_wconf 87' lang='lat' dir='ltr'>hominis</span> 
     </span>
     <span class='ocr_line' id='line_1_22' title="bbox 220 1495 1690 1552; baseline -0.005 -14"><span class='ocrx_word' id='word_1_198' title='bbox 220 1501 357 1552; x_wconf 88' lang='lat' dir='ltr'>impuri</span> <span class='ocrx_word' id='word_1_199' title='bbox 389 1508 503 1550; x_wconf 87' lang='lat' dir='ltr'>atque</span> <span class='ocrx_word' id='word_1_200' title='bbox 526 1500 684 1538; x_wconf 88' lang='lat' dir='ltr'>audacis</span> <span class='ocrx_word' id='word_1_201' title='bbox 710 1499 892 1544; x_wconf 88' lang='lat' dir='ltr'>furorem,</span> <span class='ocrx_word' id='word_1_202' title='bbox 913 1498 1019 1535; x_wconf 87' lang='lat' dir='ltr'>velut</span> <span class='ocrx_word' id='word_1_203' title='bbox 1047 1498 1083 1534; x_wconf 92' lang='lat' dir='ltr'>in</span> <span class='ocrx_word' id='word_1_204' title='bbox 1105 1497 1306 1547; x_wconf 89' lang='lat' dir='ltr'>scopulum</span> <span class='ocrx_word' id='word_1_205' title='bbox 1328 1495 1538 1546; x_wconf 85' lang='lat' dir='ltr'>quendam,</span> <span class='ocrx_word' id='word_1_206' title='bbox 1569 1495 1690 1545; x_wconf 89' lang='lat' dir='ltr'>impe-</span> 
     </span>
     <span class='ocr_line' id='line_1_23' title="bbox 221 1556 1690 1613; baseline -0.005 -14"><span class='ocrx_word' id='word_1_207' title='bbox 221 1562 389 1613; x_wconf 86' lang='lat' dir='ltr'>gissem:</span> <span class='ocrx_word' id='word_1_208' title='bbox 420 1571 501 1598; x_wconf 86' lang='lat' dir='ltr'>tum</span> <span class='ocrx_word' id='word_1_209' title='bbox 523 1574 626 1607; x_wconf 90' lang='lat' dir='ltr'>vero,</span> <span class='ocrx_word' id='word_1_210' title='bbox 642 1561 762 1598; x_wconf 89' lang='lat' dir='ltr'>multo</span> <span class='ocrx_word' id='word_1_211' title='bbox 784 1569 886 1611; x_wconf 84' lang='lat' dir='ltr'>post,</span> <span class='ocrx_word' id='word_1_212' title='bbox 908 1559 1025 1597; x_wconf 91' lang='lat' dir='ltr'>libido</span> <span class='ocrx_word' id='word_1_213' title='bbox 1048 1558 1214 1597; x_wconf 83' lang='lat' dir='ltr'>me-—id</span> <span class='ocrx_word' id='word_1_214' title='bbox 1243 1558 1347 1608; x_wconf 90' lang='lat' dir='ltr'>quod</span> <span class='ocrx_word' id='word_1_215' title='bbox 1364 1557 1427 1594; x_wconf 88' lang='lat' dir='ltr'>hic</span> <span class='ocrx_word' id='word_1_216' title='bbox 1447 1556 1690 1594; x_wconf 87' lang='lat' dir='ltr'>ait—inces-</span> 
     </span>
     <span class='ocr_line' id='line_1_24' title="bbox 221 1617 1689 1674; baseline -0.004 -14"><span class='ocrx_word' id='word_1_217' title='bbox 221 1623 327 1669; x_wconf 89' lang='lat' dir='ltr'>serit,</span> <span class='ocrx_word' id='word_1_218' title='bbox 348 1635 478 1661; x_wconf 88' lang='lat' dir='ltr'>rursus</span> <span class='ocrx_word' id='word_1_219' title='bbox 499 1622 548 1660; x_wconf 90' lang='lat' dir='ltr'>de</span> <span class='ocrx_word' id='word_1_220' title='bbox 569 1635 629 1660; x_wconf 89' lang='lat' dir='ltr'>me</span> <span class='ocrx_word' id='word_1_221' title='bbox 661 1622 816 1674; x_wconf 83' lang='lat' dir='ltr'>popello</span> <span class='ocrx_word' id='word_1_222' title='bbox 837 1621 1005 1659; x_wconf 86' lang='lat' dir='ltr'>fabulam</span> <span class='ocrx_word' id='word_1_223' title='bbox 1031 1619 1257 1671; x_wconf 79' lang='lat' dir='ltr'>praebendi?</span> <span class='ocrx_word' id='word_1_224' title='bbox 1302 1619 1534 1656; x_wconf 81' lang='lat' dir='ltr'>Habiturum</span> <span class='ocrx_word' id='word_1_225' title='bbox 1555 1617 1689 1667; x_wconf 88' lang='lat' dir='ltr'>utique</span> 
     </span>
     <span class='ocr_line' id='line_1_25' title="bbox 219 1680 1690 1735; baseline -0.004 -13"><span class='ocrx_word' id='word_1_226' title='bbox 219 1685 271 1723; x_wconf 88' lang='lat' dir='ltr'>sit</span> <span class='ocrx_word' id='word_1_227' title='bbox 291 1692 549 1723; x_wconf 86' lang='lat' dir='ltr'>commentum</span> <span class='ocrx_word' id='word_1_228' title='bbox 572 1685 647 1721; x_wconf 87' lang='lat' dir='ltr'>hoc</span> <span class='ocrx_word' id='word_1_229' title='bbox 672 1683 814 1735; x_wconf 87' lang='lat' dir='ltr'>speciei</span> <span class='ocrx_word' id='word_1_230' title='bbox 835 1696 911 1721; x_wconf 88' lang='lat' dir='ltr'>non</span> <span class='ocrx_word' id='word_1_231' title='bbox 935 1682 1041 1725; x_wconf 84' lang='lat' dir='ltr'>nihil,</span> <span class='ocrx_word' id='word_1_232' title='bbox 1075 1682 1107 1719; x_wconf 87' lang='lat' dir='ltr'>si</span> <span class='ocrx_word' id='word_1_233' title='bbox 1128 1695 1225 1733; x_wconf 89' lang='lat' dir='ltr'>puer</span> <span class='ocrx_word' id='word_1_234' title='bbox 1242 1694 1361 1732; x_wconf 88' lang='lat' dir='ltr'>penes</span> <span class='ocrx_word' id='word_1_235' title='bbox 1382 1694 1469 1718; x_wconf 89' lang='lat' dir='ltr'>eum</span> <span class='ocrx_word' id='word_1_236' title='bbox 1501 1680 1690 1723; x_wconf 77' lang='lat' dir='ltr'>haesisset,</span> 
     </span>
     <span class='ocr_line' id='line_1_26' title="bbox 221 1743 1691 1800; baseline -0.004 -15"><span class='ocrx_word' id='word_1_237' title='bbox 221 1747 332 1800; x_wconf 85' lang='lat' dir='ltr'>quasi</span> <span class='ocrx_word' id='word_1_238' title='bbox 365 1761 453 1799; x_wconf 86' lang='lat' dir='ltr'>ego,</span> <span class='ocrx_word' id='word_1_239' title='bbox 485 1746 707 1798; x_wconf 84' lang='lat' dir='ltr'>cupiditatis</span> <span class='ocrx_word' id='word_1_240' title='bbox 740 1746 981 1798; x_wconf 87' lang='lat' dir='ltr'>impatientia</span> <span class='ocrx_word' id='word_1_241' title='bbox 1018 1753 1142 1792; x_wconf 87' lang='lat' dir='ltr'>actus,</span> <span class='ocrx_word' id='word_1_242' title='bbox 1181 1744 1409 1782; x_wconf 88' lang='lat' dir='ltr'>insolentius</span> <span class='ocrx_word' id='word_1_243' title='bbox 1447 1743 1540 1795; x_wconf 92' lang='lat' dir='ltr'>quid</span> <span class='ocrx_word' id='word_1_244' title='bbox 1578 1749 1691 1794; x_wconf 90' lang='lat' dir='ltr'>atque</span> 
     </span>
     <span class='ocr_line' id='line_1_27' title="bbox 221 1805 1691 1861; baseline -0.005 -13"><span class='ocrx_word' id='word_1_245' title='bbox 221 1810 384 1849; x_wconf 88' lang='lat' dir='ltr'>calidius</span> <span class='ocrx_word' id='word_1_246' title='bbox 405 1822 520 1861; x_wconf 73' lang='lat' dir='ltr'>quam</span> <span class='ocrx_word' id='word_1_247' title='bbox 542 1822 610 1860; x_wconf 85' lang='lat' dir='ltr'>par</span> <span class='ocrx_word' id='word_1_248' title='bbox 626 1816 729 1846; x_wconf 91' lang='lat' dir='ltr'>esset</span> <span class='ocrx_word' id='word_1_249' title='bbox 748 1817 984 1860; x_wconf 86' lang='lat' dir='ltr'>patrassem:</span> <span class='ocrx_word' id='word_1_250' title='bbox 1010 1807 1091 1858; x_wconf 88' lang='lat' dir='ltr'>jam</span> <span class='ocrx_word' id='word_1_251' title='bbox 1114 1819 1202 1844; x_wconf 88' lang='lat' dir='ltr'>vero</span> <span class='ocrx_word' id='word_1_252' title='bbox 1228 1805 1324 1843; x_wconf 92' lang='lat' dir='ltr'>nulli</span> <span class='ocrx_word' id='word_1_253' title='bbox 1352 1818 1439 1844; x_wconf 87' lang='lat' dir='ltr'>cum</span> <span class='ocrx_word' id='word_1_254' title='bbox 1460 1818 1578 1856; x_wconf 90' lang='lat' dir='ltr'>puero</span> <span class='ocrx_word' id='word_1_255' title='bbox 1598 1817 1691 1842; x_wconf 90' lang='lat' dir='ltr'>con-</span> 
     </span>
     <span class='ocr_line' id='line_1_28' title="bbox 223 1866 1692 1923; baseline -0.004 -14"><span class='ocrx_word' id='word_1_256' title='bbox 223 1886 381 1923; x_wconf 86' lang='lat' dir='ltr'>gressus</span> <span class='ocrx_word' id='word_1_257' title='bbox 401 1872 435 1909; x_wconf 91' lang='lat' dir='ltr'>ei</span> <span class='ocrx_word' id='word_1_258' title='bbox 455 1878 578 1917; x_wconf 87' lang='lat' dir='ltr'>erant,</span> <span class='ocrx_word' id='word_1_259' title='bbox 597 1871 651 1908; x_wconf 90' lang='lat' dir='ltr'>nil</span> <span class='ocrx_word' id='word_1_260' title='bbox 680 1884 897 1915; x_wconf 87' lang='lat' dir='ltr'>commune,</span> <span class='ocrx_word' id='word_1_261' title='bbox 918 1869 1010 1920; x_wconf 91' lang='lat' dir='ltr'>quin</span> <span class='ocrx_word' id='word_1_262' title='bbox 1043 1870 1116 1906; x_wconf 91' lang='lat' dir='ltr'>imo</span> <span class='ocrx_word' id='word_1_263' title='bbox 1145 1881 1306 1919; x_wconf 89' lang='lat' dir='ltr'>puerum</span> <span class='ocrx_word' id='word_1_264' title='bbox 1326 1867 1414 1905; x_wconf 90' lang='lat' dir='ltr'>odio</span> <span class='ocrx_word' id='word_1_265' title='bbox 1435 1879 1551 1917; x_wconf 91' lang='lat' dir='ltr'>quam</span> <span class='ocrx_word' id='word_1_266' title='bbox 1570 1866 1692 1903; x_wconf 90' lang='lat' dir='ltr'>ullum</span> 
     </span>
     <span class='ocr_line' id='line_1_29' title="bbox 224 1928 1692 1982; baseline -0.005 -11"><span class='ocrx_word' id='word_1_267' title='bbox 224 1933 341 1971; x_wconf 90' lang='lat' dir='ltr'>alium</span> <span class='ocrx_word' id='word_1_268' title='bbox 360 1933 554 1971; x_wconf 87' lang='lat' dir='ltr'>hominem</span> <span class='ocrx_word' id='word_1_269' title='bbox 571 1933 766 1970; x_wconf 86' lang='lat' dir='ltr'>acerbiore</span> <span class='ocrx_word' id='word_1_270' title='bbox 780 1931 1107 1982; x_wconf 82' lang='lat' dir='ltr'>prosequebatur3</span> <span class='ocrx_word' id='word_1_271' title='bbox 1139 1942 1232 1980; x_wconf 91' lang='lat' dir='ltr'>puer</span> <span class='ocrx_word' id='word_1_272' title='bbox 1247 1942 1365 1980; x_wconf 89' lang='lat' dir='ltr'>penes</span> <span class='ocrx_word' id='word_1_273' title='bbox 1379 1941 1439 1965; x_wconf 91' lang='lat' dir='ltr'>me</span> <span class='ocrx_word' id='word_1_274' title='bbox 1454 1928 1692 1965; x_wconf 88' lang='lat' dir='ltr'>versabatur.</span> 
     </span>
     <span class='ocr_line' id='line_1_30' title="bbox 225 1990 1695 2046; baseline -0.005 -13"><span class='ocrx_word' id='word_1_275' title='bbox 225 1996 346 2034; x_wconf 90' lang='lat' dir='ltr'>Eccui</span> <span class='ocrx_word' id='word_1_276' title='bbox 367 1995 447 2046; x_wconf 87' lang='lat' dir='ltr'>jam</span> <span class='ocrx_word' id='word_1_277' title='bbox 477 2001 662 2041; x_wconf 89' lang='lat' dir='ltr'>vestrum,</span> <span class='ocrx_word' id='word_1_278' title='bbox 695 2002 906 2037; x_wconf 89' lang='lat' dir='ltr'>senatores,</span> <span class='ocrx_word' id='word_1_279' title='bbox 940 1992 1011 2030; x_wconf 88' lang='lat' dir='ltr'>erit</span> <span class='ocrx_word' id='word_1_280' title='bbox 1043 1991 1240 2037; x_wconf 88' lang='lat' dir='ltr'>credibile,</span> <span class='ocrx_word' id='word_1_281' title='bbox 1272 2004 1348 2036; x_wconf 89' lang='lat' dir='ltr'>me,</span> <span class='ocrx_word' id='word_1_282' title='bbox 1382 1990 1447 2041; x_wconf 90' lang='lat' dir='ltr'>qui</span> <span class='ocrx_word' id='word_1_283' title='bbox 1482 2002 1695 2028; x_wconf 88' lang='lat' dir='ltr'>conscensa</span> 
     </span>
     <span class='ocr_line' id='line_1_31' title="bbox 226 2052 1695 2106; baseline -0.005 -12"><span class='ocrx_word' id='word_1_284' title='bbox 226 2070 325 2095; x_wconf 88' lang='lat' dir='ltr'>nave</span> <span class='ocrx_word' id='word_1_285' title='bbox 357 2069 446 2094; x_wconf 94' lang='lat' dir='ltr'>cum</span> <span class='ocrx_word' id='word_1_286' title='bbox 481 2069 599 2106; x_wconf 85' lang='lat' dir='ltr'>puero</span> <span class='ocrx_word' id='word_1_287' title='bbox 620 2069 667 2093; x_wconf 82' lang='lat' dir='ltr'>ex</span> <span class='ocrx_word' id='word_1_288' title='bbox 696 2056 788 2093; x_wconf 87' lang='lat' dir='ltr'>urbe</span> <span class='ocrx_word' id='word_1_289' title='bbox 819 2055 908 2092; x_wconf 89' lang='lat' dir='ltr'>ideo</span> <span class='ocrx_word' id='word_1_290' title='bbox 937 2053 1209 2101; x_wconf 76' lang='lat' dir='ltr'>excessissem,</span> <span class='ocrx_word' id='word_1_291' title='bbox 1239 2065 1315 2102; x_wconf 92' lang='lat' dir='ltr'>quo</span> <span class='ocrx_word' id='word_1_292' title='bbox 1336 2052 1426 2089; x_wconf 86' lang='lat' dir='ltr'>mihi</span> <span class='ocrx_word' id='word_1_293' title='bbox 1454 2052 1576 2089; x_wconf 91' lang='lat' dir='ltr'>omnis</span> <span class='ocrx_word' id='word_1_294' title='bbox 1605 2063 1695 2088; x_wconf 87' lang='lat' dir='ltr'>cum</span> 
     </span>
     <span class='ocr_line' id='line_1_32' title="bbox 229 2113 1694 2168; baseline -0.005 -12"><span class='ocrx_word' id='word_1_295' title='bbox 229 2119 386 2157; x_wconf 89' lang='lat' dir='ltr'>Simone</span> <span class='ocrx_word' id='word_1_296' title='bbox 407 2117 647 2168; x_wconf 82' lang='lat' dir='ltr'>digladiandi</span> <span class='ocrx_word' id='word_1_297' title='bbox 672 2124 937 2168; x_wconf 79' lang='lat' dir='ltr'>amputaretur</span> <span class='ocrx_word' id='word_1_298' title='bbox 956 2115 1183 2160; x_wconf 88' lang='lat' dir='ltr'>necessitas,</span> <span class='ocrx_word' id='word_1_299' title='bbox 1209 2127 1341 2151; x_wconf 90' lang='lat' dir='ltr'>rursus</span> <span class='ocrx_word' id='word_1_300' title='bbox 1361 2120 1450 2164; x_wconf 90' lang='lat' dir='ltr'>post</span> <span class='ocrx_word' id='word_1_301' title='bbox 1469 2113 1694 2150; x_wconf 87' lang='lat' dir='ltr'>reditum.in</span> 
     </span>
     <span class='ocr_line' id='line_1_33' title="bbox 190 2172 1693 2231; baseline -0.007 -12"><span class='ocrx_word' id='word_1_302' title='bbox 190 2202 196 2207; x_wconf 89' lang='lat'><em>-</em></span> <span class='ocrx_word' id='word_1_303' title='bbox 226 2182 376 2227; x_wconf 91' lang='lat' dir='ltr'>urbem,</span> <span class='ocrx_word' id='word_1_304' title='bbox 396 2180 497 2218; x_wconf 90' lang='lat' dir='ltr'>ultro</span> <span class='ocrx_word' id='word_1_305' title='bbox 518 2180 639 2231; x_wconf 84' lang='lat' dir='ltr'>ipsum</span> <span class='ocrx_word' id='word_1_306' title='bbox 671 2179 720 2216; x_wconf 85' lang='lat' dir='ltr'>ad</span> <span class='ocrx_word' id='word_1_307' title='bbox 750 2178 854 2216; x_wconf 76' lang='lat' dir='ltr'>aedes</span> <span class='ocrx_word' id='word_1_308' title='bbox 877 2177 1043 2215; x_wconf 87' lang='lat' dir='ltr'>Simonis</span> <span class='ocrx_word' id='word_1_309' title='bbox 1063 2176 1275 2214; x_wconf 87' lang='lat' dir='ltr'>adduxisse</span> <span class='ocrx_word' id='word_1_310' title='bbox 1295 2188 1471 2225; x_wconf 89' lang='lat' dir='ltr'>puerum,</span> <span class='ocrx_word' id='word_1_311' title='bbox 1503 2173 1566 2210; x_wconf 90' lang='lat' dir='ltr'>ubi</span> <span class='ocrx_word' id='word_1_312' title='bbox 1587 2172 1693 2210; x_wconf 92' lang='lat' dir='ltr'>vide-</span> 
     </span>
     <span class='ocr_line' id='line_1_34' title="bbox 227 2236 1695 2292; baseline -0.005 -13"><span class='ocrx_word' id='word_1_313' title='bbox 227 2256 307 2281; x_wconf 89' lang='lat' dir='ltr'>rem</span> <span class='ocrx_word' id='word_1_314' title='bbox 339 2242 431 2279; x_wconf 82' lang='lat' dir='ltr'>mihi</span> <span class='ocrx_word' id='word_1_315' title='bbox 452 2241 775 2292; x_wconf 91' lang='lat' dir='ltr'>quamplurimum</span> <span class='ocrx_word' id='word_1_316' title='bbox 801 2239 1061 2277; x_wconf 85' lang='lat' dir='ltr'>molestiarum</span> <span class='ocrx_word' id='word_1_317' title='bbox 1082 2244 1198 2287; x_wconf 87' lang='lat' dir='ltr'>atque</span> <span class='ocrx_word' id='word_1_318' title='bbox 1226 2236 1486 2273; x_wconf 88' lang='lat' dir='ltr'>discriminum</span> <span class='ocrx_word' id='word_1_319' title='bbox 1508 2248 1590 2272; x_wconf 90' lang='lat' dir='ltr'>esse</span> <span class='ocrx_word' id='word_1_320' title='bbox 1610 2247 1695 2285; x_wconf 91' lang='lat' dir='ltr'>pro-</span> 
     </span>
     <span class='ocr_line' id='line_1_35' title="bbox 227 2296 1692 2355; baseline -0.006 -14"><span class='ocrx_word' id='word_1_321' title='bbox 227 2302 428 2355; x_wconf 78' lang='lat' dir='ltr'>positum?</span> <span class='ocrx_word' id='word_1_322' title='bbox 460 2304 610 2352; x_wconf 83' lang='lat' dir='ltr'>Egone,</span> <span class='ocrx_word' id='word_1_323' title='bbox 630 2302 682 2338; x_wconf 92' lang='lat' dir='ltr'>illi</span> <span class='ocrx_word' id='word_1_324' title='bbox 701 2314 788 2338; x_wconf 88' lang='lat' dir='ltr'>cum</span> <span class='ocrx_word' id='word_1_325' title='bbox 809 2301 1010 2338; x_wconf 89' lang='lat' dir='ltr'>insidiarer</span> <span class='ocrx_word' id='word_1_326' title='bbox 1026 2299 1261 2348; x_wconf 87' lang='lat' dir='ltr'>(insidiatum</span> <span class='ocrx_word' id='word_1_327' title='bbox 1280 2297 1380 2334; x_wconf 90' lang='lat' dir='ltr'>enim</span> <span class='ocrx_word' id='word_1_328' title='bbox 1399 2311 1459 2334; x_wconf 77' lang='lat' dir='ltr'>nie</span> <span class='ocrx_word' id='word_1_329' title='bbox 1473 2296 1544 2334; x_wconf 88' lang='lat' dir='ltr'>sibi</span> <span class='ocrx_word' id='word_1_330' title='bbox 1559 2296 1692 2333; x_wconf 89' lang='lat' dir='ltr'>Simon</span> 
     </span>
     <span class='ocr_line' id='line_1_36' title="bbox 228 2359 1694 2416; baseline -0.005 -14"><span class='ocrx_word' id='word_1_331' title='bbox 228 2365 431 2416; x_wconf 89' lang='lat' dir='ltr'>queritur),</span> <span class='ocrx_word' id='word_1_332' title='bbox 463 2365 517 2401; x_wconf 90' lang='lat' dir='ltr'>sic</span> <span class='ocrx_word' id='word_1_333' title='bbox 549 2364 717 2401; x_wconf 92' lang='lat' dir='ltr'>venirem</span> <span class='ocrx_word' id='word_1_334' title='bbox 752 2363 975 2413; x_wconf 82' lang='lat' dir='ltr'>imparatus,</span> <span class='ocrx_word' id='word_1_335' title='bbox 1007 2368 1049 2398; x_wconf 88' lang='lat' dir='ltr'>ut</span> <span class='ocrx_word' id='word_1_336' title='bbox 1079 2373 1204 2411; x_wconf 88' lang='lat' dir='ltr'>neque</span> <span class='ocrx_word' id='word_1_337' title='bbox 1234 2359 1378 2397; x_wconf 89' lang='lat' dir='ltr'>amicos</span> <span class='ocrx_word' id='word_1_338' title='bbox 1409 2371 1536 2409; x_wconf 91' lang='lat' dir='ltr'>neque</span> <span class='ocrx_word' id='word_1_339' title='bbox 1563 2370 1694 2395; x_wconf 90' lang='lat' dir='ltr'>servos</span> 
     </span>
     <span class='ocr_line' id='line_1_37' title="bbox 228 2422 1694 2477; baseline -0.005 -12"><span class='ocrx_word' id='word_1_340' title='bbox 228 2440 357 2477; x_wconf 86' lang='lat' dir='ltr'>neque</span> <span class='ocrx_word' id='word_1_341' title='bbox 370 2426 489 2463; x_wconf 88' lang='lat' dir='ltr'>ullum</span> <span class='ocrx_word' id='word_1_342' title='bbox 508 2425 621 2462; x_wconf 90' lang='lat' dir='ltr'>alium</span> <span class='ocrx_word' id='word_1_343' title='bbox 639 2425 831 2463; x_wconf 89' lang='lat' dir='ltr'>hominem</span> <span class='ocrx_word' id='word_1_344' title='bbox 848 2424 938 2461; x_wconf 89' lang='lat' dir='ltr'>mibi</span> <span class='ocrx_word' id='word_1_345' title='bbox 955 2431 1098 2474; x_wconf 84' lang='lat' dir='ltr'>praesto</span> <span class='ocrx_word' id='word_1_346' title='bbox 1111 2422 1423 2473; x_wconf 89' lang='lat' dir='ltr'>essejussissem,</span> <span class='ocrx_word' id='word_1_347' title='bbox 1438 2429 1694 2472; x_wconf 86' lang='lat' dir='ltr'>praeterquam</span> 
     </span>
     <span class='ocr_line' id='line_1_38' title="bbox 228 2474 1695 2538; baseline -0.005 -12"><span class='ocrx_word' id='word_1_348' title='bbox 228 2490 334 2528; x_wconf 89' lang='lat' dir='ltr'>hunc</span> <span class='ocrx_word' id='word_1_349' title='bbox 355 2500 472 2525; x_wconf 90' lang='lat' dir='ltr'>unum</span> <span class='ocrx_word' id='word_1_350' title='bbox 494 2487 709 2538; x_wconf 91' lang='lat' dir='ltr'>puerulum,</span> <span class='ocrx_word' id='word_1_351' title='bbox 730 2487 793 2537; x_wconf 91' lang='lat' dir='ltr'>qui</span> <span class='ocrx_word' id='word_1_352' title='bbox 817 2500 905 2524; x_wconf 89' lang='lat' dir='ltr'>cum</span> <span class='ocrx_word' id='word_1_353' title='bbox 926 2474 1024 2523; x_wconf 76' lang='lat' dir='ltr'>ferre</span> <span class='ocrx_word' id='word_1_354' title='bbox 1045 2484 1136 2522; x_wconf 90' lang='lat' dir='ltr'>mihi</span> <span class='ocrx_word' id='word_1_355' title='bbox 1165 2484 1246 2535; x_wconf 86' lang='lat' dir='ltr'>opis</span> <span class='ocrx_word' id='word_1_356' title='bbox 1267 2482 1359 2520; x_wconf 81' lang='lat' dir='ltr'>nihil</span> <span class='ocrx_word' id='word_1_357' title='bbox 1380 2489 1526 2533; x_wconf 87' lang='lat' dir='ltr'>posset,</span> <span class='ocrx_word' id='word_1_358' title='bbox 1547 2489 1642 2527; x_wconf 90' lang='lat' dir='ltr'>tum,</span> <span class='ocrx_word' id='word_1_359' title='bbox 1663 2482 1695 2519; x_wconf 91' lang='lat' dir='ltr'>si</span> 
     </span>
     <span class='ocr_line' id='line_1_39' title="bbox 233 2544 1694 2603; baseline -0.006 -14"><span class='ocrx_word' id='word_1_360' title='bbox 233 2551 328 2603; x_wconf 91' lang='lat' dir='ltr'>quid</span> <span class='ocrx_word' id='word_1_361' title='bbox 360 2562 433 2600; x_wconf 83' lang='lat' dir='ltr'>ego</span> <span class='ocrx_word' id='word_1_362' title='bbox 466 2549 612 2586; x_wconf 87' lang='lat' dir='ltr'>fraudis</span> <span class='ocrx_word' id='word_1_363' title='bbox 643 2548 933 2593; x_wconf 88' lang='lat' dir='ltr'>commisissem,</span> <span class='ocrx_word' id='word_1_364' title='bbox 965 2547 1125 2598; x_wconf 79' lang='lat' dir='ltr'>prodere</span> <span class='ocrx_word' id='word_1_365' title='bbox 1160 2559 1220 2583; x_wconf 90' lang='lat' dir='ltr'>me</span> <span class='ocrx_word' id='word_1_366' title='bbox 1259 2544 1459 2583; x_wconf 88' lang='lat' dir='ltr'>tormentis</span> <span class='ocrx_word' id='word_1_367' title='bbox 1498 2544 1694 2594; x_wconf 89' lang='lat' dir='ltr'>subjectus</span> 
     </span>
     <span class='ocr_line' id='line_1_40' title="bbox 231 2606 1694 2666; baseline -0.005 -15"><span class='ocrx_word' id='word_1_368' title='bbox 231 2612 394 2666; x_wconf 75' lang='lat' dir='ltr'>posset?</span> <span class='ocrx_word' id='word_1_369' title='bbox 428 2613 484 2648; x_wconf 82' lang='lat' dir='ltr'>At</span> <span class='ocrx_word' id='word_1_370' title='bbox 503 2611 697 2649; x_wconf 89' lang='lat' dir='ltr'>enimvero</span> <span class='ocrx_word' id='word_1_371' title='bbox 727 2610 932 2648; x_wconf 84' lang='lat' dir='ltr'>dementiae</span> <span class='ocrx_word' id='word_1_372' title='bbox 953 2621 1213 2660; x_wconf 85' lang='lat' dir='ltr'>processeram</span> <span class='ocrx_word' id='word_1_373' title='bbox 1239 2620 1286 2645; x_wconf 90' lang='lat' dir='ltr'>eo</span> <span class='ocrx_word' id='word_1_374' title='bbox 1306 2607 1470 2652; x_wconf 87' lang='lat' dir='ltr'>scilicet,</span> <span class='ocrx_word' id='word_1_375' title='bbox 1499 2612 1544 2643; x_wconf 91' lang='lat' dir='ltr'>ut</span> <span class='ocrx_word' id='word_1_376' title='bbox 1564 2606 1694 2644; x_wconf 88' lang='lat' dir='ltr'>locum</span> 
     </span>
     <span class='ocr_line' id='line_1_41' title="bbox 233 2667 1694 2726; baseline -0.007 -12"><span class='ocrx_word' id='word_1_377' title='bbox 233 2684 435 2726; x_wconf 87' lang='lat' dir='ltr'>tempusve</span> <span class='ocrx_word' id='word_1_378' title='bbox 467 2673 592 2710; x_wconf 89' lang='lat' dir='ltr'>minus</span> <span class='ocrx_word' id='word_1_379' title='bbox 611 2673 868 2715; x_wconf 83' lang='lat' dir='ltr'>observarem,</span> <span class='ocrx_word' id='word_1_380' title='bbox 901 2683 977 2720; x_wconf 93' lang='lat' dir='ltr'>quo</span> <span class='ocrx_word' id='word_1_381' title='bbox 1000 2670 1210 2714; x_wconf 88' lang='lat' dir='ltr'>Simonem,</span> <span class='ocrx_word' id='word_1_382' title='bbox 1232 2669 1339 2719; x_wconf 89' lang='lat' dir='ltr'>cujus</span> <span class='ocrx_word' id='word_1_383' title='bbox 1360 2668 1448 2705; x_wconf 86' lang='lat' dir='ltr'>vitae</span> <span class='ocrx_word' id='word_1_384' title='bbox 1475 2667 1583 2705; x_wconf 87' lang='lat' dir='ltr'>dicor</span> <span class='ocrx_word' id='word_1_385' title='bbox 1601 2667 1694 2705; x_wconf 89' lang='lat' dir='ltr'>insi-</span> 
     </span>
     <span class='ocr_line' id='line_1_42' title="bbox 235 2728 1697 2780; baseline -0.005 -5"><span class='ocrx_word' id='word_1_386' title='bbox 235 2737 365 2776; x_wconf 89' lang='lat' dir='ltr'>diatus</span> <span class='ocrx_word' id='word_1_387' title='bbox 381 2748 484 2780; x_wconf 89' lang='lat' dir='ltr'>esse,</span> <span class='ocrx_word' id='word_1_388' title='bbox 502 2734 625 2772; x_wconf 88' lang='lat' dir='ltr'>solum</span> <span class='ocrx_word' id='word_1_389' title='bbox 641 2740 681 2771; x_wconf 91' lang='lat' dir='ltr'>et</span> <span class='ocrx_word' id='word_1_390' title='bbox 698 2733 880 2770; x_wconf 88' lang='lat' dir='ltr'>inermem</span> <span class='ocrx_word' id='word_1_391' title='bbox 896 2731 1151 2774; x_wconf 84' lang='lat' dir='ltr'>nanciscerer,</span> <span class='ocrx_word' id='word_1_392' title='bbox 1174 2731 1253 2768; x_wconf 90' lang='lat' dir='ltr'>sive</span> <span class='ocrx_word' id='word_1_393' title='bbox 1275 2736 1390 2767; x_wconf 88' lang='lat' dir='ltr'>noctu</span> <span class='ocrx_word' id='word_1_394' title='bbox 1411 2730 1488 2767; x_wconf 90' lang='lat' dir='ltr'>sive</span> <span class='ocrx_word' id='word_1_395' title='bbox 1508 2728 1697 2773; x_wconf 85' lang='lat' dir='ltr'>interdiu;</span> 
     </span>
     <span class='ocr_line' id='line_1_43' title="bbox 236 2792 1694 2841; baseline -0.008 -3"><span class='ocrx_word' id='word_1_396' title='bbox 236 2798 306 2838; x_wconf 90' lang='lat' dir='ltr'>sed</span> <span class='ocrx_word' id='word_1_397' title='bbox 326 2798 432 2834; x_wconf 91' lang='lat' dir='ltr'>illum</span> <span class='ocrx_word' id='word_1_398' title='bbox 456 2796 604 2834; x_wconf 90' lang='lat' dir='ltr'>scilieet</span> <span class='ocrx_word' id='word_1_399' title='bbox 622 2796 658 2832; x_wconf 91' lang='lat' dir='ltr'>in</span> <span class='ocrx_word' id='word_1_400' title='bbox 675 2795 803 2832; x_wconf 89' lang='lat' dir='ltr'>locum</span> <span class='ocrx_word' id='word_1_401' title='bbox 822 2806 883 2830; x_wconf 89' lang='lat' dir='ltr'>me</span> <span class='ocrx_word' id='word_1_402' title='bbox 904 2792 1052 2836; x_wconf 88' lang='lat' dir='ltr'>demisi,</span> <span class='ocrx_word' id='word_1_403' title='bbox 1080 2792 1143 2829; x_wconf 93' lang='lat' dir='ltr'>ubi</span> <span class='ocrx_word' id='word_1_404' title='bbox 1164 2792 1335 2829; x_wconf 86' lang='lat' dir='ltr'>futurum</span> <span class='ocrx_word' id='word_1_405' title='bbox 1355 2799 1451 2835; x_wconf 88' lang='lat' dir='ltr'>erat,</span> <span class='ocrx_word' id='word_1_406' title='bbox 1474 2798 1516 2827; x_wconf 89' lang='lat' dir='ltr'>ut</span> <span class='ocrx_word' id='word_1_407' title='bbox 1536 2804 1560 2828; x_wconf 90' lang='lat' dir='ltr'>a</span> <span class='ocrx_word' id='word_1_408' title='bbox 1578 2803 1694 2841; x_wconf 87' lang='lat' dir='ltr'>quam</span> 
     </span>
     <span class='ocr_line' id='line_1_44' title="bbox 234 2851 1696 2914; baseline -0.006 -17"><span class='ocrx_word' id='word_1_409' title='bbox 234 2860 406 2914; x_wconf 90' lang='lat' dir='ltr'>plurimis</span> <span class='ocrx_word' id='word_1_410' title='bbox 425 2866 464 2896; x_wconf 90' lang='lat' dir='ltr'>et</span> <span class='ocrx_word' id='word_1_411' title='bbox 492 2858 736 2909; x_wconf 90' lang='lat' dir='ltr'>conspicerer</span> <span class='ocrx_word' id='word_1_412' title='bbox 757 2862 796 2892; x_wconf 89' lang='lat' dir='ltr'>et</span> <span class='ocrx_word' id='word_1_413' title='bbox 819 2855 944 2906; x_wconf 80' lang='lat' dir='ltr'>plagis</span> <span class='ocrx_word' id='word_1_414' title='bbox 965 2867 1086 2903; x_wconf 91' lang='lat' dir='ltr'>usque</span> <span class='ocrx_word' id='word_1_415' title='bbox 1107 2853 1156 2890; x_wconf 89' lang='lat' dir='ltr'>ad</span> <span class='ocrx_word' id='word_1_416' title='bbox 1177 2865 1310 2890; x_wconf 89' lang='lat' dir='ltr'>necem</span> <span class='ocrx_word' id='word_1_417' title='bbox 1332 2852 1567 2898; x_wconf 76' lang='lat' dir='ltr'>concideret,</span> <span class='ocrx_word' id='word_1_418' title='bbox 1586 2851 1696 2902; x_wconf 90' lang='lat' dir='ltr'>quasi</span> 
     </span>
     <span class='ocr_line' id='line_1_45' title="bbox 236 2913 1697 2970; baseline -0.009 -8"><span class='ocrx_word' id='word_1_419' title='bbox 236 2927 448 2962; x_wconf 87' lang='lat' dir='ltr'>meummet</span> <span class='ocrx_word' id='word_1_420' title='bbox 476 2920 592 2970; x_wconf 80' lang='lat' dir='ltr'>ipsius</span> <span class='ocrx_word' id='word_1_421' title='bbox 621 2920 657 2956; x_wconf 90' lang='lat' dir='ltr'>in</span> <span class='ocrx_word' id='word_1_422' title='bbox 677 2925 795 2970; x_wconf 91' lang='lat' dir='ltr'>caput</span> <span class='ocrx_word' id='word_1_423' title='bbox 825 2915 998 2954; x_wconf 85' lang='lat' dir='ltr'>fraudem</span> <span class='ocrx_word' id='word_1_424' title='bbox 1028 2915 1127 2953; x_wconf 85' lang='lat' dir='ltr'>hanc</span> <span class='ocrx_word' id='word_1_425' title='bbox 1155 2914 1432 2965; x_wconf 79' lang='lat' dir='ltr'>praemeditatae</span> <span class='ocrx_word' id='word_1_426' title='bbox 1456 2913 1562 2951; x_wconf 93' lang='lat' dir='ltr'>necis</span> <span class='ocrx_word' id='word_1_427' title='bbox 1580 2924 1697 2951; x_wconf 90' lang='lat' dir='ltr'>exco-</span> 
     </span>
     <span class='ocr_line' id='line_1_46' title="bbox 239 2973 1699 3038; baseline -0.009 -14"><span class='ocrx_word' id='word_1_428' title='bbox 239 2985 438 3038; x_wconf 71' lang='lat' dir='ltr'>gitassem,</span> <span class='ocrx_word' id='word_1_429' title='bbox 463 2995 540 3033; x_wconf 89' lang='lat' dir='ltr'>quo</span> <span class='ocrx_word' id='word_1_430' title='bbox 566 2981 740 3019; x_wconf 85' lang='lat' dir='ltr'>acerbius</span> <span class='ocrx_word' id='word_1_431' title='bbox 773 2986 886 3030; x_wconf 83' lang='lat' dir='ltr'>atque</span> <span class='ocrx_word' id='word_1_432' title='bbox 918 2977 1112 3016; x_wconf 85' lang='lat' dir='ltr'>crudelius</span> <span class='ocrx_word' id='word_1_433' title='bbox 1145 2977 1194 3015; x_wconf 79' lang='lat' dir='ltr'>ab</span> <span class='ocrx_word' id='word_1_434' title='bbox 1224 2976 1463 3015; x_wconf 86' lang='lat' dir='ltr'>inimicorum</span> <span class='ocrx_word' id='word_1_435' title='bbox 1494 2973 1699 3014; x_wconf 84' lang='lat' dir='ltr'>insolentia</span> 
     </span>
    </p>
   </div>
  </div>
 </body>
</html>
