1822 3219
260 170 339 206 214
508 169 684 210 LYSIAE
713 170 938 209 CONTRA
967 165 1392 212 THEOMNESTUM
1424 175 1476 212 ΙΙ.

261 272 348 323 quis
368 273 602 312 interfecerit
621 287 735 324 quam
758 275 862 325 quod
885 274 1065 326 clypeum
1087 275 1282 325 abjecerit.
1340 276 1427 327 Ego
1455 289 1547 315 sane
1568 278 1724 317 mallem

257 347 392 372 omnes
413 342 590 386 quoquot
609 342 698 373 sunt
717 336 872 386 clypeos
889 337 1094 387 abjecisse,
1115 350 1229 386 quam
1247 338 1298 375 ita
1318 338 1530 376 animatum
1550 339 1666 378 fuisse
1686 341 1723 378 in

257 403 473 447 parentem.
542 398 663 436 Istum
693 398 824 448 utique
853 397 927 435 vidi
962 398 999 435 id
1032 398 1251 444 facientem,
1286 400 1391 451 quod
1423 414 1493 438 vos
1527 401 1658 445 scitis;
1687 409 1726 440 et

258 472 388 497 meum
415 460 497 511 ipse
516 461 697 512 clypeum
724 461 884 498 servavi.
943 461 1024 498 Cur
1043 461 1172 512 itaque
1201 463 1249 500 ab
1276 476 1322 500 eo
1353 477 1486 514 poenas
1507 477 1583 502 non
1617 478 1724 516 repe-

257 521 410 560 terem?
441 522 563 573 Cujus
593 522 760 560 criminis
782 523 884 573 apud
907 536 974 560 vos
995 523 1230 574 suspectus?
1261 525 1373 563 Anne
1395 526 1500 576 quod
1528 539 1615 565 vere
1633 526 1725 564 mihi

257 583 410 635 objecta
429 584 480 621 sit
509 584 595 621 haec
616 584 894 634 exprobratio?
923 591 961 622 at
983 598 1055 622 nec
1075 598 1142 622 vos
1164 585 1203 622 id
1229 585 1358 624 dicere
1388 587 1557 637 possitis.
1613 588 1726 626 Anne

259 645 365 697 quod
395 659 493 683 reuss
509 645 643 683 melior
674 646 722 683 sit
755 659 871 696 quam
894 646 995 696 ego?
1026 654 1065 684 at
1095 660 1166 684 nec
1198 647 1269 685 iste
1293 648 1447 699 quidem
1469 649 1725 688 affirmaverit.

259 707 373 744 Anne
393 706 496 757 quod
518 714 673 757 egomet
702 708 817 745 armis
838 707 932 745 meis
954 708 1113 759 abjectis
1133 721 1220 745 eum
1247 709 1408 747 convicii
1439 710 1630 760 postulem
1661 711 1726 762 qui

260 782 332 807 sua
353 769 511 806 domum
544 768 651 806 salva
679 768 834 806 retulit?
862 776 902 806 at
932 783 1008 807 non
1037 783 1082 807 ea
1113 770 1217 807 fama
1243 771 1461 821 percrebuit
1488 773 1526 809 in
1556 773 1724 812 civitate.

258 830 321 868 Ne
341 830 457 881 igitur
476 843 543 867 vos
575 830 758 868 misereat
782 831 918 869 merita
948 831 1140 869 audientis
1169 832 1356 878 convicia,
1387 833 1590 884 eidemque
1621 835 1725 872 inso-

255 892 418 931 lescenti
445 899 483 929 et
502 891 750 929 maledicenti
779 902 915 931 contra
934 892 1042 944 leges
1062 893 1314 931 condonetis:
1346 895 1558 945 praesertim
1591 896 1639 934 de
1659 896 1725 935 illo

257 953 411 992 homine
437 953 501 1004 qui
521 955 654 991 vestris
684 954 915 992 exercitibus
937 956 1077 1005 saepius
1103 956 1269 1005 praefuit,
1290 956 1354 1005 qui
1385 957 1506 994 multa
1524 958 1723 996 vobiscum

258 1015 372 1053 subiit
393 1015 575 1066 pericula,
595 1015 660 1065 qui
675 1029 872 1066 nunquam
889 1017 926 1053 in
947 1016 1116 1053 hostium
1132 1024 1367 1067 potestatem
1383 1018 1501 1062 venit,
1523 1020 1588 1068 qui
1603 1033 1724 1058 annos

255 1085 370 1115 natus
398 1077 645 1128 septuaginta
664 1084 821 1129 propter
846 1091 954 1115 suam
977 1078 1012 1115 in
1045 1078 1229 1129 populum
1252 1078 1542 1116 Atheniensem
1557 1082 1726 1118 benevo-

254 1139 413 1177 lentiam
433 1138 471 1175 in
491 1139 706 1189 oligarcbia
725 1139 876 1177 occisus
896 1147 968 1177 est.
1027 1139 1104 1177 Par
1125 1147 1184 1177 est
1207 1153 1300 1178 sane
1322 1153 1549 1179 succensere
1571 1155 1640 1193 pro
1660 1141 1726 1180 tali

255 1203 348 1240 viro.
407 1201 510 1245 Quid
532 1201 631 1238 enim
653 1201 706 1238 illi
727 1203 902 1240 acerbius
923 1203 1146 1253 contingere
1167 1209 1329 1254 poterat,
1345 1215 1460 1253 quam
1478 1205 1526 1241 ab
1546 1204 1725 1242 hostibus

251 1263 430 1306 interfici,
466 1263 641 1300 infamari
673 1276 764 1301 vero
795 1264 906 1314 quasi
938 1277 961 1301 a
989 1265 1154 1315 propriis
1185 1264 1270 1302 filiis
1301 1265 1528 1303 interfectus
1557 1266 1726 1304 suisset?

253 1325 378 1376 Cujus
399 1325 548 1362 virtutis
568 1332 818 1362 monumenta
842 1325 880 1362 in
902 1326 1057 1376 templis
1078 1326 1214 1363 vestris
1242 1326 1542 1377 conspiciuntur,
1562 1327 1723 1365 istorum

253 1394 381 1425 autem
400 1386 563 1437 ignaviae
584 1387 619 1423 in
643 1386 795 1437 templis
815 1386 983 1424 hostium
1003 1395 1202 1437 apparent.

309 1451 346 1487 3.
375 1449 428 1485 At
443 1448 546 1485 dicet
561 1447 666 1498 quod
681 1447 767 1485 haec
780 1462 859 1498 prae
875 1448 930 1485 ira
945 1448 982 1485 in
999 1461 1059 1485 me
1075 1448 1266 1485 effuderit.
1323 1450 1375 1485 At
1389 1461 1457 1486 vos
1474 1449 1726 1488 recordemini

252 1510 399 1549 nullam
422 1510 632 1548 iracundiae
652 1510 804 1547 veniam
832 1510 923 1547 dare
952 1509 1229 1560 legislatorem,
1250 1523 1380 1547 verum
1413 1523 1548 1561 poenas
1580 1523 1602 1547 a
1633 1523 1726 1549 con-

252 1574 437 1612 viciatore
458 1572 570 1618 sumi,
591 1572 629 1609 ni
657 1585 702 1609 ea
722 1585 811 1622 quae
832 1572 971 1609 dixerit
989 1584 1082 1609 vera
1108 1584 1195 1608 esse
1222 1571 1473 1608 demonstret.
1533 1571 1723 1622 Equidem

248 1635 331 1686 jam
357 1635 414 1672 bis
444 1634 493 1671 cle
522 1633 597 1671 isto
618 1639 784 1670 testatus
816 1646 924 1670 sum:
958 1645 1086 1682 neque
1117 1631 1217 1669 enim
1239 1644 1421 1668 noveram
1443 1644 1509 1669 vos
1536 1633 1725 1682 supplicio

254 1710 322 1735 eos
353 1696 509 1733 afficere
539 1695 606 1745 qui
627 1695 723 1733 alios
756 1708 862 1732 arma
882 1694 1048 1746 abjicere
1068 1693 1238 1737 videant,
1269 1700 1309 1731 et
1336 1693 1429 1743 ipsis
1457 1693 1725 1744 abjicientibus

253 1759 487 1797 condonare.
558 1757 639 1795 Vos
671 1757 787 1807 igitur
819 1758 993 1794 obtestor
1024 1762 1068 1793 ut
1103 1756 1406 1793 Theomnestum
1441 1756 1723 1794 condemnetis.

253 1820 371 1858 Nunc
391 1820 492 1858 enim
513 1826 620 1857 actor
636 1832 722 1857 sum
741 1819 780 1856 in
800 1831 920 1857 causa
941 1817 1118 1862 convicii,
1139 1816 1274 1854 eodem
1291 1824 1421 1854 tamen
1438 1817 1587 1867 judicio
1604 1818 1724 1856 caedis

253 1889 428 1934 paternae
448 1895 536 1919 reus
557 1882 788 1931 constituor,
819 1894 896 1931 qua
916 1880 1164 1918 contentione
1184 1879 1291 1916 nulla
1312 1879 1463 1930 gravior
1481 1891 1567 1916 esse
1589 1880 1724 1929 possit,

253 1944 319 1995 qui
346 1945 468 1990 solus,
490 1944 603 1982 simul
634 1957 679 1982 ac
705 1943 806 1981 inter
825 1944 925 1981 viros
953 1956 1039 1980 Sum
1065 1947 1357 1987 annumeratus,
1377 1941 1533 1992 triginta
1552 1941 1652 1979 viros
1674 1941 1724 1979 ad

254 2008 502 2060 Areopagum
520 2008 556 2045 in
567 2007 633 2059 jus
647 2006 796 2046 vocavi.
854 2007 1104 2057 Quapropter
1116 2004 1205 2042 mihi
1219 2003 1394 2055 patrique
1410 2016 1496 2041 meo
1512 2003 1721 2042 subvenite.
