1911 3248
613 185 957 224 TETRALOGIA
988 187 1020 222 Ι.
1489 186 1542 221 23

108 283 243 322 miseri.
299 285 480 336 Pugnant
510 286 692 325 adversus
724 298 784 323 me
811 286 922 324 armis
942 285 1198 336 probabilium
1227 285 1467 323 solummodo
1488 297 1546 322 ar-

106 352 385 395 gumentorum,
407 356 445 386 et
464 348 708 386 nihilominus
726 354 856 386 tamen
877 347 981 385 illine
1005 359 1193 385 summam
1212 347 1414 398 colligunt,
1431 359 1545 397 quam

109 419 185 444 non
199 408 279 458 jam
312 409 541 458 probabilem
575 409 644 447 sed
675 415 817 446 certam
848 418 886 447 et
904 421 1034 447 veram
1064 408 1306 446 contendunt
1337 421 1445 445 esse:
1476 419 1552 444 non

108 468 365 515 probabiliter,
385 468 452 506 sed
477 480 566 505 vere
586 474 625 506 et
655 475 759 506 certo
780 468 920 505 certius
942 480 1002 505 ine
1030 467 1263 505 homicidam
1285 479 1369 504 esse
1401 478 1552 503 asseve-

109 534 206 564 rant.
262 528 379 579 Atqui
413 528 715 565 demonstratum
746 527 849 572 dedi,
868 527 934 565 illa
966 528 1093 565 omnia
1121 540 1251 565 eorum
1283 532 1510 576 argumenta
1530 538 1552 562 a

110 587 295 635 probabili
315 587 434 637 petita
465 599 533 637 pro
567 599 626 624 me
656 586 831 624 militare.
890 587 991 625 Nam
1025 593 1163 624 testem
1195 586 1303 637 cujus
1335 585 1552 623 testimonio

110 659 268 694 premor,
288 647 363 685 fide
381 660 508 685 carere
536 647 693 697 planum
714 646 858 684 factum
878 653 960 685 est:
992 647 1174 685 scrutini0
1199 659 1259 685 res
1280 645 1425 684 caruit:
1455 644 1553 682 indi-

109 707 169 743 cia
185 719 249 756 pro
271 721 330 744 me
345 708 485 754 facere,
505 714 543 745 et
570 714 705 745 eontra
734 707 986 753 adversarios,
1008 708 1223 746 declaravi:
1252 707 1416 757 vestigia
1433 705 1552 744 caedis

110 778 186 803 non
210 766 259 803 ad
278 780 337 804 me
356 767 544 812 deferunt,
564 767 631 804 sed
651 767 699 804 ad
722 780 787 805 eos
809 780 907 818 quos
928 767 1135 806 adversarii
1154 767 1323 805 oratione
1343 778 1413 804 sua
1432 765 1555 803 absol*

110 832 217 862 vunt.
272 826 434 863 Planum
465 827 595 877 itaque
616 840 638 863 a
663 840 723 864 me
743 828 887 865 factum
918 840 1005 865 cum
1034 826 1098 872 sit,
1122 827 1259 865 ‘omnia
1277 840 1372 865 meae
1392 839 1552 865 accusa-

111 885 225 923 tionis
243 886 368 936 capita
388 886 505 924 infida
524 893 563 924 et
590 887 666 924 fide
686 900 797 925 cassa
818 900 915 933 esse,
936 888 1145 926 verendum
1172 888 1300 939 utique
1319 900 1395 925 non
1414 894 1484 933 est,
1504 900 1552 924 ne

114 945 153 982 id
179 947 341 991 eveniat,
362 946 465 996 quod
491 946 532 983 hi
564 953 788 984 eventurum
813 948 956 986 aientes
983 961 1082 986 vano
1107 961 1175 986 vos
1207 953 1313 986 metu
1342 948 1555 985 territatum

115 1013 220 1052 eunt,
239 1014 282 1043 nt
300 1019 451 1057 nempe,
468 1007 498 1044 si
519 1020 592 1057 ego
613 1008 803 1054 absolvar,
824 1008 952 1045 nullus
979 1008 1142 1059 posthac
1157 1007 1418 1046 maleficorum
1433 1007 1554 1045 omni-

69 1085 78 1094 ·
116 1080 180 1103 um
202 1066 376 1104 maleficii
410 1067 584 1104 convinci
606 1068 753 1117 possit3
783 1068 852 1105 sed
871 1068 946 1106 hoc
971 1068 1099 1118 potius
1132 1068 1293 1106 exsistet
1321 1067 1442 1105 multo
1469 1067 1557 1105 hor-

117 1127 274 1170 ribilius,
316 1133 356 1163 ut
389 1127 596 1164 insontium
634 1140 748 1164 nemo
778 1128 937 1178 posthae
974 1128 1064 1165 satis
1095 1127 1311 1165 evidentem
1343 1134 1380 1164 et
1407 1140 1558 1177 gravem

120 1186 287 1224 inveniat
303 1187 486 1224 rationem
507 1188 564 1224 sui
585 1188 788 1237 purgandi,
809 1188 840 1224 si
871 1200 943 1238 ego
971 1200 1074 1225 nunc
1093 1201 1180 1225 reus
1199 1200 1370 1237 peragar.
1428 1187 1560 1230 Quan-

120 1258 234 1295 quam
255 1246 293 1283 hi
313 1259 372 1282 me
392 1252 468 1282 tam
487 1246 691 1296 perspicua
710 1252 748 1283 et
767 1246 973 1283 manifesta
993 1259 1081 1283 cum
1102 1246 1237 1296 injuria
1256 1258 1361 1283 reum
1387 1253 1560 1296 agentes,

119 1306 191 1355 ipsi
208 1305 439 1355 impietatem
473 1318 656 1342 summam
688 1306 941 1351 committant,
961 1319 1028 1356 per
1054 1319 1167 1356 quam
1190 1307 1414 1356 sanguinem
1436 1320 1562 1344 meum

120 1365 316 1403 effundere
335 1372 539 1411 conantur,
571 1379 689 1416 puros
710 1374 838 1404 tamen
873 1379 912 1403 se
944 1367 1071 1403 ferunt
1089 1372 1128 1403 et
1147 1378 1169 1403 a
1195 1365 1348 1416 piaculo
1375 1367 1562 1405 intactos:

123 1439 182 1464 me
201 1440 290 1464 vero
309 1425 463 1476 impium
484 1426 632 1463 facinus
654 1439 768 1476 agere
787 1426 826 1463 in
845 1440 906 1472 eo,
926 1426 1030 1476 quod
1050 1438 1119 1464 vos
1149 1426 1198 1463 ab
1221 1425 1335 1476 impia
1362 1426 1465 1464 caede
1491 1429 1564 1466 mei

122 1487 312 1531 dehorter,
326 1486 554 1536 persuadere
575 1486 681 1523 vobis
702 1486 891 1524 laborant.
951 1487 1037 1536 Ego
1057 1498 1159 1531 vero,
1179 1486 1244 1536 qui
1263 1499 1324 1524 me
1345 1487 1404 1524 aio
1425 1500 1564 1537 purum

123 1553 162 1586 et
181 1548 365 1585 intactum
387 1547 434 1584 ab
467 1547 570 1584 omni
597 1547 753 1584 crimine
779 1547 871 1584 mihi
892 1548 1045 1594 objecto
1071 1559 1169 1591 esse,
1193 1546 1311 1583 veluti
1335 1547 1372 1583 in
1403 1548 1565 1585 articulo

125 1609 257 1646 mortis
275 1607 471 1645 constituti
492 1608 777 1645 remanentibus
807 1607 940 1644 ultima
958 1613 1153 1657 praecepta
1171 1607 1370 1653 mandant,
1389 1607 1443 1645 sic
1459 1609 1566 1646 vobis

123 1681 274 1719 quoque
292 1667 376 1704 haec
394 1666 575 1717 praecipio
597 1673 711 1717 atque
739 1667 912 1718 injungo,
933 1673 974 1704 ut
993 1679 1143 1704 summa
1161 1666 1360 1716 diligentia
1385 1669 1566 1713 caveatis,

123 1740 166 1769 ut
184 1731 221 1768 in
242 1730 490 1768 reverentiam
508 1729 726 1767 hominibus
747 1729 890 1767 sanct1s
921 1735 960 1766 et
988 1729 1145 1766 crimine
1171 1729 1302 1766 vacuis
1333 1729 1497 1767 debitam
1518 1745 1566 1769 ne

124 1790 328 1829 offendatis
344 1803 353 1827 :
383 1790 564 1840 quoniam
581 1802 670 1827 vero
690 1790 796 1827 vobis
825 1802 940 1840 opera
959 1801 1110 1839 quoque
1129 1788 1261 1826 danda
1280 1796 1354 1838 est,
1376 1797 1418 1827 ut
1436 1803 1566 1829 manes

125 1851 309 1903 perempti
334 1851 479 1888 ultione
499 1850 713 1900 placentur,
734 1849 915 1887 saevitiem
947 1849 1031 1886 deae
1050 1848 1156 1886 vobis
1187 1849 1236 1886 ad
1268 1849 1436 1886 animum
1462 1863 1567 1888 revo-

127 1913 317 1963 cans'ejus
336 1911 445 1961 cujus
465 1911 526 1947 hae
554 1916 643 1947 sunt
669 1919 810 1960 partes,
831 1917 874 1947 ut
902 1922 990 1947 cum
1020 1909 1094 1946 alia
1112 1922 1274 1959 quaeque
1306 1910 1454 1948 scelera
1485 1918 1566 1948 tum

127 1972 297 2023 inprimis
315 1970 522 2008 homicidia
538 1970 754 2020 poenalibus
786 1971 848 2007 iris
877 1977 1131 2020 prosequatur
1162 1976 1199 2008 et
1229 1971 1410 2020 exagitet,
1438 1972 1568 2011 hortor

128 2046 195 2070 vos
215 2039 258 2069 ut
272 2031 461 2068 insontem
482 2044 550 2081 pro
571 2038 680 2068 sonte
700 2044 747 2067 ne
768 2031 949 2080 puniatis,
970 2043 1094 2080 eoque
1114 2031 1153 2067 in
1172 2043 1291 2068 causa
1316 2031 1397 2069 sitis
1424 2038 1466 2069 ut
1484 2046 1569 2071 vere

130 2105 222 2131 sons
253 2091 397 2128 inultus
425 2090 624 2132 elabatur;
654 2090 690 2126 id
709 2090 815 2139 quod
846 2091 925 2136 fiet,
950 2091 981 2127 si
1011 2102 1072 2127 me
1098 2090 1213 2139 culpa
1232 2097 1431 2130 vacantem
1463 2105 1570 2142 pere-

131 2154 300 2196 meritis;
330 2165 376 2190 eo
394 2152 495 2190 enim
515 2151 632 2195 facto,
653 2163 766 2188 nemo
786 2151 834 2188 de
863 2150 1067 2201 quaerendo
1086 2163 1175 2188 vero
1196 2150 1387 2188 homicida
1405 2153 1568 2202 amplius

132 2214 331 2264 cogitabit.
388 2212 485 2248 Haec
510 2211 637 2261 itaque
660 2211 761 2249 mala
781 2217 962 2248 caventes
991 2217 1106 2260 atque
1137 2210 1366 2257 devitantes,
1386 2213 1572 2251 absolvite

133 2287 220 2317 me;
249 2273 353 2323 quod
372 2272 554 2310 facientes
585 2272 749 2321 primum
779 2271 992 2321 divinisque
1023 2270 1277 2320 humanisque
1304 2272 1453 2322 juribus
1479 2287 1572 2312 con-

132 2334 324 2374 venientia
338 2333 511 2374 facietis3
543 2332 681 2369 deinde
701 2344 777 2369 non
804 2344 928 2369 errore
948 2331 1081 2377 ruetis,
1106 2344 1226 2381 eoque
1245 2332 1420 2370 carebitis
1452 2336 1570 2384 poeni.

132 2396 253 2435 tentia
280 2406 368 2444 quae
397 2392 629 2443 agnitionem
655 2393 788 2430 erroris
817 2392 967 2442 insequi
996 2392 1116 2429 solet:
1157 2391 1376 2442 hujusmodi
1403 2394 1503 2431 enim
1532 2395 1570 2432 in

133 2455 258 2495 causis
296 2453 518 2504 poenitentia
555 2453 607 2490 nil
645 2454 808 2503 proficit,
848 2465 973 2491 errore
1010 2452 1215 2491 commisso
1253 2453 1479 2492 medicinam
1512 2467 1571 2492 re*

134 2521 309 2567 spuente.
