<?xml version="1.0" encoding="UTF-8"?>
<!DOCTYPE html PUBLIC "-//W3C//DTD XHTML 1.0 Transitional//EN"
    "http://www.w3.org/TR/xhtml1/DTD/xhtml1-transitional.dtd">
<html xmlns="http://www.w3.org/1999/xhtml" xml:lang="en" lang="en">
 <head>
  <title>
</title>
<meta http-equiv="Content-Type" content="text/html;charset=utf-8" />
  <meta name='ocr-system' content='tesseract 3.04.00' />
  <meta name='ocr-capabilities' content='ocr_page ocr_carea ocr_par ocr_line ocrx_word'/>
</head>
<body>
  <div class='ocr_page' id='page_1' title='image "./oratoresatticie13dobs_0251.png"; bbox 0 0 1822 3219; ppageno 0'>
   <div class='ocr_carea' id='block_1_1' title="bbox 522 102 1550 147">
    <p class='ocr_par' dir='ltr' id='par_1_1' title="bbox 522 102 1550 147">
     <span class='ocr_line' id='line_1_1' title="bbox 522 102 1550 147; baseline -0.007 0"><span class='ocrx_word' id='word_1_1' title='bbox 522 107 752 147; x_wconf 86' lang='lat' dir='ltr'><strong>CONTRA</strong></span> <span class='ocrx_word' id='word_1_2' title='bbox 784 105 1113 144; x_wconf 87' lang='lat' dir='ltr'><strong>AGORATUM.</strong></span> <span class='ocrx_word' id='word_1_3' title='bbox 1472 102 1550 141; x_wconf 80' lang='lat'><strong>239</strong></span> 
     </span>
    </p>
   </div>
   <div class='ocr_carea' id='block_1_2' title="bbox 89 170 1552 264">
    <p class='ocr_par' dir='ltr' id='par_1_2' title="bbox 89 170 1552 264">
     <span class='ocr_line' id='line_1_2' title="bbox 1339 170 1346 190; baseline 0 0"><span class='ocrx_word' id='word_1_4' title='bbox 1339 170 1346 190; x_wconf 76' lang='lat' dir='ltr'><strong>l</strong></span> 
     </span>
     <span class='ocr_line' id='line_1_3' title="bbox 89 204 1552 264; baseline -0.007 -12"><span class='ocrx_word' id='word_1_5' title='bbox 89 226 221 253; x_wconf 87' lang='lat' dir='ltr'><strong>verum</strong></span> <span class='ocrx_word' id='word_1_6' title='bbox 253 212 480 251; x_wconf 89' lang='lat' dir='ltr'><strong>Therameni</strong></span> <span class='ocrx_word' id='word_1_7' title='bbox 509 213 671 264; x_wconf 89' lang='lat' dir='ltr'><strong>ejusque</strong></span> <span class='ocrx_word' id='word_1_8' title='bbox 692 208 890 249; x_wconf 84' lang='lat' dir='ltr'>sodalibus</span> <span class='ocrx_word' id='word_1_9' title='bbox 909 207 972 246; x_wconf 87' lang='lat' dir='ltr'><strong>hic</strong></span> <span class='ocrx_word' id='word_1_10' title='bbox 994 208 1195 258; x_wconf 81' lang='lat' dir='ltr'><strong>Agoratus</strong></span> <span class='ocrx_word' id='word_1_11' title='bbox 1216 206 1333 244; x_wconf 88' lang='lat' dir='ltr'>index</span> <span class='ocrx_word' id='word_1_12' title='bbox 1350 205 1440 243; x_wconf 88' lang='lat' dir='ltr'><strong>huic</strong></span> <span class='ocrx_word' id='word_1_13' title='bbox 1459 204 1552 243; x_wconf 92' lang='lat' dir='ltr'><strong>dolo</strong></span> 
     </span>
    </p>
   </div>
   <div class='ocr_carea' id='block_1_3' title="bbox 88 267 1570 1911">
    <p class='ocr_par' dir='ltr' id='par_1_3' title="bbox 88 267 1570 1911">
     <span class='ocr_line' id='line_1_4' title="bbox 88 267 1552 327; baseline -0.008 -13"><span class='ocrx_word' id='word_1_14' title='bbox 88 275 326 327; x_wconf 88' lang='lat' dir='ltr'><strong>perficiendo</strong></span> <span class='ocrx_word' id='word_1_15' title='bbox 363 273 750 326; x_wconf 87' lang='lat' dir='ltr'><strong>peraccommodatus</strong></span> <span class='ocrx_word' id='word_1_16' title='bbox 785 271 987 309; x_wconf 89' lang='lat' dir='ltr'><strong>videbatur</strong></span> <span class='ocrx_word' id='word_1_17' title='bbox 1020 281 1120 306; x_wconf 90' lang='lat' dir='ltr'><strong>esse.</strong></span> <span class='ocrx_word' id='word_1_18' title='bbox 1178 267 1398 305; x_wconf 78' lang='lat' dir='ltr'><strong>studebant</strong></span> <span class='ocrx_word' id='word_1_19' title='bbox 1436 267 1552 317; x_wconf 82' lang='lat' dir='ltr'><strong>igitur</strong></span> 
     </span>
     <span class='ocr_line' id='line_1_5' title="bbox 89 328 1555 384; baseline -0.008 -9"><span class='ocrx_word' id='word_1_20' title='bbox 89 337 254 384; x_wconf 87' lang='lat' dir='ltr'><strong>efficere,</strong></span> <span class='ocrx_word' id='word_1_21' title='bbox 275 344 317 374; x_wconf 90' lang='lat' dir='ltr'><strong>ut</strong></span> <span class='ocrx_word' id='word_1_22' title='bbox 336 336 484 374; x_wconf 88' lang='lat' dir='ltr'><strong>deferre</strong></span> <span class='ocrx_word' id='word_1_23' title='bbox 506 349 583 373; x_wconf 91' lang='lat' dir='ltr'><strong>non</strong></span> <span class='ocrx_word' id='word_1_24' title='bbox 607 335 718 379; x_wconf 90' lang='lat' dir='ltr'><strong>ultro,</strong></span> <span class='ocrx_word' id='word_1_25' title='bbox 739 333 808 371; x_wconf 89' lang='lat' dir='ltr'><strong>sed</strong></span> <span class='ocrx_word' id='word_1_26' title='bbox 835 332 974 370; x_wconf 86' lang='lat' dir='ltr'><strong>invitus</strong></span> <span class='ocrx_word' id='word_1_27' title='bbox 1004 337 1044 368; x_wconf 91' lang='lat' dir='ltr'><strong>et</strong></span> <span class='ocrx_word' id='word_1_28' title='bbox 1073 339 1233 367; x_wconf 79' lang='lat' dir='ltr'><strong>coactus</strong></span> <span class='ocrx_word' id='word_1_29' title='bbox 1254 328 1458 373; x_wconf 87' lang='lat' dir='ltr'><strong>videretur,</strong></span> <span class='ocrx_word' id='word_1_30' title='bbox 1477 340 1555 378; x_wconf 90' lang='lat' dir='ltr'><strong>quo</strong></span> 
     </span>
     <span class='ocr_line' id='line_1_6' title="bbox 90 390 1553 447; baseline -0.009 -10"><span class='ocrx_word' id='word_1_31' title='bbox 90 399 274 437; x_wconf 90' lang='lat' dir='ltr'><strong>indicium</strong></span> <span class='ocrx_word' id='word_1_32' title='bbox 306 401 388 447; x_wconf 88' lang='lat' dir='ltr'><strong>ejus</strong></span> <span class='ocrx_word' id='word_1_33' title='bbox 418 398 528 435; x_wconf 85' lang='lat' dir='ltr'><strong>fieret</strong></span> <span class='ocrx_word' id='word_1_34' title='bbox 556 395 793 434; x_wconf 86' lang='lat' dir='ltr'><strong>credibilius.</strong></span> <span class='ocrx_word' id='word_1_35' title='bbox 851 394 1057 431; x_wconf 91' lang='lat' dir='ltr'><strong>Volentem</strong></span> <span class='ocrx_word' id='word_1_36' title='bbox 1089 398 1218 428; x_wconf 88' lang='lat' dir='ltr'><strong>autem</strong></span> <span class='ocrx_word' id='word_1_37' title='bbox 1239 390 1455 439; x_wconf 78' lang='lat' dir='ltr'>Aguratum</span> <span class='ocrx_word' id='word_1_38' title='bbox 1475 401 1553 426; x_wconf 87' lang='lat' dir='ltr'><strong>non</strong></span> 
     </span>
     <span class='ocr_line' id='line_1_7' title="bbox 90 450 1553 507; baseline -0.007 -9"><span class='ocrx_word' id='word_1_39' title='bbox 90 461 250 499; x_wconf 87' lang='lat' dir='ltr'><strong>invitum</strong></span> <span class='ocrx_word' id='word_1_40' title='bbox 271 459 427 497; x_wconf 90' lang='lat' dir='ltr'><strong>nomina</strong></span> <span class='ocrx_word' id='word_1_41' title='bbox 454 458 655 502; x_wconf 87' lang='lat' dir='ltr'><strong>detulisse,</strong></span> <span class='ocrx_word' id='word_1_42' title='bbox 677 470 746 494; x_wconf 92' lang='lat' dir='ltr'><strong>vos</strong></span> <span class='ocrx_word' id='word_1_43' title='bbox 765 456 850 507; x_wconf 88' lang='lat' dir='ltr'><strong>ipsi,</strong></span> <span class='ocrx_word' id='word_1_44' title='bbox 871 455 906 492; x_wconf 89' lang='lat' dir='ltr'><strong>ni</strong></span> <span class='ocrx_word' id='word_1_45' title='bbox 927 454 1052 499; x_wconf 87' lang='lat' dir='ltr'><strong>fallor,</strong></span> <span class='ocrx_word' id='word_1_46' title='bbox 1072 466 1092 491; x_wconf 91' lang='lat' dir='ltr'><strong>e</strong></span> <span class='ocrx_word' id='word_1_47' title='bbox 1112 465 1199 490; x_wconf 87' lang='lat' dir='ltr'><strong>mea</strong></span> <span class='ocrx_word' id='word_1_48' title='bbox 1218 450 1270 488; x_wconf 90' lang='lat' dir='ltr'><strong>rei</strong></span> <span class='ocrx_word' id='word_1_49' title='bbox 1290 457 1410 501; x_wconf 85' lang='lat' dir='ltr'><strong>gestae</strong></span> <span class='ocrx_word' id='word_1_50' title='bbox 1437 463 1553 501; x_wconf 64' lang='lat' dir='ltr'><strong>expo·</strong></span> 
     </span>
     <span class='ocr_line' id='line_1_8' title="bbox 92 512 1553 570; baseline -0.008 -9"><span class='ocrx_word' id='word_1_51' title='bbox 92 523 229 561; x_wconf 92' lang='lat' dir='ltr'><strong>sitione</strong></span> <span class='ocrx_word' id='word_1_52' title='bbox 249 519 484 570; x_wconf 76' lang='lat' dir='ltr'><strong>intelligetis·</strong></span> <span class='ocrx_word' id='word_1_53' title='bbox 544 519 755 556; x_wconf 87' lang='lat' dir='ltr'><strong>Mittebant</strong></span> <span class='ocrx_word' id='word_1_54' title='bbox 774 530 913 569; x_wconf 83' lang='lat' dir='ltr'>nempe</span> <span class='ocrx_word' id='word_1_55' title='bbox 933 518 1183 554; x_wconf 89' lang='lat' dir='ltr'><strong>subornatum</strong></span> <span class='ocrx_word' id='word_1_56' title='bbox 1205 527 1226 551; x_wconf 88' lang='lat' dir='ltr'><strong>a</strong></span> <span class='ocrx_word' id='word_1_57' title='bbox 1246 526 1287 551; x_wconf 93' lang='lat' dir='ltr'><strong>se</strong></span> <span class='ocrx_word' id='word_1_58' title='bbox 1307 512 1553 551; x_wconf 79' lang='lat' dir='ltr'><strong>Theocritum</strong></span> 
     </span>
     <span class='ocr_line' id='line_1_9' title="bbox 92 574 1557 632; baseline -0.008 -10"><span class='ocrx_word' id='word_1_59' title='bbox 92 584 215 627; x_wconf 91' lang='lat' dir='ltr'><strong>illum,</strong></span> <span class='ocrx_word' id='word_1_60' title='bbox 231 595 345 632; x_wconf 90' lang='lat' dir='ltr'><strong>quem</strong></span> <span class='ocrx_word' id='word_1_61' title='bbox 361 581 502 631; x_wconf 78' lang='lat' dir='ltr'><strong>vulgus</strong></span> <span class='ocrx_word' id='word_1_62' title='bbox 521 581 771 631; x_wconf 83' lang='lat' dir='ltr'><strong>Elaphosticti</strong></span> <span class='ocrx_word' id='word_1_63' title='bbox 790 580 911 617; x_wconf 87' lang='lat' dir='ltr'><strong>filium</strong></span> <span class='ocrx_word' id='word_1_64' title='bbox 932 576 1194 628; x_wconf 90' lang='lat' dir='ltr'><strong>appellitabat‚</strong></span> <span class='ocrx_word' id='word_1_65' title='bbox 1210 588 1296 613; x_wconf 87' lang='lat' dir='ltr'><strong>eum</strong></span> <span class='ocrx_word' id='word_1_66' title='bbox 1314 574 1364 612; x_wconf 92' lang='lat' dir='ltr'><strong>ad</strong></span> <span class='ocrx_word' id='word_1_67' title='bbox 1380 580 1557 611; x_wconf 87' lang='lat' dir='ltr'><strong>senatum</strong></span> 
     </span>
     <span class='ocr_line' id='line_1_10' title="bbox 92 634 1557 694; baseline -0.007 -13"><span class='ocrx_word' id='word_1_68' title='bbox 92 644 158 694; x_wconf 90' lang='lat' dir='ltr'><strong>qui</strong></span> <span class='ocrx_word' id='word_1_69' title='bbox 186 642 364 694; x_wconf 77' lang='lat' dir='ltr'><strong>praesedit</strong></span> <span class='ocrx_word' id='word_1_70' title='bbox 395 650 604 693; x_wconf 87' lang='lat' dir='ltr'><strong>antequam</strong></span> <span class='ocrx_word' id='word_1_71' title='bbox 634 639 962 692; x_wconf 87' lang='lat' dir='ltr'><strong>Trigintatyranni</strong></span> <span class='ocrx_word' id='word_1_72' title='bbox 981 650 1105 676; x_wconf 87' lang='lat' dir='ltr'><strong>rerum</strong></span> <span class='ocrx_word' id='word_1_73' title='bbox 1125 637 1361 688; x_wconf 80' lang='lat' dir='ltr'><strong>potirentur:</strong></span> <span class='ocrx_word' id='word_1_74' title='bbox 1392 642 1474 673; x_wconf 89' lang='lat' dir='ltr'><strong>erat</strong></span> <span class='ocrx_word' id='word_1_75' title='bbox 1495 634 1557 672; x_wconf 86' lang='lat' dir='ltr'><strong>hic</strong></span> 
     </span>
     <span class='ocr_line' id='line_1_11' title="bbox 91 698 1559 755; baseline -0.006 -13"><span class='ocrx_word' id='word_1_76' title='bbox 91 705 318 742; x_wconf 86' lang='lat' dir='ltr'><strong>Theocritus</strong></span> <span class='ocrx_word' id='word_1_77' title='bbox 341 704 498 755; x_wconf 80' lang='lat' dir='ltr'><strong>Agorati</strong></span> <span class='ocrx_word' id='word_1_78' title='bbox 520 703 736 746; x_wconf 85' lang='lat' dir='ltr'><strong>familiaris;</strong></span> <span class='ocrx_word' id='word_1_79' title='bbox 769 709 808 740; x_wconf 86' lang='lat' dir='ltr'><strong>et</strong></span> <span class='ocrx_word' id='word_1_80' title='bbox 828 709 985 739; x_wconf 83' lang='lat' dir='ltr'><strong>senatus</strong></span> <span class='ocrx_word' id='word_1_81' title='bbox 1013 712 1129 750; x_wconf 86' lang='lat' dir='ltr'><strong>quem</strong></span> <span class='ocrx_word' id='word_1_82' title='bbox 1151 698 1228 736; x_wconf 86' lang='lat' dir='ltr'><strong>dixi</strong></span> <span class='ocrx_word' id='word_1_83' title='bbox 1252 704 1457 748; x_wconf 89' lang='lat' dir='ltr'><strong>corruptus</strong></span> <span class='ocrx_word' id='word_1_84' title='bbox 1479 704 1559 734; x_wconf 82' lang='lat' dir='ltr'><strong>erat</strong></span> 
     </span>
     <span class='ocr_line' id='line_1_12' title="bbox 93 759 1560 816; baseline -0.005 -13"><span class='ocrx_word' id='word_1_85' title='bbox 93 772 209 816; x_wconf 88' lang='lat' dir='ltr'><strong>atque</strong></span> <span class='ocrx_word' id='word_1_86' title='bbox 231 766 467 804; x_wconf 88' lang='lat' dir='ltr'><strong>translationi</strong></span> <span class='ocrx_word' id='word_1_87' title='bbox 498 778 657 802; x_wconf 82' lang='lat' dir='ltr'><strong>summae</strong></span> <span class='ocrx_word' id='word_1_88' title='bbox 688 764 889 815; x_wconf 85' lang='lat' dir='ltr'><strong>potestatis</strong></span> <span class='ocrx_word' id='word_1_89' title='bbox 910 776 931 800; x_wconf 85' lang='lat' dir='ltr'><strong>a</strong></span> <span class='ocrx_word' id='word_1_90' title='bbox 955 760 1200 799; x_wconf 88' lang='lat' dir='ltr'><strong>multitudine</strong></span> <span class='ocrx_word' id='word_1_91' title='bbox 1229 760 1354 811; x_wconf 91' lang='lat' dir='ltr'><strong>plebis</strong></span> <span class='ocrx_word' id='word_1_92' title='bbox 1386 759 1435 797; x_wconf 84' lang='lat' dir='ltr'><strong>ad</strong></span> <span class='ocrx_word' id='word_1_93' title='bbox 1465 773 1560 810; x_wconf 88' lang='lat' dir='ltr'><strong>pau-</strong></span> 
     </span>
     <span class='ocr_line' id='line_1_13' title="bbox 95 821 1560 878; baseline -0.005 -13"><span class='ocrx_word' id='word_1_94' title='bbox 95 826 250 865; x_wconf 84' lang='lat' dir='ltr'><strong>citatem</strong></span> <span class='ocrx_word' id='word_1_95' title='bbox 273 828 502 878; x_wconf 86' lang='lat' dir='ltr'><strong>optimatum</strong></span> <span class='ocrx_word' id='word_1_96' title='bbox 523 826 707 871; x_wconf 82' lang='lat' dir='ltr'><strong>inhiabat,</strong></span> <span class='ocrx_word' id='word_1_97' title='bbox 729 825 767 863; x_wconf 90' lang='lat' dir='ltr'><strong>id</strong></span> <span class='ocrx_word' id='word_1_98' title='bbox 789 825 894 875; x_wconf 86' lang='lat' dir='ltr'><strong>quod</strong></span> <span class='ocrx_word' id='word_1_99' title='bbox 916 825 987 875; x_wconf 90' lang='lat' dir='ltr'><strong>ipsi</strong></span> <span class='ocrx_word' id='word_1_100' title='bbox 1007 836 1073 861; x_wconf 90' lang='lat' dir='ltr'><strong>vos</strong></span> <span class='ocrx_word' id='word_1_101' title='bbox 1094 822 1232 866; x_wconf 89' lang='lat' dir='ltr'><strong>nostis,</strong></span> <span class='ocrx_word' id='word_1_102' title='bbox 1246 834 1361 872; x_wconf 88' lang='lat' dir='ltr'><strong>quam</strong></span> <span class='ocrx_word' id='word_1_103' title='bbox 1382 821 1560 859; x_wconf 81' lang='lat' dir='ltr'><strong>maxime.</strong></span> 
     </span>
     <span class='ocr_line' id='line_1_14' title="bbox 95 882 1561 939; baseline -0.005 -13"><span class='ocrx_word' id='word_1_104' title='bbox 95 889 377 939; x_wconf 81' lang='lat' dir='ltr'><strong>Argumentum</strong></span> <span class='ocrx_word' id='word_1_105' title='bbox 406 888 545 926; x_wconf 72' lang='lat' dir='ltr'><strong>vultis?</strong></span> <span class='ocrx_word' id='word_1_106' title='bbox 604 888 662 924; x_wconf 87' lang='lat' dir='ltr'><strong>Ex</strong></span> <span class='ocrx_word' id='word_1_107' title='bbox 695 887 761 924; x_wconf 93' lang='lat' dir='ltr'><strong>illo</strong></span> <span class='ocrx_word' id='word_1_108' title='bbox 788 899 905 937; x_wconf 88' lang='lat' dir='ltr'><strong>quem</strong></span> <span class='ocrx_word' id='word_1_109' title='bbox 933 885 1020 922; x_wconf 89' lang='lat' dir='ltr'><strong>dico</strong></span> <span class='ocrx_word' id='word_1_110' title='bbox 1050 890 1201 930; x_wconf 90' lang='lat' dir='ltr'><strong>senatu,</strong></span> <span class='ocrx_word' id='word_1_111' title='bbox 1219 882 1561 933; x_wconf 84' lang='lat' dir='ltr'><strong>Trigintavirorum</strong></span> 
     </span>
     <span class='ocr_line' id='line_1_15' title="bbox 96 943 1561 1002; baseline -0.005 -14"><span class='ocrx_word' id='word_1_112' title='bbox 96 957 329 1002; x_wconf 86' lang='lat' dir='ltr'><strong>tempestate</strong></span> <span class='ocrx_word' id='word_1_113' title='bbox 350 951 551 995; x_wconf 85' lang='lat' dir='ltr'><strong>anteriore,</strong></span> <span class='ocrx_word' id='word_1_114' title='bbox 581 949 692 987; x_wconf 87' lang='lat' dir='ltr'><strong>multi</strong></span> <span class='ocrx_word' id='word_1_115' title='bbox 720 948 969 1000; x_wconf 85' lang='lat' dir='ltr'><strong>postmodum</strong></span> <span class='ocrx_word' id='word_1_116' title='bbox 998 946 1038 983; x_wconf 91' lang='lat' dir='ltr'><strong>in</strong></span> <span class='ocrx_word' id='word_1_117' title='bbox 1057 959 1103 984; x_wconf 94' lang='lat' dir='ltr'><strong>eo</strong></span> <span class='ocrx_word' id='word_1_118' title='bbox 1125 953 1260 983; x_wconf 87' lang='lat' dir='ltr'><strong>senatu</strong></span> <span class='ocrx_word' id='word_1_119' title='bbox 1282 944 1477 989; x_wconf 88' lang='lat' dir='ltr'><strong>sederunt,</strong></span> <span class='ocrx_word' id='word_1_120' title='bbox 1495 943 1561 994; x_wconf 88' lang='lat' dir='ltr'><strong>qui</strong></span> 
     </span>
     <span class='ocr_line' id='line_1_16' title="bbox 97 1006 1562 1064; baseline -0.005 -14"><span class='ocrx_word' id='word_1_121' title='bbox 97 1012 438 1064; x_wconf 82' lang='lat' dir='ltr'><strong>Trigintavirorum</strong></span> <span class='ocrx_word' id='word_1_122' title='bbox 471 1011 639 1049; x_wconf 88' lang='lat' dir='ltr'><strong>famulus</strong></span> <span class='ocrx_word' id='word_1_123' title='bbox 669 1011 754 1049; x_wconf 89' lang='lat' dir='ltr'><strong>fuit.</strong></span> <span class='ocrx_word' id='word_1_124' title='bbox 812 1010 934 1061; x_wconf 89' lang='lat' dir='ltr'><strong>Cujus</strong></span> <span class='ocrx_word' id='word_1_125' title='bbox 959 1015 1088 1046; x_wconf 88' lang='lat' dir='ltr'><strong>autem</strong></span> <span class='ocrx_word' id='word_1_126' title='bbox 1121 1020 1195 1058; x_wconf 81' lang='lat' dir='ltr'><strong>ego</strong></span> <span class='ocrx_word' id='word_1_127' title='bbox 1221 1007 1273 1045; x_wconf 90' lang='lat' dir='ltr'><strong>rei</strong></span> <span class='ocrx_word' id='word_1_128' title='bbox 1306 1019 1425 1044; x_wconf 88' lang='lat' dir='ltr'><strong>causa</strong></span> <span class='ocrx_word' id='word_1_129' title='bbox 1454 1006 1562 1042; x_wconf 84' lang='lat' dir='ltr'><strong>istaec</strong></span> 
     </span>
     <span class='ocr_line' id='line_1_17' title="bbox 97 1066 1561 1123; baseline -0.006 -11"><span class='ocrx_word' id='word_1_130' title='bbox 97 1087 201 1112; x_wconf 89' lang='lat' dir='ltr'><strong>nunc</strong></span> <span class='ocrx_word' id='word_1_131' title='bbox 221 1073 510 1112; x_wconf 73' lang='lat' dir='ltr'><strong>commemoro?</strong></span> <span class='ocrx_word' id='word_1_132' title='bbox 569 1074 657 1114; x_wconf 83' lang='lat' dir='ltr'><strong>Quo</strong></span> <span class='ocrx_word' id='word_1_133' title='bbox 677 1085 815 1123; x_wconf 86' lang='lat' dir='ltr'><strong>nempe</strong></span> <span class='ocrx_word' id='word_1_134' title='bbox 836 1071 927 1109; x_wconf 85' lang='lat' dir='ltr'><strong>certi</strong></span> <span class='ocrx_word' id='word_1_135' title='bbox 948 1070 1096 1115; x_wconf 85' lang='lat' dir='ltr'><strong>essetis,</strong></span> <span class='ocrx_word' id='word_1_136' title='bbox 1126 1082 1214 1119; x_wconf 86' lang='lat' dir='ltr'><strong>quae</strong></span> <span class='ocrx_word' id='word_1_137' title='bbox 1244 1068 1401 1106; x_wconf 86' lang='lat' dir='ltr'><strong>decreta</strong></span> <span class='ocrx_word' id='word_1_138' title='bbox 1428 1068 1475 1104; x_wconf 91' lang='lat' dir='ltr'><strong>ab</strong></span> <span class='ocrx_word' id='word_1_139' title='bbox 1496 1066 1561 1103; x_wconf 87' lang='lat' dir='ltr'><strong>illo</strong></span> 
     </span>
     <span class='ocr_line' id='line_1_18' title="bbox 100 1128 1564 1186; baseline -0.007 -12"><span class='ocrx_word' id='word_1_140' title='bbox 100 1136 288 1174; x_wconf 84' lang='lat' dir='ltr'><strong>anteriore</strong></span> <span class='ocrx_word' id='word_1_141' title='bbox 309 1144 445 1174; x_wconf 87' lang='lat' dir='ltr'><strong>senatu</strong></span> <span class='ocrx_word' id='word_1_142' title='bbox 467 1136 641 1186; x_wconf 83' lang='lat' dir='ltr'><strong>profecta</strong></span> <span class='ocrx_word' id='word_1_143' title='bbox 662 1141 764 1178; x_wconf 90' lang='lat' dir='ltr'><strong>sunt,</strong></span> <span class='ocrx_word' id='word_1_144' title='bbox 783 1147 829 1171; x_wconf 92' lang='lat' dir='ltr'><strong>ea</strong></span> <span class='ocrx_word' id='word_1_145' title='bbox 847 1146 925 1170; x_wconf 86' lang='lat' dir='ltr'><strong>non</strong></span> <span class='ocrx_word' id='word_1_146' title='bbox 947 1145 969 1169; x_wconf 80' lang='lat' dir='ltr'><strong>a</strong></span> <span class='ocrx_word' id='word_1_147' title='bbox 990 1139 1126 1169; x_wconf 83' lang='lat' dir='ltr'><strong>senatu</strong></span> <span class='ocrx_word' id='word_1_148' title='bbox 1147 1130 1319 1181; x_wconf 83' lang='lat' dir='ltr'><strong>profecta</strong></span> <span class='ocrx_word' id='word_1_149' title='bbox 1341 1141 1426 1167; x_wconf 88' lang='lat' dir='ltr'><strong>esse</strong></span> <span class='ocrx_word' id='word_1_150' title='bbox 1447 1128 1564 1166; x_wconf 88' lang='lat' dir='ltr'><strong>vestri</strong></span> 
     </span>
     <span class='ocr_line' id='line_1_19' title="bbox 101 1191 1565 1244; baseline -0.006 -9"><span class='ocrx_word' id='word_1_151' title='bbox 101 1197 286 1242; x_wconf 83' lang='lat' dir='ltr'><strong>studioso,</strong></span> <span class='ocrx_word' id='word_1_152' title='bbox 308 1198 375 1235; x_wconf 83' lang='lat' dir='ltr'><strong>sed</strong></span> <span class='ocrx_word' id='word_1_153' title='bbox 398 1199 444 1235; x_wconf 90' lang='lat' dir='ltr'><strong>ab</strong></span> <span class='ocrx_word' id='word_1_154' title='bbox 465 1197 623 1234; x_wconf 81' lang='lat' dir='ltr'><strong>ardente</strong></span> <span class='ocrx_word' id='word_1_155' title='bbox 650 1196 864 1233; x_wconf 82' lang='lat' dir='ltr'><strong>libertatem</strong></span> <span class='ocrx_word' id='word_1_156' title='bbox 893 1193 1087 1244; x_wconf 82' lang='lat' dir='ltr'><strong>publicam</strong></span> <span class='ocrx_word' id='word_1_157' title='bbox 1119 1191 1384 1243; x_wconf 85' lang='lat' dir='ltr'><strong>pessumdare,</strong></span> <span class='ocrx_word' id='word_1_158' title='bbox 1410 1197 1565 1240; x_wconf 89' lang='lat' dir='ltr'><strong>propte-</strong></span> 
     </span>
     <span class='ocr_line' id='line_1_20' title="bbox 100 1251 1565 1309; baseline -0.005 -14"><span class='ocrx_word' id='word_1_159' title='bbox 100 1271 241 1309; x_wconf 84' lang='lat' dir='ltr'><strong>reaque</strong></span> <span class='ocrx_word' id='word_1_160' title='bbox 261 1259 310 1295; x_wconf 87' lang='lat' dir='ltr'><strong>ad</strong></span> <span class='ocrx_word' id='word_1_161' title='bbox 330 1258 521 1309; x_wconf 75' lang='lat' dir='ltr'><strong>ejusmodi</strong></span> <span class='ocrx_word' id='word_1_162' title='bbox 550 1258 706 1294; x_wconf 87' lang='lat' dir='ltr'><strong>decreta</strong></span> <span class='ocrx_word' id='word_1_163' title='bbox 739 1269 894 1307; x_wconf 86' lang='lat' dir='ltr'><strong>prorsus</strong></span> <span class='ocrx_word' id='word_1_164' title='bbox 921 1255 1091 1292; x_wconf 86' lang='lat' dir='ltr'><strong>animum</strong></span> <span class='ocrx_word' id='word_1_165' title='bbox 1117 1254 1169 1290; x_wconf 93' lang='lat' dir='ltr'><strong>nil</strong></span> <span class='ocrx_word' id='word_1_166' title='bbox 1204 1252 1429 1291; x_wconf 84' lang='lat' dir='ltr'><strong>attendatis.</strong></span> <span class='ocrx_word' id='word_1_167' title='bbox 1486 1251 1565 1289; x_wconf 84' lang='lat' dir='ltr'><strong>Hic</strong></span> 
     </span>
     <span class='ocr_line' id='line_1_21' title="bbox 99 1313 1567 1370; baseline -0.005 -13"><span class='ocrx_word' id='word_1_168' title='bbox 99 1319 228 1370; x_wconf 88' lang='lat' dir='ltr'><strong>itaque</strong></span> <span class='ocrx_word' id='word_1_169' title='bbox 247 1319 476 1357; x_wconf 87' lang='lat' dir='ltr'><strong>Theocritus</strong></span> <span class='ocrx_word' id='word_1_170' title='bbox 496 1319 535 1356; x_wconf 91' lang='lat' dir='ltr'><strong>in</strong></span> <span class='ocrx_word' id='word_1_171' title='bbox 554 1318 660 1355; x_wconf 90' lang='lat' dir='ltr'><strong>illum</strong></span> <span class='ocrx_word' id='word_1_172' title='bbox 684 1325 860 1355; x_wconf 85' lang='lat' dir='ltr'><strong>senatum</strong></span> <span class='ocrx_word' id='word_1_173' title='bbox 880 1316 1094 1366; x_wconf 85' lang='lat' dir='ltr'><strong>ingressus,</strong></span> <span class='ocrx_word' id='word_1_174' title='bbox 1113 1328 1199 1353; x_wconf 92' lang='lat' dir='ltr'><strong>esse</strong></span> <span class='ocrx_word' id='word_1_175' title='bbox 1214 1314 1405 1365; x_wconf 86' lang='lat' dir='ltr'><strong>quosdam</strong></span> <span class='ocrx_word' id='word_1_176' title='bbox 1421 1313 1567 1351; x_wconf 86' lang='lat' dir='ltr'><strong>indicat</strong></span> 
     </span>
     <span class='ocr_line' id='line_1_22' title="bbox 99 1379 1566 1431; baseline -0.005 -12"><span class='ocrx_word' id='word_1_177' title='bbox 99 1380 174 1419; x_wconf 92' lang='lat' dir='ltr'><strong>hoc</strong></span> <span class='ocrx_word' id='word_1_178' title='bbox 204 1388 379 1431; x_wconf 75' lang='lat' dir='ltr'><strong>agentes,</strong></span> <span class='ocrx_word' id='word_1_179' title='bbox 405 1389 449 1418; x_wconf 92' lang='lat' dir='ltr'><strong>ut</strong></span> <span class='ocrx_word' id='word_1_180' title='bbox 475 1394 629 1425; x_wconf 87' lang='lat' dir='ltr'><strong>novam,</strong></span> <span class='ocrx_word' id='word_1_181' title='bbox 662 1393 752 1430; x_wconf 88' lang='lat' dir='ltr'><strong>quae</strong></span> <span class='ocrx_word' id='word_1_182' title='bbox 779 1392 866 1416; x_wconf 90' lang='lat' dir='ltr'><strong>cum</strong></span> <span class='ocrx_word' id='word_1_183' title='bbox 895 1379 1057 1415; x_wconf 82' lang='lat' dir='ltr'><strong>maxime</strong></span> <span class='ocrx_word' id='word_1_184' title='bbox 1090 1385 1301 1428; x_wconf 85' lang='lat' dir='ltr'><strong>pararetur,</strong></span> <span class='ocrx_word' id='word_1_185' title='bbox 1321 1389 1444 1414; x_wconf 85' lang='lat' dir='ltr'><strong>rerum</strong></span> <span class='ocrx_word' id='word_1_186' title='bbox 1472 1389 1566 1413; x_wconf 90' lang='lat' dir='ltr'><strong>con-</strong></span> 
     </span>
     <span class='ocr_line' id='line_1_23' title="bbox 102 1437 1566 1493; baseline -0.004 -13"><span class='ocrx_word' id='word_1_187' title='bbox 102 1442 339 1480; x_wconf 86' lang='lat' dir='ltr'><strong>stitutionem</strong></span> <span class='ocrx_word' id='word_1_188' title='bbox 359 1442 600 1493; x_wconf 79' lang='lat' dir='ltr'><strong>impedirent,</strong></span> <span class='ocrx_word' id='word_1_189' title='bbox 617 1454 692 1491; x_wconf 88' lang='lat' dir='ltr'><strong>quo</strong></span> <span class='ocrx_word' id='word_1_190' title='bbox 713 1441 838 1478; x_wconf 88' lang='lat' dir='ltr'><strong>minus</strong></span> <span class='ocrx_word' id='word_1_191' title='bbox 859 1439 1108 1477; x_wconf 84' lang='lat' dir='ltr'><strong>coalesceret.</strong></span> <span class='ocrx_word' id='word_1_192' title='bbox 1167 1438 1216 1475; x_wconf 90' lang='lat' dir='ltr'><strong>Et</strong></span> <span class='ocrx_word' id='word_1_193' title='bbox 1236 1438 1392 1475; x_wconf 86' lang='lat' dir='ltr'><strong>nomina</strong></span> <span class='ocrx_word' id='word_1_194' title='bbox 1411 1437 1566 1487; x_wconf 88' lang='lat' dir='ltr'><strong>quidem</strong></span> 
     </span>
     <span class='ocr_line' id='line_1_24' title="bbox 102 1499 1565 1555; baseline -0.005 -13"><span class='ocrx_word' id='word_1_195' title='bbox 102 1504 254 1555; x_wconf 83' lang='lat' dir='ltr'><strong>singula</strong></span> <span class='ocrx_word' id='word_1_196' title='bbox 267 1517 432 1555; x_wconf 84' lang='lat' dir='ltr'><strong>quaeque</strong></span> <span class='ocrx_word' id='word_1_197' title='bbox 451 1517 490 1542; x_wconf 92' lang='lat' dir='ltr'><strong>se</strong></span> <span class='ocrx_word' id='word_1_198' title='bbox 511 1503 681 1554; x_wconf 81' lang='lat' dir='ltr'><strong>negabat</strong></span> <span class='ocrx_word' id='word_1_199' title='bbox 695 1502 885 1540; x_wconf 89' lang='lat' dir='ltr'><strong>editurum</strong></span> <span class='ocrx_word' id='word_1_200' title='bbox 902 1515 910 1539; x_wconf 92' lang='lat'>:</span> <span class='ocrx_word' id='word_1_201' title='bbox 936 1501 1002 1551; x_wconf 91' lang='lat' dir='ltr'><strong>jus</strong></span> <span class='ocrx_word' id='word_1_202' title='bbox 1018 1500 1118 1537; x_wconf 90' lang='lat' dir='ltr'><strong>enim</strong></span> <span class='ocrx_word' id='word_1_203' title='bbox 1132 1499 1344 1551; x_wconf 88' lang='lat' dir='ltr'><strong>jurandum</strong></span> <span class='ocrx_word' id='word_1_204' title='bbox 1360 1499 1462 1536; x_wconf 90' lang='lat' dir='ltr'><strong>idem</strong></span> <span class='ocrx_word' id='word_1_205' title='bbox 1477 1512 1565 1536; x_wconf 89' lang='lat' dir='ltr'><strong>curn</strong></span> 
     </span>
     <span class='ocr_line' id='line_1_25' title="bbox 102 1560 1566 1617; baseline -0.005 -14"><span class='ocrx_word' id='word_1_206' title='bbox 102 1566 310 1617; x_wconf 89' lang='lat' dir='ltr'><strong>conjuratis</strong></span> <span class='ocrx_word' id='word_1_207' title='bbox 324 1565 480 1612; x_wconf 83' lang='lat' dir='ltr'><strong>dixisse,</strong></span> <span class='ocrx_word' id='word_1_208' title='bbox 493 1578 619 1615; x_wconf 88' lang='lat' dir='ltr'><strong>neque</strong></span> <span class='ocrx_word' id='word_1_209' title='bbox 638 1563 769 1602; x_wconf 91' lang='lat' dir='ltr'><strong>defore</strong></span> <span class='ocrx_word' id='word_1_210' title='bbox 785 1563 880 1600; x_wconf 92' lang='lat' dir='ltr'><strong>alios</strong></span> <span class='ocrx_word' id='word_1_211' title='bbox 896 1562 962 1613; x_wconf 90' lang='lat' dir='ltr'><strong>qui</strong></span> <span class='ocrx_word' id='word_1_212' title='bbox 982 1562 1138 1599; x_wconf 88' lang='lat' dir='ltr'><strong>nomina</strong></span> <span class='ocrx_word' id='word_1_213' title='bbox 1156 1561 1342 1605; x_wconf 88' lang='lat' dir='ltr'><strong>indicent,</strong></span> <span class='ocrx_word' id='word_1_214' title='bbox 1355 1573 1394 1598; x_wconf 91' lang='lat' dir='ltr'><strong>se</strong></span> <span class='ocrx_word' id='word_1_215' title='bbox 1411 1560 1566 1610; x_wconf 88' lang='lat' dir='ltr'><strong>quidem</strong></span> 
     </span>
     <span class='ocr_line' id='line_1_26' title="bbox 101 1621 1569 1678; baseline -0.004 -14"><span class='ocrx_word' id='word_1_216' title='bbox 101 1625 142 1664; x_wconf 87' lang='lat' dir='ltr'><strong>id</strong></span> <span class='ocrx_word' id='word_1_217' title='bbox 171 1639 370 1678; x_wconf 87' lang='lat' dir='ltr'><strong>nunquam</strong></span> <span class='ocrx_word' id='word_1_218' title='bbox 403 1627 608 1664; x_wconf 86' lang='lat' dir='ltr'><strong>facturum.</strong></span> <span class='ocrx_word' id='word_1_219' title='bbox 666 1625 718 1662; x_wconf 92' lang='lat' dir='ltr'><strong>At</strong></span> <span class='ocrx_word' id='word_1_220' title='bbox 753 1624 877 1662; x_wconf 90' lang='lat' dir='ltr'><strong>videte</strong></span> <span class='ocrx_word' id='word_1_221' title='bbox 907 1623 1037 1668; x_wconf 86' lang='lat' dir='ltr'><strong>modo,</strong></span> <span class='ocrx_word' id='word_1_222' title='bbox 1070 1623 1239 1674; x_wconf 85' lang='lat' dir='ltr'><strong>judices.</strong></span> <span class='ocrx_word' id='word_1_223' title='bbox 1286 1621 1515 1660; x_wconf 86' lang='lat' dir='ltr'><strong>Theocritus</strong></span> <span class='ocrx_word' id='word_1_224' title='bbox 1537 1621 1569 1659; x_wconf 87' lang='lat' dir='ltr'><strong>si</strong></span> 
     </span>
     <span class='ocr_line' id='line_1_27' title="bbox 105 1684 1569 1738; baseline -0.003 -13"><span class='ocrx_word' id='word_1_225' title='bbox 105 1695 244 1738; x_wconf 91' lang='lat' dir='ltr'><strong>sponte</strong></span> <span class='ocrx_word' id='word_1_226' title='bbox 263 1701 334 1725; x_wconf 88' lang='lat' dir='ltr'><strong>sua</strong></span> <span class='ocrx_word' id='word_1_227' title='bbox 352 1701 430 1725; x_wconf 90' lang='lat' dir='ltr'><strong>rem</strong></span> <span class='ocrx_word' id='word_1_228' title='bbox 447 1687 598 1732; x_wconf 90' lang='lat' dir='ltr'><strong>detulit,</strong></span> <span class='ocrx_word' id='word_1_229' title='bbox 614 1700 689 1724; x_wconf 92' lang='lat' dir='ltr'><strong>non</strong></span> <span class='ocrx_word' id='word_1_230' title='bbox 706 1687 954 1731; x_wconf 86' lang='lat' dir='ltr'><strong>subornatus,</strong></span> <span class='ocrx_word' id='word_1_231' title='bbox 971 1698 1095 1735; x_wconf 92' lang='lat' dir='ltr'><strong>neque</strong></span> <span class='ocrx_word' id='word_1_232' title='bbox 1111 1684 1308 1730; x_wconf 87' lang='lat' dir='ltr'><strong>condicto,</strong></span> <span class='ocrx_word' id='word_1_233' title='bbox 1321 1697 1436 1721; x_wconf 86' lang='lat' dir='ltr'><strong>eccur</strong></span> <span class='ocrx_word' id='word_1_234' title='bbox 1457 1697 1569 1721; x_wconf 84' lang='lat' dir='ltr'><strong>sena·</strong></span> 
     </span>
     <span class='ocr_line' id='line_1_28' title="bbox 105 1748 1570 1800; baseline -0.003 -12"><span class='ocrx_word' id='word_1_235' title='bbox 105 1757 171 1788; x_wconf 91' lang='lat' dir='ltr'><strong>tus</strong></span> <span class='ocrx_word' id='word_1_236' title='bbox 189 1764 276 1788; x_wconf 89' lang='lat' dir='ltr'><strong>eum</strong></span> <span class='ocrx_word' id='word_1_237' title='bbox 297 1763 374 1787; x_wconf 91' lang='lat' dir='ltr'><strong>non</strong></span> <span class='ocrx_word' id='word_1_238' title='bbox 396 1751 525 1800; x_wconf 83' lang='lat' dir='ltr'><strong>coegit</strong></span> <span class='ocrx_word' id='word_1_239' title='bbox 543 1750 698 1787; x_wconf 88' lang='lat' dir='ltr'><strong>nomina</strong></span> <span class='ocrx_word' id='word_1_240' title='bbox 713 1749 826 1786; x_wconf 91' lang='lat' dir='ltr'><strong>edere</strong></span> <span class='ocrx_word' id='word_1_241' title='bbox 842 1748 857 1785; x_wconf 65' lang='grc' dir='ltr'><em>ἲ</em></span> <span class='ocrx_word' id='word_1_242' title='bbox 887 1761 1002 1786; x_wconf 86' lang='lat' dir='ltr'><strong>eccur</strong></span> <span class='ocrx_word' id='word_1_243' title='bbox 1021 1761 1109 1785; x_wconf 90' lang='lat' dir='ltr'><strong>eum</strong></span> <span class='ocrx_word' id='word_1_244' title='bbox 1129 1760 1275 1798; x_wconf 87' lang='lat' dir='ltr'><strong>passus</strong></span> <span class='ocrx_word' id='word_1_245' title='bbox 1290 1753 1351 1791; x_wconf 85' lang='lat' dir='ltr'><strong>est</strong></span> <span class='ocrx_word' id='word_1_246' title='bbox 1362 1760 1461 1797; x_wconf 82' lang='lat' dir='ltr'><strong>vago</strong></span> <span class='ocrx_word' id='word_1_247' title='bbox 1474 1759 1570 1797; x_wconf 91' lang='lat' dir='ltr'><strong>quo-</strong></span> 
     </span>
     <span class='ocr_line' id='line_1_29' title="bbox 107 1807 1570 1861; baseline -0.002 -12"><span class='ocrx_word' id='word_1_248' title='bbox 107 1810 198 1849; x_wconf 87' lang='lat' dir='ltr'><strong>dam</strong></span> <span class='ocrx_word' id='word_1_249' title='bbox 218 1818 258 1849; x_wconf 89' lang='lat' dir='ltr'><strong>et</strong></span> <span class='ocrx_word' id='word_1_250' title='bbox 277 1812 421 1849; x_wconf 87' lang='lat' dir='ltr'><strong>incerto</strong></span> <span class='ocrx_word' id='word_1_251' title='bbox 446 1811 606 1861; x_wconf 84' lang='lat' dir='ltr'><strong>defungi</strong></span> <span class='ocrx_word' id='word_1_252' title='bbox 636 1809 780 1847; x_wconf 86' lang='lat' dir='ltr'><strong>indicio</strong></span> <span class='ocrx_word' id='word_1_253' title='bbox 808 1810 1028 1848; x_wconf 84' lang='lat' dir='ltr'><strong>nominibus</strong></span> <span class='ocrx_word' id='word_1_254' title='bbox 1047 1822 1200 1847; x_wconf 89' lang='lat' dir='ltr'><strong>reorum</strong></span> <span class='ocrx_word' id='word_1_255' title='bbox 1219 1807 1362 1846; x_wconf 73' lang='lat' dir='ltr'><strong>casso?</strong></span> <span class='ocrx_word' id='word_1_256' title='bbox 1391 1821 1460 1846; x_wconf 91' lang='lat' dir='ltr'><strong>cur</strong></span> <span class='ocrx_word' id='word_1_257' title='bbox 1479 1808 1570 1846; x_wconf 89' lang='lat' dir='ltr'><strong>satis</strong></span> 
     </span>
     <span class='ocr_line' id='line_1_30' title="bbox 108 1870 812 1911; baseline -0.004 0"><span class='ocrx_word' id='word_1_258' title='bbox 108 1873 281 1911; x_wconf 87' lang='lat' dir='ltr'><strong>habebat</strong></span> <span class='ocrx_word' id='word_1_259' title='bbox 300 1873 375 1911; x_wconf 88' lang='lat' dir='ltr'><strong>hoc</strong></span> <span class='ocrx_word' id='word_1_260' title='bbox 396 1873 593 1911; x_wconf 87' lang='lat' dir='ltr'><strong>decretum</strong></span> <span class='ocrx_word' id='word_1_261' title='bbox 619 1873 781 1909; x_wconf 81' lang='lat' dir='ltr'><strong>scribere</strong></span> <span class='ocrx_word' id='word_1_262' title='bbox 797 1870 812 1908; x_wconf 68' lang='grc' dir='ltr'><strong>’ἒ</strong></span> 
     </span>
    </p>
   </div>
   <div class='ocr_carea' id='block_1_4' title="bbox 676 1973 996 2012">
    <p class='ocr_par' dir='ltr' id='par_1_4' title="bbox 676 1973 996 2012">
     <span class='ocr_line' id='line_1_31' title="bbox 676 1973 996 2012; baseline -0.003 -1"><span class='ocrx_word' id='word_1_263' title='bbox 676 1973 996 2012; x_wconf 89' lang='lat' dir='ltr'><strong>DECRETUM.</strong></span> 
     </span>
    </p>
   </div>
   <div class='ocr_carea' id='block_1_5' title="bbox 107 2058 1573 2911">
    <p class='ocr_par' dir='ltr' id='par_1_5' title="bbox 107 2058 1573 2911">
     <span class='ocr_line' id='line_1_32' title="bbox 163 2058 1572 2110; baseline -0.002 -11"><span class='ocrx_word' id='word_1_264' title='bbox 163 2062 201 2099; x_wconf 90' lang='lat'><strong>6.</strong></span> <span class='ocrx_word' id='word_1_265' title='bbox 233 2062 457 2099; x_wconf 86' lang='lat' dir='ltr'><strong>Secundum</strong></span> <span class='ocrx_word' id='word_1_266' title='bbox 477 2062 551 2100; x_wconf 88' lang='lat' dir='ltr'><strong>hoc</strong></span> <span class='ocrx_word' id='word_1_267' title='bbox 573 2062 773 2099; x_wconf 80' lang='lat' dir='ltr'><strong>decretum</strong></span> <span class='ocrx_word' id='word_1_268' title='bbox 792 2060 830 2097; x_wconf 90' lang='lat' dir='ltr'><strong>in</strong></span> <span class='ocrx_word' id='word_1_269' title='bbox 859 2060 1048 2098; x_wconf 80' lang='lat' dir='ltr'><strong>Piraeeum</strong></span> <span class='ocrx_word' id='word_1_270' title='bbox 1075 2059 1321 2098; x_wconf 88' lang='lat' dir='ltr'><strong>descendunt</strong></span> <span class='ocrx_word' id='word_1_271' title='bbox 1351 2058 1526 2110; x_wconf 86' lang='lat' dir='ltr'><strong>deputati</strong></span> <span class='ocrx_word' id='word_1_272' title='bbox 1552 2073 1572 2097; x_wconf 91' lang='lat' dir='ltr'><strong>e</strong></span> 
     </span>
     <span class='ocr_line' id='line_1_33' title="bbox 110 2114 1572 2174; baseline -0.002 -13"><span class='ocrx_word' id='word_1_273' title='bbox 110 2130 250 2161; x_wconf 88' lang='lat' dir='ltr'><strong>senatu</strong></span> <span class='ocrx_word' id='word_1_274' title='bbox 282 2123 331 2160; x_wconf 91' lang='lat' dir='ltr'><strong>ad</strong></span> <span class='ocrx_word' id='word_1_275' title='bbox 362 2124 590 2174; x_wconf 84' lang='lat' dir='ltr'><strong>Agoratum,</strong></span> <span class='ocrx_word' id='word_1_276' title='bbox 610 2135 726 2172; x_wconf 89' lang='lat' dir='ltr'><strong>quem</strong></span> <span class='ocrx_word' id='word_1_277' title='bbox 756 2123 792 2158; x_wconf 85' lang='lat' dir='ltr'><strong>in</strong></span> <span class='ocrx_word' id='word_1_278' title='bbox 821 2114 905 2159; x_wconf 74' lang='lat' dir='ltr'><strong>foro</strong></span> <span class='ocrx_word' id='word_1_279' title='bbox 934 2123 1005 2159; x_wconf 81' lang='lat' dir='ltr'><strong>sibi</strong></span> <span class='ocrx_word' id='word_1_280' title='bbox 1037 2122 1210 2159; x_wconf 88' lang='lat' dir='ltr'><strong>oblatum</strong></span> <span class='ocrx_word' id='word_1_281' title='bbox 1240 2121 1432 2159; x_wconf 87' lang='lat' dir='ltr'><strong>abducere</strong></span> <span class='ocrx_word' id='word_1_282' title='bbox 1454 2133 1572 2158; x_wconf 85' lang='lat' dir='ltr'><strong>cona-</strong></span> 
     </span>
     <span class='ocr_line' id='line_1_34' title="bbox 107 2184 1572 2235; baseline -0.001 -14"><span class='ocrx_word' id='word_1_283' title='bbox 107 2185 260 2222; x_wconf 90' lang='lat' dir='ltr'><strong>bantur.</strong></span> <span class='ocrx_word' id='word_1_284' title='bbox 317 2184 462 2222; x_wconf 84' lang='lat' dir='ltr'><strong>Verum</strong></span> <span class='ocrx_word' id='word_1_285' title='bbox 495 2185 627 2222; x_wconf 86' lang='lat' dir='ltr'><strong>Nicias</strong></span> <span class='ocrx_word' id='word_1_286' title='bbox 648 2191 688 2222; x_wconf 87' lang='lat' dir='ltr'><strong>et</strong></span> <span class='ocrx_word' id='word_1_287' title='bbox 708 2184 938 2222; x_wconf 83' lang='lat' dir='ltr'><strong>Nicomenes</strong></span> <span class='ocrx_word' id='word_1_288' title='bbox 959 2184 1098 2235; x_wconf 89' lang='lat' dir='ltr'><strong>aliique</strong></span> <span class='ocrx_word' id='word_1_289' title='bbox 1117 2191 1320 2222; x_wconf 87' lang='lat' dir='ltr'><strong>cernentes</strong></span> <span class='ocrx_word' id='word_1_290' title='bbox 1351 2184 1489 2222; x_wconf 86' lang='lat' dir='ltr'><strong>faciem</strong></span> <span class='ocrx_word' id='word_1_291' title='bbox 1513 2196 1572 2221; x_wconf 88' lang='lat' dir='ltr'><strong>re-</strong></span> 
     </span>
     <span class='ocr_line' id='line_1_35' title="bbox 111 2246 1572 2298; baseline 0 -15"><span class='ocrx_word' id='word_1_292' title='bbox 111 2260 195 2284; x_wconf 89' lang='lat' dir='ltr'><strong>rum</strong></span> <span class='ocrx_word' id='word_1_293' title='bbox 216 2247 253 2284; x_wconf 92' lang='lat' dir='ltr'><strong>in</strong></span> <span class='ocrx_word' id='word_1_294' title='bbox 276 2248 368 2285; x_wconf 90' lang='lat' dir='ltr'><strong>urbe</strong></span> <span class='ocrx_word' id='word_1_295' title='bbox 389 2260 466 2285; x_wconf 91' lang='lat' dir='ltr'><strong>non</strong></span> <span class='ocrx_word' id='word_1_296' title='bbox 487 2248 671 2298; x_wconf 87' lang='lat' dir='ltr'><strong>optimam</strong></span> <span class='ocrx_word' id='word_1_297' title='bbox 701 2260 798 2292; x_wconf 89' lang='lat' dir='ltr'><strong>esse,</strong></span> <span class='ocrx_word' id='word_1_298' title='bbox 821 2247 1018 2296; x_wconf 81' lang='lat' dir='ltr'><strong>negabant</strong></span> <span class='ocrx_word' id='word_1_299' title='bbox 1045 2259 1085 2284; x_wconf 89' lang='lat' dir='ltr'><strong>se</strong></span> <span class='ocrx_word' id='word_1_300' title='bbox 1118 2246 1370 2297; x_wconf 86' lang='lat' dir='ltr'><strong>permissuros</strong></span> <span class='ocrx_word' id='word_1_301' title='bbox 1397 2252 1439 2283; x_wconf 92' lang='lat' dir='ltr'><strong>ut</strong></span> <span class='ocrx_word' id='word_1_302' title='bbox 1465 2247 1572 2296; x_wconf 86' lang='lat' dir='ltr'><strong>Ago-</strong></span> 
     </span>
     <span class='ocr_line' id='line_1_36' title="bbox 108 2307 1572 2358; baseline 0.001 -14"><span class='ocrx_word' id='word_1_303' title='bbox 108 2314 216 2346; x_wconf 90' lang='lat' dir='ltr'><strong>ratus</strong></span> <span class='ocrx_word' id='word_1_304' title='bbox 236 2308 514 2350; x_wconf 87' lang='lat' dir='ltr'><strong>abduceretur;</strong></span> <span class='ocrx_word' id='word_1_305' title='bbox 547 2308 821 2346; x_wconf 87' lang='lat' dir='ltr'><strong>abstrahebant</strong></span> <span class='ocrx_word' id='word_1_306' title='bbox 840 2321 927 2345; x_wconf 89' lang='lat' dir='ltr'><strong>eum</strong></span> <span class='ocrx_word' id='word_1_307' title='bbox 950 2307 1078 2358; x_wconf 85' lang='lat' dir='ltr'><strong>potius</strong></span> <span class='ocrx_word' id='word_1_308' title='bbox 1094 2308 1127 2345; x_wconf 92' lang='lat' dir='ltr'><strong>vi</strong></span> <span class='ocrx_word' id='word_1_309' title='bbox 1143 2308 1366 2357; x_wconf 87' lang='lat' dir='ltr'><strong>dabantque</strong></span> <span class='ocrx_word' id='word_1_310' title='bbox 1383 2320 1426 2344; x_wconf 90' lang='lat' dir='ltr'><strong>se</strong></span> <span class='ocrx_word' id='word_1_311' title='bbox 1442 2308 1572 2351; x_wconf 88' lang='lat' dir='ltr'><strong>vades,</strong></span> 
     </span>
     <span class='ocr_line' id='line_1_37' title="bbox 110 2368 1571 2420; baseline -0.001 -13"><span class='ocrx_word' id='word_1_312' title='bbox 110 2369 347 2420; x_wconf 89' lang='lat' dir='ltr'><strong>spondentes</strong></span> <span class='ocrx_word' id='word_1_313' title='bbox 369 2370 595 2420; x_wconf 80' lang='lat' dir='ltr'><strong>Agoratum‚</strong></span> <span class='ocrx_word' id='word_1_314' title='bbox 616 2369 928 2419; x_wconf 87' lang='lat' dir='ltr'><strong>quandocunque</strong></span> <span class='ocrx_word' id='word_1_315' title='bbox 948 2369 1222 2419; x_wconf 85' lang='lat' dir='ltr'><strong>postularetur,</strong></span> <span class='ocrx_word' id='word_1_316' title='bbox 1250 2369 1287 2405; x_wconf 89' lang='lat' dir='ltr'><strong>in</strong></span> <span class='ocrx_word' id='word_1_317' title='bbox 1307 2368 1414 2406; x_wconf 88' lang='lat' dir='ltr'><strong>curia</strong></span> <span class='ocrx_word' id='word_1_318' title='bbox 1434 2369 1571 2406; x_wconf 78' lang='lat' dir='ltr'><strong>sisten-</strong></span> 
     </span>
     <span class='ocr_line' id='line_1_38' title="bbox 110 2430 1571 2479; baseline -0.001 -12"><span class='ocrx_word' id='word_1_319' title='bbox 110 2430 216 2468; x_wconf 87' lang='lat' dir='ltr'><strong>dum.</strong></span> <span class='ocrx_word' id='word_1_320' title='bbox 273 2430 482 2468; x_wconf 87' lang='lat' dir='ltr'><strong>Senatores</strong></span> <span class='ocrx_word' id='word_1_321' title='bbox 517 2443 608 2479; x_wconf 85' lang='lat' dir='ltr'><strong>ergo</strong></span> <span class='ocrx_word' id='word_1_322' title='bbox 641 2443 728 2467; x_wconf 88' lang='lat' dir='ltr'><strong>cum</strong></span> <span class='ocrx_word' id='word_1_323' title='bbox 761 2443 783 2467; x_wconf 90' lang='lat' dir='ltr'><strong>a</strong></span> <span class='ocrx_word' id='word_1_324' title='bbox 810 2431 999 2467; x_wconf 88' lang='lat' dir='ltr'><strong>tabulario</strong></span> <span class='ocrx_word' id='word_1_325' title='bbox 1030 2431 1155 2468; x_wconf 90' lang='lat' dir='ltr'><strong>scriba</strong></span> <span class='ocrx_word' id='word_1_326' title='bbox 1187 2430 1225 2468; x_wconf 89' lang='lat' dir='ltr'><strong>in</strong></span> <span class='ocrx_word' id='word_1_327' title='bbox 1259 2431 1411 2468; x_wconf 75' lang='lat' dir='ltr'><strong>tabulas</strong></span> <span class='ocrx_word' id='word_1_328' title='bbox 1443 2430 1571 2467; x_wconf 83' lang='lat' dir='ltr'><strong>referri</strong></span> 
     </span>
     <span class='ocr_line' id='line_1_39' title="bbox 108 2491 1571 2542; baseline -0.001 -13"><span class='ocrx_word' id='word_1_329' title='bbox 108 2500 310 2530; x_wconf 88' lang='lat' dir='ltr'><strong>curassent</strong></span> <span class='ocrx_word' id='word_1_330' title='bbox 327 2505 458 2530; x_wconf 88' lang='lat' dir='ltr'><strong>eorum</strong></span> <span class='ocrx_word' id='word_1_331' title='bbox 480 2491 647 2537; x_wconf 85' lang='lat' dir='ltr'><strong>nomina,</strong></span> <span class='ocrx_word' id='word_1_332' title='bbox 661 2491 725 2541; x_wconf 91' lang='lat' dir='ltr'><strong>qui</strong></span> <span class='ocrx_word' id='word_1_333' title='bbox 748 2492 1006 2529; x_wconf 88' lang='lat' dir='ltr'><strong>vadimonium</strong></span> <span class='ocrx_word' id='word_1_334' title='bbox 1021 2494 1068 2530; x_wconf 85' lang='lat' dir='ltr'><strong>de</strong></span> <span class='ocrx_word' id='word_1_335' title='bbox 1091 2492 1264 2530; x_wconf 87' lang='lat' dir='ltr'><strong>sistendo</strong></span> <span class='ocrx_word' id='word_1_336' title='bbox 1277 2492 1449 2542; x_wconf 82' lang='lat' dir='ltr'><strong>Agorato</strong></span> <span class='ocrx_word' id='word_1_337' title='bbox 1470 2491 1571 2528; x_wconf 87' lang='lat' dir='ltr'><strong>obis—</strong></span> 
     </span>
     <span class='ocr_line' id='line_1_40' title="bbox 111 2552 1569 2604; baseline -0.001 -15"><span class='ocrx_word' id='word_1_338' title='bbox 111 2558 198 2590; x_wconf 87' lang='lat' dir='ltr'><strong>sent</strong></span> <span class='ocrx_word' id='word_1_339' title='bbox 215 2561 267 2600; x_wconf 87' lang='lat' dir='ltr'><strong>et‚</strong></span> <span class='ocrx_word' id='word_1_340' title='bbox 286 2554 493 2604; x_wconf 87' lang='lat' dir='ltr'><strong>quominus</strong></span> <span class='ocrx_word' id='word_1_341' title='bbox 528 2553 720 2603; x_wconf 76' lang='lat' dir='ltr'><strong>Agoratus</strong></span> <span class='ocrx_word' id='word_1_342' title='bbox 750 2553 1004 2591; x_wconf 85' lang='lat' dir='ltr'><strong>abduceretur</strong></span> <span class='ocrx_word' id='word_1_343' title='bbox 1033 2553 1353 2596; x_wconf 85' lang='lat' dir='ltr'><strong>intercessissent,</strong></span> <span class='ocrx_word' id='word_1_344' title='bbox 1375 2552 1412 2588; x_wconf 94' lang='lat' dir='ltr'><strong>in</strong></span> <span class='ocrx_word' id='word_1_345' title='bbox 1437 2554 1569 2589; x_wconf 89' lang='lat' dir='ltr'><strong>urbem</strong></span> 
     </span>
     <span class='ocr_line' id='line_1_41' title="bbox 112 2612 1572 2666; baseline 0 -16"><span class='ocrx_word' id='word_1_346' title='bbox 112 2612 299 2652; x_wconf 87' lang='lat' dir='ltr'><strong>redibant.</strong></span> <span class='ocrx_word' id='word_1_347' title='bbox 358 2616 551 2666; x_wconf 84' lang='lat' dir='ltr'><strong>Agoratus</strong></span> <span class='ocrx_word' id='word_1_348' title='bbox 572 2621 699 2651; x_wconf 85' lang='lat' dir='ltr'><strong>autem</strong></span> <span class='ocrx_word' id='word_1_349' title='bbox 720 2627 808 2652; x_wconf 87' lang='lat' dir='ltr'><strong>cum</strong></span> <span class='ocrx_word' id='word_1_350' title='bbox 830 2615 991 2653; x_wconf 89' lang='lat' dir='ltr'><strong>vadibus</strong></span> <span class='ocrx_word' id='word_1_351' title='bbox 1013 2615 1061 2652; x_wconf 89' lang='lat' dir='ltr'><strong>ad</strong></span> <span class='ocrx_word' id='word_1_352' title='bbox 1083 2627 1188 2652; x_wconf 87' lang='lat' dir='ltr'><strong>ararn</strong></span> <span class='ocrx_word' id='word_1_353' title='bbox 1216 2613 1402 2650; x_wconf 83' lang='lat' dir='ltr'><strong>Minervae</strong></span> <span class='ocrx_word' id='word_1_354' title='bbox 1427 2613 1572 2666; x_wconf 88' lang='lat' dir='ltr'><strong>Muny-</strong></span> 
     </span>
     <span class='ocr_line' id='line_1_42' title="bbox 112 2672 1573 2727; baseline 0.002 -17"><span class='ocrx_word' id='word_1_355' title='bbox 112 2672 209 2711; x_wconf 84' lang='lat' dir='ltr'><strong>chiae</strong></span> <span class='ocrx_word' id='word_1_356' title='bbox 223 2675 452 2726; x_wconf 84' lang='lat' dir='ltr'><strong>confugiunt</strong></span> <span class='ocrx_word' id='word_1_357' title='bbox 470 2676 519 2714; x_wconf 89' lang='lat' dir='ltr'><strong>ad</strong></span> <span class='ocrx_word' id='word_1_358' title='bbox 540 2689 702 2725; x_wconf 88' lang='lat' dir='ltr'><strong>eamque</strong></span> <span class='ocrx_word' id='word_1_359' title='bbox 719 2675 909 2727; x_wconf 87' lang='lat' dir='ltr'><strong>supplices</strong></span> <span class='ocrx_word' id='word_1_360' title='bbox 926 2675 1122 2714; x_wconf 88' lang='lat' dir='ltr'><strong>desident:</strong></span> <span class='ocrx_word' id='word_1_361' title='bbox 1151 2676 1307 2720; x_wconf 87' lang='lat' dir='ltr'><strong>interea,</strong></span> <span class='ocrx_word' id='word_1_362' title='bbox 1323 2673 1412 2711; x_wconf 91' lang='lat' dir='ltr'><strong>dum</strong></span> <span class='ocrx_word' id='word_1_363' title='bbox 1430 2674 1480 2712; x_wconf 91' lang='lat' dir='ltr'><strong>ibi</strong></span> <span class='ocrx_word' id='word_1_364' title='bbox 1496 2688 1573 2713; x_wconf 90' lang='lat' dir='ltr'><strong>una</strong></span> 
     </span>
     <span class='ocr_line' id='line_1_43' title="bbox 113 2735 1572 2789; baseline 0.002 -18"><span class='ocrx_word' id='word_1_365' title='bbox 113 2741 217 2781; x_wconf 88' lang='lat' dir='ltr'><strong>sunt,</strong></span> <span class='ocrx_word' id='word_1_366' title='bbox 237 2735 334 2773; x_wconf 92' lang='lat' dir='ltr'><strong>inter</strong></span> <span class='ocrx_word' id='word_1_367' title='bbox 353 2750 393 2773; x_wconf 93' lang='lat' dir='ltr'><strong>se</strong></span> <span class='ocrx_word' id='word_1_368' title='bbox 413 2737 640 2783; x_wconf 87' lang='lat' dir='ltr'><strong>deliberant,</strong></span> <span class='ocrx_word' id='word_1_369' title='bbox 654 2737 745 2788; x_wconf 86' lang='lat' dir='ltr'><strong>quid</strong></span> <span class='ocrx_word' id='word_1_370' title='bbox 766 2751 864 2789; x_wconf 87' lang='lat' dir='ltr'><strong>opus</strong></span> <span class='ocrx_word' id='word_1_371' title='bbox 884 2737 991 2775; x_wconf 88' lang='lat' dir='ltr'><strong>factu</strong></span> <span class='ocrx_word' id='word_1_372' title='bbox 1013 2736 1072 2774; x_wconf 72' lang='lat' dir='ltr'><strong>sit·</strong></span> <span class='ocrx_word' id='word_1_373' title='bbox 1131 2735 1319 2773; x_wconf 86' lang='lat' dir='ltr'><strong>Placebat</strong></span> <span class='ocrx_word' id='word_1_374' title='bbox 1331 2736 1572 2787; x_wconf 90' lang='lat' dir='ltr'><strong>vadibusque</strong></span> 
     </span>
     <span class='ocr_line' id='line_1_44' title="bbox 114 2797 1571 2850; baseline 0.001 -16"><span class='ocrx_word' id='word_1_375' title='bbox 114 2797 342 2847; x_wconf 82' lang='lat' dir='ltr'><strong>caeterisque</strong></span> <span class='ocrx_word' id='word_1_376' title='bbox 366 2800 555 2844; x_wconf 85' lang='lat' dir='ltr'><strong>omnibus,</strong></span> <span class='ocrx_word' id='word_1_377' title='bbox 577 2800 791 2849; x_wconf 79' lang='lat' dir='ltr'><strong>Agoratum</strong></span> <span class='ocrx_word' id='word_1_378' title='bbox 811 2812 926 2850; x_wconf 89' lang='lat' dir='ltr'><strong>quam</strong></span> <span class='ocrx_word' id='word_1_379' title='bbox 948 2798 1133 2836; x_wconf 89' lang='lat' dir='ltr'><strong>citissime</strong></span> <span class='ocrx_word' id='word_1_380' title='bbox 1153 2810 1172 2834; x_wconf 92' lang='lat' dir='ltr'><strong>e</strong></span> <span class='ocrx_word' id='word_1_381' title='bbox 1194 2798 1323 2835; x_wconf 87' lang='lat' dir='ltr'><strong>medio</strong></span> <span class='ocrx_word' id='word_1_382' title='bbox 1344 2799 1571 2836; x_wconf 87' lang='lat' dir='ltr'><strong>submoveri.</strong></span> 
     </span>
     <span class='ocr_line' id='line_1_45' title="bbox 115 2859 1573 2911; baseline 0.001 -15"><span class='ocrx_word' id='word_1_383' title='bbox 115 2859 313 2898; x_wconf 86' lang='lat' dir='ltr'><strong>Curabant</strong></span> <span class='ocrx_word' id='word_1_384' title='bbox 341 2861 468 2910; x_wconf 85' lang='lat' dir='ltr'><strong>itaque</strong></span> <span class='ocrx_word' id='word_1_385' title='bbox 497 2874 562 2910; x_wconf 81' lang='lat' dir='ltr'><strong>par</strong></span> <span class='ocrx_word' id='word_1_386' title='bbox 588 2862 755 2899; x_wconf 88' lang='lat' dir='ltr'><strong>lintrium</strong></span> <span class='ocrx_word' id='word_1_387' title='bbox 784 2862 831 2900; x_wconf 84' lang='lat' dir='ltr'><strong>ad</strong></span> <span class='ocrx_word' id='word_1_388' title='bbox 859 2860 1109 2911; x_wconf 87' lang='lat' dir='ltr'><strong>Munychiam</strong></span> <span class='ocrx_word' id='word_1_389' title='bbox 1139 2860 1343 2911; x_wconf 81' lang='lat' dir='ltr'><strong>applicari:</strong></span> <span class='ocrx_word' id='word_1_390' title='bbox 1373 2874 1449 2911; x_wconf 91' lang='lat' dir='ltr'><strong>quo</strong></span> <span class='ocrx_word' id='word_1_391' title='bbox 1470 2861 1573 2898; x_wconf 85' lang='lat' dir='ltr'><strong>facto</strong></span> 
     </span>
    </p>
   </div>
  </div>
 </body>
</html>
