1822 3219
228 149 278 186 90
794 150 1099 189 ANDOCIDIS

225 252 264 290 in
289 251 500 291 carrhucha
525 259 676 291 vectum
702 254 739 291 in
770 253 1004 306 Prytaneum
1028 256 1290 302 arcessebant,
1309 256 1360 294 ibi
1386 256 1670 301 coronandum:

226 315 480 365 coenabatque
498 327 586 353 cum
604 315 840 366 prytanibus.

284 378 344 415 11.
367 375 536 414 Primum
553 377 706 427 quidem
724 377 820 424 haec,
833 378 916 422 viri,
935 379 1045 416 vobis
1068 379 1141 431 ipsi
1160 392 1182 417 a
1197 379 1223 417 d
1243 378 1464 417 memoriam
1483 387 1674 426 revocate,

224 445 415 490 quotquot
451 446 531 476 tum
569 439 805 486 interfuistis,
835 448 1070 492 caeterosque
1106 450 1275 480 vestrum
1313 448 1504 492 quotquot
1535 443 1671 482 harum

223 510 348 539 rerum
378 500 470 538 nihil
499 507 632 538 tenent
660 501 819 544 docete3
849 501 987 540 deinde
1014 511 1056 540 tu
1083 504 1173 541 mihi
1199 510 1395 555 prytanas,
1417 504 1483 554 qui
1502 510 1584 542 tum
1604 504 1670 543 iilo

223 562 370 602 honore
388 561 660 613 fungebantur,
681 562 780 600 intro
799 575 906 607 voca,
928 563 1185 603 Philocratem
1204 571 1243 603 et
1261 565 1441 615 reliquos.

842 649 1056 688 TESTES.

222 721 309 773 Age
343 721 424 773 jam
464 722 620 759 nomina
661 733 815 772 quoque
849 720 957 758 vobis
998 720 1145 758 recitari
1182 721 1324 759 curabo
1359 721 1538 766 virorum,
1574 731 1673 770 quos

224 783 422 822 Dioclides
446 783 513 821 illo
539 782 575 820 in
602 782 728 821 indice
760 781 970 827 annotavit,
990 795 1067 833 quo
1099 781 1241 827 sciatis,
1265 788 1361 833 quot
1391 782 1455 820 ille
1487 787 1674 833 cognatos

222 844 313 883 mihi
346 845 539 897 perditum
576 844 662 882 ierit
693 851 806 894 atque
842 843 1100 881 necessarios:
1131 842 1294 894 primurn
1324 842 1481 893 quidem
1510 849 1674 893 patrem,

222 906 362 945 deinde
381 919 471 944 vero
489 905 627 943 sororis
648 905 838 950 maritum,
859 904 965 941 illurn
986 903 1221 942 declarando
1237 904 1447 949 conscium,
1464 902 1569 941 hunc
1584 915 1674 940 vero

222 981 268 1007 eo
289 967 395 1019 quod
415 967 614 1005 affirmaret
628 967 665 1004 in
681 966 762 1017 ejus
780 966 894 1004 domo
910 965 1165 1017 [conjuratos]
1179 966 1402 1004 convenisse
1416 965 1508 1015 [veh
1527 977 1566 1002 se
1582 976 1675 1002 con-

223 1042 399 1081 gressum
422 1041 508 1066 esse
534 1041 621 1066 cum
651 1027 892 1079 conjuratis}
948 1026 1194 1077 Reliquorum
1224 1027 1385 1066 audietis
1415 1026 1569 1070 nomina
1592 1027 1671 1077 jam

223 1091 367 1128 statim.
426 1089 565 1127 Recita
584 1096 625 1126 tu
645 1088 748 1139 ipsis.
1447 1087 1450 1090 ⁴

307 1166 485 1198 Charmides
500 1165 686 1196 Aristotelis.

223 1236 303 1274 Hie
327 1233 578 1274 consobrinus
602 1245 711 1270 meus
734 1238 812 1271 est:
843 1238 963 1271 mater
982 1232 1083 1270 enim
1103 1232 1186 1284 ejus
1205 1245 1391 1283 meusque
1410 1239 1518 1285 pater
1535 1231 1671 1270 iisdem

223 1303 337 1336 erant
356 1295 449 1334 editi
469 1293 704 1346 parentibus.

303 1383 449 1413 Taureas.

225 1458 298 1496 Hic
316 1463 377 1496 est
393 1455 494 1508 patri
512 1466 600 1492 meo
617 1453 880 1492 consobrinus.

307 1544 442 1576 Nisaeus.

222 1620 341 1660 Filius
359 1620 533 1658 Taureae.

309 1706 421 1737 Callias
437 1705 630 1737 Alemaeonis.

220 1785 330 1825 Alius
350 1785 413 1823 hic
432 1790 489 1822 est
508 1783 627 1835 patris
647 1781 907 1820 consobrinus.

306 1872 494 1911 Euphemus.

225 1950 359 1988 Frater
378 1947 513 1986 Calliae
533 1947 599 1997 qui
617 1945 781 1984 Teleclis
801 1943 900 1982 filius
921 1950 994 1982 est.

307 2034 496 2075 Phrynichus
511 2033 654 2063 Saitator.

222 2110 298 2149 Hic
318 2121 426 2147 meus
444 2114 505 2146 est
522 2106 785 2145 consobrinus.

309 2196 468 2231 Euorates,
479 2193 579 2225 Nioiae
594 2193 696 2223 frater.

222 2265 347 2304 Penes
365 2277 479 2316 quem
500 2262 634 2301 Calliae
655 2274 760 2299 soror
777 2267 846 2299 est.

307 2350 433 2381 Critias.

223 2418 349 2457 Etiam
373 2417 435 2455 hic
457 2416 574 2468 patris
599 2422 659 2454 est
679 2415 951 2453 consobrinus:
982 2414 1181 2453 amborum
1203 2415 1305 2453 enim
1325 2423 1464 2455 matres
1483 2426 1592 2458 erant
1609 2433 1671 2460 so·

221 2494 340 2520 rores.
398 2479 482 2517 Hos
509 2492 640 2516 omnes
665 2477 860 2515 Dioclides
889 2477 927 2514 in
957 2475 1031 2514 illis
1057 2477 1312 2528 quadraginta
1338 2478 1425 2516 viris
1449 2481 1659 2521 nominavit

222 2554 385 2593 quorum
402 2540 558 2578 nomina
575 2540 730 2577 tenebat
746 2538 861 2575 index
880 2538 929 2574 ab
950 2550 996 2575 eo
1016 2538 1164 2576 senatui
1183 2538 1383 2577 exhibitus.

280 2607 341 2644 12.
372 2604 455 2642 Nos
474 2601 602 2653 itaque
624 2614 757 2638 omnes
776 2607 969 2651 quotquot
987 2601 1199 2638 secundum
1225 2601 1328 2638 istud
1357 2601 1546 2642 Dioclidis
1573 2605 1672 2645 indi-

220 2667 322 2705 cium
340 2663 605 2716 comprehensi
624 2670 664 2700 et
683 2662 827 2700 carceri
845 2661 1014 2698 mandati
1036 2661 1244 2707 fueramus,
1263 2674 1382 2711 quum
1401 2675 1479 2701 una
1497 2677 1671 2707 essemus

221 2728 357 2766 eodem
377 2727 414 2764 in
434 2738 586 2764 carcere
605 2723 854 2775 compedibus
876 2723 964 2759 nexi
984 2730 1023 2759 et
1041 2735 1118 2760 nox
1141 2728 1245 2759 esset
1268 2723 1477 2774 clausoque
1502 2739 1671 2774 carcere,

222 2788 399 2826 admissae
418 2801 442 2825 a
459 2786 689 2838 janitoribus
708 2785 892 2830 venirent,
913 2784 960 2821 ad
979 2783 1097 2822 alium
1116 2791 1248 2830 mater,
1269 2783 1317 2821 ad
1336 2784 1451 2823 alium
1480 2799 1599 2834 soror,
1618 2791 1669 2829 ad

220 2850 336 2889 alium
366 2862 460 2887 uxor
486 2861 574 2887 cum
603 2847 746 2894 liberis,
772 2853 812 2885 et
836 2858 966 2885 carcer
994 2845 1232 2895 comploratu
1253 2855 1450 2886 resonaret
1469 2854 1586 2899 atque
1611 2851 1667 2890 la·

1662 2513 1672 2532 5
