1822 3219
293 189 372 225 ⁴258
932 190 1106 228 LYSIAE

289 289 438 339 'eripere
473 289 646 328 manibus
679 291 822 328 ultricis
851 290 1011 341 justitiae
1047 290 1227 332 valeant;
1268 304 1336 328 vos
1369 298 1449 329 tum
1475 301 1608 333 contra
1633 295 1745 334 decet

289 348 398 387 istaee
431 350 619 400 meditari,
649 351 821 402 primum,
850 351 880 388 si
915 363 1046 388 omnes
1079 350 1269 388 Alcibiadi
1301 360 1429 389 essent
1455 354 1612 401 similes,
1630 356 1743 405 plane

291 410 383 448 nihil
404 424 500 462 opus
530 412 690 450 tribunis
720 413 881 449 militum
915 425 999 450 esse
1031 412 1197 449 futurum
1219 434 1270 439 ——
1288 413 1429 464 quippe
1459 415 1524 464 qui
1555 421 1636 452 tum
1665 429 1742 454 non

290 478 422 508 essent
434 471 597 510 habituri
613 473 752 522 quibus
769 473 1013 522 imperarent,
1027 473 1057 509 si
1075 485 1185 510 nemo
1200 479 1304 510 esset
1318 474 1381 523 qui
1400 486 1530 524 parere
1550 473 1663 512 vellet
1677 497 1743 521 -,

288 529 442 577 deinde,
462 533 582 569 multo
606 533 728 582 magis
748 531 952 570 convenire
971 531 1075 582 ipsis,
1096 532 1310 570 desertores
1331 533 1507 571 ordinum
1527 534 1742 572 militarium

288 603 470 630 accusare
497 606 611 643 quam
638 593 810 631 oratione
837 593 1056 630 defendere.
1115 594 1261 644 Ecquae
1291 595 1392 632 enim
1423 607 1511 645 spes
1543 596 1743 646 supererit,

286 652 368 690 fore
389 660 430 691 ut
451 653 528 691 sint
546 654 611 704 qui
632 654 814 691 mandata
833 654 1102 704 imperatorum
1123 654 1280 703 exsequi
1297 654 1427 700 velint,
1444 655 1475 692 si
1494 655 1742 705 imperatores

284 712 358 762 ipsi
379 715 591 752 turbatores
611 714 826 764 disciplinae
842 714 1012 751 militaris
1033 714 1177 764 eripere
1196 714 1477 752 discriminibus
1496 714 1632 765 capitis
1651 728 1743 753 con·

285 773 474 810 tendant?
518 775 671 812 Censeo
691 775 819 824 itaque
840 775 917 812 sic:
948 774 1156 811 Alcibiadis
1171 775 1320 825 patroni
1335 782 1451 824 atque
1472 775 1740 825 deprecatores

281 833 439 883 planum
460 833 491 871 si
511 834 671 871 fecerint
695 847 782 872 eum
803 835 839 871 in
861 835 1021 872 scutatis
1046 835 1231 872 militasse
1252 841 1318 871 aut
1337 835 1374 872 in
1395 847 1515 872 censu
1535 836 1739 886 probatum

280 901 499 943 equestrem
521 895 690 932 militiam
712 895 854 940 obisse,
873 901 953 932 tum
973 907 1060 932 eum
1079 908 1102 931 a
1120 895 1227 932 vobis
1248 895 1525 933 absolvendum
1543 909 1649 940 esse:
1681 897 1740 934 sin

281 964 424 1003 autem,
450 957 625 995 destituti
651 959 699 995 ab
725 958 827 994 omni
851 958 959 1008 justa
990 964 1028 994 et
1054 956 1224 1007 legitima
1255 969 1387 1002 causa,
1409 964 1538 995 tamen
1563 958 1740 1009 flagitent

279 1030 348 1055 vos
379 1018 471 1055 iram
504 1018 540 1054 in
574 1031 661 1055 eum
695 1018 842 1055 nullam
874 1030 1110 1068 expromere,
1132 1017 1347 1055 meminisse
1375 1017 1489 1055 decet
1512 1018 1599 1055 illos
1628 1018 1737 1056 vobis

276 1077 375 1114 velle
395 1079 548 1129 perjurii
561 1078 865 1128 defectionisque
881 1091 903 1115 a
916 1090 1050 1115 norma
1064 1077 1194 1127 legum
1210 1078 1412 1127 magistros
1426 1077 1527 1131 fieri,
1539 1078 1735 1128 studiique

277 1138 334 1175 sui
350 1138 639 1189 importunitate
656 1152 724 1190 pro
737 1138 930 1176 sceleratis
944 1137 1100 1175 nitentis
1115 1137 1258 1175 multos
1273 1137 1319 1174 ad
1337 1137 1586 1175 imitationem
1601 1151 1738 1176 eorun-

275 1197 362 1236 dem
384 1200 570 1236 malorum
591 1198 854 1249 exemplorum
874 1198 1043 1236 allicere.

330 1259 367 1295 6.
399 1259 520 1296 Miror
546 1259 741 1309 equidem,
764 1259 933 1310 judices,
959 1259 989 1296 si
1023 1258 1117 1308 quid
1143 1258 1261 1303 aliud,
1288 1259 1360 1297 hoc
1386 1259 1581 1309 imprimis,
1608 1259 1640 1297 si
1668 1259 1733 1309 qui

272 1325 442 1356 vestrum
463 1326 677 1364 autument,
693 1326 841 1356 tantam
861 1332 945 1356 esse
965 1326 1141 1368 oportere
1161 1319 1427 1356 auctoritatem
1445 1331 1513 1369 pro
1531 1319 1733 1357 Alcibiade

272 1377 475 1416 nitentium
500 1386 542 1416 ut
565 1379 694 1416 salvus
724 1379 795 1416 hoc
822 1393 842 1416 e
865 1379 1014 1429 judicio
1040 1384 1291 1428 servatusque
1322 1391 1389 1429 per
1413 1379 1514 1428 ipsos
1543 1379 1731 1424 discedat,

271 1438 494 1488 nullamque
536 1439 669 1476 haberi
710 1438 896 1476 rationem
932 1438 1205 1475 scelerositatis
1243 1450 1320 1488 qua
1353 1445 1525 1476 extrema
1565 1452 1730 1489 quaeque

268 1499 448 1549 exempla
477 1499 636 1536 meritus
670 1505 741 1536 est.
801 1499 888 1541 Qua
908 1498 956 1535 de
977 1498 1240 1536 scelerositate
1261 1497 1470 1536 Alcibiadis
1504 1499 1631 1537 doceri
1663 1513 1729 1538 vos

270 1558 428 1609 dignum
454 1559 628 1605 arbitror,
648 1572 724 1610 quo
745 1559 838 1596 certi
856 1559 951 1604 sitis,
973 1565 1076 1596 recte
1096 1571 1164 1595 vos
1183 1558 1287 1595 haud
1308 1571 1393 1595 esse
1412 1559 1584 1597 facturos
1605 1559 1636 1598 si
1654 1560 1730 1598 hoc

267 1632 356 1657 eum
377 1621 531 1658 nomine
551 1620 775 1666 absolvatis,
791 1619 909 1670 quod,
930 1632 1017 1657 cum
1037 1619 1111 1656 hac
1132 1632 1208 1656 una
1223 1619 1259 1656 in
1276 1631 1316 1656 re
1333 1618 1574 1668 deliquisset,
1595 1628 1674 1657 tum
1690 1621 1728 1658 in

265 1680 425 1730 reliquis
454 1688 582 1718 tamen
611 1681 788 1717 omnibus
816 1680 938 1718 civem
966 1693 1006 1717 se
1031 1680 1173 1717 bonum
1201 1687 1317 1729 atque
1351 1679 1487 1717 fortem
1518 1680 1726 1730 gessisset:

265 1741 451 1791 ejusmodi
472 1741 570 1778 enim
598 1747 688 1778 sunt
715 1740 862 1790 reliqua
887 1743 968 1787 ejus
992 1739 1162 1776 instituta
1181 1746 1219 1776 et
1239 1746 1341 1785 acta,
1361 1747 1415 1785 ut,
1437 1751 1483 1776 ea
1502 1740 1534 1777 si
1553 1741 1728 1786 teneatis,

265 1809 419 1854 propter
456 1803 541 1853 ipsa
577 1815 664 1840 eum
702 1814 852 1838 summo
882 1802 969 1851 jure
1007 1807 1128 1837 morte
1165 1800 1247 1837 sitis
1279 1801 1511 1838 mulctaturh
1566 1801 1729 1851 Oportet

264 1865 394 1915 itaque
410 1877 476 1901 vos
497 1876 543 1900 ea
562 1862 692 1913 qualia
712 1861 788 1898 sint
808 1873 1064 1911 cognoscere:
1097 1872 1185 1896 nam
1208 1867 1249 1897 ut
1269 1860 1556 1898 defendentium
1578 1861 1626 1900 de
1646 1864 1726 1902 suis

260 1925 465 1963 >virtutibus
498 1924 546 1961 de
579 1924 842 1974 majorumque
872 1920 1064 1959 beneficiis
1090 1921 1128 1957 in
1152 1933 1219 1957 vos
1247 1921 1398 1959 collatis
1429 1922 1723 1972 praedicationes

263 1999 341 2024 non
372 1984 641 2035 aspernamini,
671 1983 724 2020 ita
755 1994 886 2019 rursus
918 1988 1188 2018 accusatorum
1212 1993 1366 2031 quoque
1393 1982 1584 2021 orationes
1604 1984 1724 2034 aequis

263 2046 418 2084 auribus
449 2058 515 2083 vos
548 2045 721 2094 accipere
760 2048 1062 2081 consentaneum
1096 2047 1170 2086 est,
1205 2041 1431 2078 docentium
1465 2055 1552 2080 reos
1585 2042 1623 2080 in
1653 2057 1722 2082 vos

263 2108 384 2145 multa
403 2119 584 2157 peccasse
605 2105 652 2142 ab
672 2117 881 2153 eorumque
903 2101 1106 2153 majoribus
1127 2101 1373 2139 incommoda
1392 2115 1588 2153 noxasque
1606 2116 1721 2154 quam

259 2167 442 2218 plurimas
461 2167 511 2204 ad
530 2179 596 2203 vos
617 2178 703 2203 esse
723 2164 929 2215 profectas.

314 2229 351 2263 7.
383 2226 606 2264 Alcibiades
636 2227 764 2275 itaque
794 2225 855 2262 hic
880 2224 1006 2262 adhuc
1040 2237 1132 2275 puer
1163 2224 1262 2274 apud
1292 2224 1593 2270 Archedemum,
1613 2224 1718 2262 illum

258 2287 351 2337 lippi
378 2286 609 2337 cognomine
638 2286 900 2334 furtorumque
921 2285 1146 2321 enormitate
1168 2284 1409 2321 nobilitatum
1439 2284 1577 2334 quibus
1600 2297 1718 2334 pecu-

258 2347 349 2384 lium
365 2354 532 2384 vestrum
549 2346 802 2396 depeculatus
823 2351 897 2389 est,
910 2344 1013 2394 apud
1033 2344 1136 2381 hunc
1156 2357 1261 2393 ergo,
1278 2357 1406 2381 coram
1423 2344 1587 2382 testibus
1601 2358 1717 2395 quam

257 2406 443 2458 plurimis,
463 2411 658 2455 noctuque
680 2405 751 2441 sub
770 2403 903 2441 eadem
925 2416 1011 2440 cum
1033 2403 1098 2441 illo
1121 2404 1294 2453 stragula
1321 2405 1554 2442 accumbens
1578 2406 1717 2442 comis-

258 2468 414 2506 sabatur
443 2466 599 2514 diuque,
628 2465 800 2515 impuber
827 2477 914 2501 cum
945 2471 1072 2501 scorto
1101 2477 1348 2508 conversans,
1371 2468 1532 2512 majores
1552 2465 1606 2502 ita
1625 2478 1716 2503 suos

255 2529 422 2572 imitans,
456 2525 753 2575 existimansque
787 2532 971 2574 negatum
1007 2525 1077 2562 sibi
1108 2526 1189 2562 fore
1220 2525 1401 2562 adultiori
1435 2525 1536 2562 facto
1569 2525 1714 2564 clarum

256 2601 396 2627 nomen
429 2586 598 2637 adipisci,
625 2586 699 2622 nisi
734 2586 771 2622 in
802 2585 964 2635 pueritia
993 2585 1133 2622 famam
1168 2585 1331 2624 hominis
1361 2584 1568 2635 turpissimi
1598 2595 1714 2637 atque

255 2649 477 2701 nequissimi
504 2647 738 2697 collegisset.
796 2645 965 2696 Flagitiis
986 2645 1111 2696 palam
1133 2653 1171 2683 et
1192 2652 1324 2696 aperto
1344 2645 1469 2695 capite
1488 2646 1712 2684 exercendis

256 2724 344 2749 cum
365 2708 560 2748 infamiam
579 2705 844 2751 contraxisset,
865 2706 912 2743 ab
933 2706 1173 2743 Archebiade
1201 2706 1426 2756 objurgatus
1447 2712 1519 2743 est.
1580 2707 1712 2750 Quan-

253 2784 369 2822 quam
389 2771 436 2808 de
456 2783 514 2816 eo,
528 2768 693 2820 judices,
713 2778 891 2818 quaenam
907 2779 974 2804 vos
992 2773 1141 2817 oportet
1160 2766 1346 2811 arbitrari,
1369 2766 1434 2816 qui
1453 2766 1712 2816 flagitiositate

254 2843 401 2869 morum
421 2830 520 2868 illius
549 2829 668 2880 ipsius
698 2827 735 2865 in
761 2826 1011 2865 offensionem
1032 2827 1266 2872 incurrisset,
1288 2827 1351 2876 qui
1373 2826 1456 2864 aliis
1477 2826 1710 2877 flagitiorum

251 2891 435 2942 magister
464 2889 594 2928 esset?
651 2889 774 2926 Oreos
795 2887 996 2925 Theotimo
1025 2886 1259 2937 prodiderat,
1278 2899 1366 2924 cum
1393 2899 1469 2937 quo
1487 2886 1644 2932 insidias
1668 2888 1707 2926 in
