1822 3219
628 149 970 188 TETRALOGIA
1002 151 1051 187 11.
1508 150 1558 188 29

128 251 229 294 dere,
245 263 401 301 puerum
415 263 437 288 a
450 264 490 289 se
505 263 627 302 neque
642 251 757 288 ictum
772 264 892 301 neque
908 253 1160 289 exanimatum
1177 264 1274 289 esse.
1318 252 1435 290 Filius
1451 265 1558 290 meus

128 321 211 351 tum
226 313 419 364 temporiS,
433 326 550 363 quum
569 313 794 351 adolescens
814 314 874 351 hic
889 314 1058 364 jaculum
1079 314 1290 364 expediret,
1309 327 1330 351 a
1348 315 1561 364 paedotriba

120 374 371 422 jaculantium
397 375 470 412 tela
498 374 708 424 excipiente
735 380 771 412 et
796 375 998 425 colligente
1025 376 1253 412 vocabatur:
1297 374 1441 412 interea
1468 375 1560 412 dum

126 448 219 485 puer
239 436 413 480 accurrit,
435 436 656 473 adolescens
684 435 937 474 festinationis
961 442 1000 473 et
1019 436 1240 473 temeritatis
1270 436 1562 486 intemperantia

128 497 307 534 infestum
321 495 752 546 intorquebatjaculum,
763 497 879 546 quod,
890 496 1087 534 incurrens
1103 497 1137 533 in
1153 496 1268 533 filium
1285 509 1423 540 meum,
1438 496 1564 533 miser-

129 557 222 594 rimo
252 557 355 594 necis
381 568 520 605 genere
546 555 697 592 sustulit
722 556 923 601 insontem,
944 569 965 593 a
983 570 1060 607 quo
1086 570 1208 596 nemo.
1225 557 1425 606 quicquam
1446 556 1561 593 laesus

129 624 255 654 esset:
285 617 506 654 adolescens
526 624 665 663 autem,
685 629 730 654 eo
751 618 853 667 quod
873 618 910 654 in
930 618 1157 655 aestimando
1174 618 1364 655 laberetur
1383 616 1448 654 illo
1468 624 1564 653 tem-

129 690 218 727 pore
237 677 339 726 quod
359 677 497 714 insumi
525 678 622 715 solet
639 677 778 727 jaculis
808 678 1045 728 colligendis,
1065 692 1142 716 non
1175 679 1323 728 accepit
1351 678 1523 729 injuriam
1543 690 1566 716 a

129 737 205 774 filio
223 749 320 781 meo,
342 749 387 774 eo
406 737 508 786 quod
528 738 625 775 filius
645 750 750 774 meus
771 739 1023 777 intercesserit
1041 739 1244 789 quominus
1259 739 1428 787 Jaculum
1448 738 1566 790 ipsius

128 797 177 834 ad
197 803 333 834 metam
363 798 585 848 perveniret,
607 797 675 836 sed
699 799 824 849 potius
853 799 930 837 filio
956 813 1040 837 meo
1067 800 1255 850 insignem
1287 807 1326 837 et
1349 800 1564 837 luctuosam

128 857 210 907 ipse
229 858 334 895 dedit
353 858 540 908 injuriam,
556 872 601 897 eo
616 861 719 910 quod
739 867 878 898 metam
899 873 974 898 non
990 861 1092 898 illam
1112 860 1347 911 propositam
1365 873 1440 910 quo
1459 861 1567 898 colli-

129 931 230 956 mare
258 919 439 964 debebat,
461 920 529 957 sed
550 921 661 958 aliam
682 934 795 971 quam
817 934 892 958 non
913 922 1090 970 debebat,
1111 921 1248 959 misero
1268 921 1380 959 modo
1402 921 1567 972 mihique

129 982 351 1031 peracerbo,
370 980 493 1019 feriit:
525 982 577 1020 sic
597 983 729 1020 volens
750 982 902 1033 quidem
933 982 1048 1019 filium
1076 995 1201 1018 meum
1226 995 1300 1020 non
1320 981 1472 1027 occidit,
1492 982 1566 1019 imo

129 1054 219 1080 vero
239 1042 370 1080 volens
390 1055 513 1093 neque
532 1043 631 1081 feriit
649 1057 772 1094 neque
792 1043 944 1088 occidit,
959 1049 996 1080 at
1017 1042 1155 1080 invitus
1172 1042 1287 1080 nihilo
1302 1049 1429 1080 tamen
1444 1043 1567 1079 minus

130 1103 282 1148 occidit,
297 1116 410 1153 quam
428 1104 460 1141 si
479 1103 608 1142 volens
624 1105 791 1143 fecisset.
849 1105 1007 1154 Negans
1028 1105 1152 1154 itaque
1171 1117 1328 1154 puerum
1351 1116 1373 1141 a
1392 1116 1432 1141 se
1452 1104 1566 1141 inter-

131 1170 315 1214 emptum,
335 1170 448 1214 negat
465 1177 617 1215 quoque
639 1178 679 1203 se
700 1166 784 1216 lege
803 1165 921 1202 teneri
940 1165 1019 1209 illa,
1034 1178 1120 1214 quae
1140 1165 1246 1202 caede
1267 1165 1368 1201 omni
1386 1164 1567 1201 destricte

126 1225 322 1263 interdicit
347 1226 425 1263 sive
443 1227 551 1276 justa
580 1226 659 1265 sive
683 1226 838 1277 injusta.
897 1227 1018 1276 Atqui
1039 1227 1068 1263 si
1088 1227 1149 1263 hic
1167 1226 1360 1264 homicida
1387 1239 1464 1263 non
1494 1233 1568 1270 est,

130 1285 168 1323 in
189 1299 391 1335 quemnam
412 1287 527 1337 culpa
544 1287 660 1324 caedis
680 1287 897 1325 relabetur?
925 1288 963 1324 in
985 1294 1219 1338 spectatores
1240 1299 1344 1337 ergo,
1365 1300 1413 1324 an
1431 1286 1469 1323 in
1489 1299 1567 1337 pae-

130 1346 333 1397 dagogos?
379 1347 483 1397 atqui
514 1348 648 1385 horum
686 1348 840 1398 quidem
875 1360 987 1385 nemo
1025 1360 1242 1398 quenquam
1275 1347 1354 1385 ulla
1386 1360 1433 1384 ex
1463 1354 1570 1398 parte

131 1411 295 1448 incusat.
353 1409 456 1459 Ergo
480 1423 502 1447 a
521 1411 670 1448 nemine
698 1416 914 1461 peremptus
944 1416 1003 1447 est
1033 1410 1131 1447 filius
1161 1409 1293 1447 meus?
1339 1410 1472 1460 Atqui,
1493 1423 1569 1447 non

132 1473 306 1516 obscura,
319 1472 387 1509 sed
402 1472 461 1509 vel
483 1473 592 1510 nimis
611 1473 724 1510 etiam
739 1480 845 1510 certa
862 1479 900 1510 et
918 1472 957 1508 in
976 1471 1177 1522 propatulo
1196 1473 1324 1522 posita
1343 1473 1469 1510 caedes
1487 1473 1569 1523 ejus

134 1539 204 1570 est.
262 1533 348 1583 Ego
382 1532 509 1582 itaque
541 1541 643 1571 recte
678 1546 794 1584 urgeo
826 1533 962 1582 legem,
993 1546 1079 1582 quae
1110 1533 1198 1569 mihi
1230 1541 1332 1571 recte
1364 1534 1572 1584 praecipere

132 1593 294 1639 videtur,
313 1600 356 1630 ut
374 1593 566 1632 homicida
584 1595 775 1645 puniatur.
834 1594 933 1630 Nam
954 1593 1100 1631 etiamsi
1121 1594 1258 1631 invitus
1279 1594 1476 1639 occiderit,
1495 1607 1571 1632 non

135 1654 222 1692 ideo
247 1664 373 1692 tamen
401 1654 655 1693 absolvendus
681 1655 750 1693 erit
778 1654 898 1705 poenis
926 1661 1060 1705 praeter
1080 1654 1314 1692 voluntatem
1336 1655 1567 1692 contractis:

134 1722 174 1753 et
192 1721 422 1766 peremptus,
440 1717 492 1753 nil
513 1716 598 1754 ideo
624 1716 747 1754 minus
773 1717 901 1760 laesus,
924 1715 1026 1766 quod
1049 1728 1071 1752 a
1090 1715 1239 1753 nolente
1264 1722 1482 1766 peremptus
1511 1715 1572 1760 sit,

135 1790 249 1827 quam
274 1776 305 1813 si
336 1789 359 1814 a
378 1776 529 1814 volente
559 1784 777 1828 peremptus
811 1783 924 1821 esset,
945 1776 1118 1827 injuriam
1149 1776 1280 1826 utique
1313 1777 1515 1827 acciperet,
1542 1777 1572 1813 si

136 1837 290 1888 sanguis
322 1837 402 1887 ejus
432 1837 573 1876 inultus
598 1851 751 1876 manare
781 1838 979 1876 sineretur.
1034 1837 1179 1875 Erroris
1206 1837 1333 1887 utique
1353 1837 1573 1875 infelicitate

136 1898 266 1949 lapsus
286 1905 342 1935 est
360 1897 575 1936 homicida:
605 1906 644 1936 at
658 1912 732 1936 non
753 1899 839 1936 ideo
859 1905 984 1936 tamen
1005 1905 1159 1949 propter
1177 1897 1278 1935 illam
1295 1898 1428 1935 erroris
1445 1898 1501 1935 sui
1517 1899 1576 1935 in-

135 1959 356 1996 felicitatem
372 1959 610 1998 absolutione
623 1960 762 2011 dignus
777 1967 847 1997 est.
889 1959 1003 2003 Nam,
1021 1961 1098 1997 sive
1111 1972 1213 1996 error
1228 1959 1258 1996 is
1273 1972 1373 1996 mere
1386 1959 1574 1996 humanus

136 2020 206 2058 fuit
225 2019 301 2057 sive
320 2019 431 2056 etiam
452 2021 616 2058 numinis
637 2021 719 2058 irati
738 2021 940 2058 intervenit
963 2020 1187 2063 adversitas,
1209 2027 1315 2070 paret
1334 2033 1419 2057 eum
1441 2022 1573 2057 erroris

136 2093 284 2131 poenam
303 2080 403 2118 haud
419 2093 532 2130 posse
548 2080 714 2131 effugere
729 2094 738 2124 ;
770 2083 848 2118 sive
864 2082 962 2118 enim
978 2081 1199 2118 infelicitate
1215 2080 1380 2130 quadam
1397 2094 1488 2117 usus
1505 2088 1574 2125 est,

137 2155 159 2180 a
182 2155 259 2192 qua
283 2155 421 2178 numen
447 2142 612 2178 divinum
636 2155 789 2192 prorsus
819 2142 952 2186 abfuit,
972 2141 1146 2192 peccavit
1165 2147 1305 2186 tamen,
1328 2147 1365 2178 et
1390 2142 1452 2191 qui
1483 2154 1574 2191 pec-

135 2203 400 2253 cavit,poenas
430 2203 578 2253 peccati
611 2203 701 2240 dare
733 2203 978 2240 commeruit:
1020 2203 1078 2239 sin
1107 2208 1231 2239 autem
1262 2202 1418 2252 insuper
1448 2202 1575 2239 divina

136 2264 312 2315 quaedam
331 2263 483 2301 macula
501 2263 701 2301 homicidae
718 2264 911 2308 insederit,
928 2263 1082 2300 numine
1098 2263 1254 2313 impium
1273 2262 1478 2300 iracundiae
1495 2275 1575 2300 suae

135 2325 256 2376 poenis
285 2325 516 2375 exagitante,
539 2326 646 2363 nefas
667 2326 715 2362 sit
733 2325 905 2363 homines
935 2334 1043 2362 natos
1071 2324 1305 2362 intercedere
1328 2323 1422 2361 velle
1444 2325 1575 2361 verbe-

136 2387 239 2424 ribus
267 2386 381 2423 divini
410 2385 565 2436 flagelli.
623 2385 766 2423 Verum
796 2391 1009 2436 opponunt,
1036 2384 1139 2422 haud
1169 2384 1304 2421 decere
1337 2383 1446 2421 malis
1482 2383 1578 2421 affici

135 2447 306 2485 homines
327 2447 440 2496 frugi,
454 2446 642 2484 honestati
665 2446 836 2490 deditos;
867 2459 938 2484 nos
961 2452 1099 2489 autem,
1112 2445 1176 2495 qui
1195 2457 1342 2482 morum
1358 2452 1575 2482 nostrorum

136 2508 238 2546 haud
258 2509 377 2546 minus
399 2507 733 2559 approbaverimus
754 2507 1010 2553 sanctitatem,
1025 2506 1155 2544 mortis
1172 2506 1368 2543 immeritae
1390 2513 1427 2543 et
1445 2506 1580 2555 impro-

136 2569 226 2606 visae
245 2568 348 2606 luctu
376 2569 534 2606 cruciari
555 2569 663 2619 ecqui
685 2569 914 2606 conveniat?
961 2568 1037 2604 Sed
1059 2567 1173 2618 culpa
1193 2580 1233 2605 se
1254 2566 1306 2604 ait
1324 2579 1480 2608 vacare;
1512 2579 1576 2604 ca-

137 2628 328 2667 lamitates
348 2630 390 2666 iis
410 2629 579 2680 postulat
597 2629 758 2679 relinqui
779 2629 842 2679 qui
865 2628 1118 2680 peccaverint,
1138 2642 1213 2666 non
1235 2633 1360 2665 autem
1390 2627 1426 2663 in
1448 2627 1575 2664 inson-

141 2689 232 2726 tium
258 2691 383 2740 capita
411 2691 647 2740 detorqueri:
678 2704 820 2736 verum,
841 2703 887 2728 ea
917 2690 1061 2735 dicens,
1081 2703 1148 2740 pro
1173 2689 1281 2726 nobis
1312 2687 1416 2724 dicit.
1474 2687 1576 2725 Nam

141 2748 238 2786 filius
257 2763 364 2787 meus
396 2751 512 2802 culpa
531 2758 654 2796 vacat,
674 2752 862 2788 neminem
883 2750 961 2788 ulla
980 2750 1016 2787 in
1038 2763 1077 2787 re
1099 2748 1278 2790 offendit;
1310 2748 1413 2797 quod
1435 2748 1466 2785 si
1486 2762 1577 2799 ergo

142 2810 298 2859 sanguis
327 2812 409 2860 ejus
432 2812 577 2850 inultus
608 2819 771 2856 maneat,
793 2812 840 2849 ab
869 2812 942 2849 hoc
972 2811 1214 2849 adolescente
1241 2816 1377 2859 praeter
1405 2811 1576 2847 meritum

143 2870 300 2915 effusus,
323 2871 494 2921 injuriam
523 2873 653 2922 utique
683 2873 868 2924 accipiat:
899 2880 937 2910 et
961 2884 1045 2922 ego,
1068 2871 1130 2920 qui
1162 2870 1279 2921 magis
1308 2870 1435 2916 etiam,
1461 2883 1576 2920 quam
