1822 3219
254 185 324 223 142
826 185 1132 225 ANDOCIDIS

246 287 317 325 etsi
346 300 369 324 a
396 287 582 339 sociisque
607 289 828 340 civibusque
857 290 1079 341 largitiones
1109 289 1316 340 acceptarit
1341 295 1378 328 et
1404 290 1453 327 ab
1475 290 1600 329 invitis
1628 302 1695 329 ex·

247 350 429 399 presserit
444 358 484 388 et
498 351 684 400 quosdam
702 351 799 389 adeo
813 365 899 389 cum
915 352 1162 389 facultatibus
1177 351 1262 401 ipsa
1277 350 1355 388 vita
1371 351 1553 401 spoliarit,
1566 361 1694 390 tamen

248 409 322 447 hoc
343 417 397 448 tot
416 418 686 462 tantorumque
707 413 918 450 facinorum
940 413 1027 450 tulit
1046 413 1258 463 praemium,
1272 419 1315 450 ut
1333 412 1369 449 in
1389 412 1581 464 Prytaneo
1600 427 1695 465 epu-

246 470 357 517 letur,
371 479 411 510 et
423 481 608 523 praeterea
622 487 708 512 cum
730 475 829 512 fastu
849 474 1013 525 odioque
1029 474 1256 512 intolerabili
1277 475 1313 512 in
1334 474 1399 512 illa
1416 488 1500 513 sese
1515 477 1696 514 ementita

244 533 403 572 victoria
422 534 650 586 Olympiaca
664 537 797 586 jactet,
813 538 922 587 quasi
938 549 1014 574 non
1036 550 1154 588 remp.
1169 537 1233 574 illa
1255 537 1411 575 victoria
1433 536 1551 575 multo
1571 537 1693 588 magis

243 595 469 635 infamasset
488 611 600 647 quam
621 606 856 636 coronasset.
915 599 1165 637 Considerare
1187 607 1300 650 atque
1322 599 1503 637 memoria
1522 607 1692 651 repetere

242 657 272 694 si
293 658 442 705 voletis,
460 659 496 696 in
518 659 652 710 coeptis
674 661 854 710 ausisque
876 660 1083 699 Alcibiadis
1105 661 1226 698 multa
1256 661 1453 699 invenietis
1480 673 1566 699 esse
1592 661 1693 712 ejus·

245 719 363 764 modi,
382 727 423 756 ut
444 720 519 765 alii,
537 721 599 771 qui
620 729 764 772 partem
786 735 916 759 eorum
938 722 1052 759 ullam
1075 722 1246 773 quamvis
1265 723 1448 760 minutam
1468 722 1518 760 ad
1539 729 1692 773 tempus

245 781 419 830 quamvis
448 782 562 819 breve
592 790 1025 828 tentassent-exercere,
1045 797 1122 821 rem
1152 797 1301 821 omnem
1333 796 1441 821 suam
1470 783 1695 821 familiarem

244 844 592 894 pessumdederint.
633 845 708 883 Hic
725 853 868 892 autem,
883 846 1030 884 nullum
1048 859 1123 884 non
1142 846 1302 884 luxuriae
1319 859 1439 897 genus
1459 845 1592 883 insana
1606 857 1694 883 cum

246 906 542 956 sumptuositate
558 913 670 958 atque
689 907 957 958 prodigalitate
974 921 1169 953 exercens,
1184 921 1261 945 rem
1281 907 1500 959 geminavit.
1557 905 1696 944 Soletis

244 979 312 1005 vos
331 968 501 1018 quidem,
521 982 634 1019 parce
655 976 770 1020 atque
790 969 988 1020 frugaliter
1007 969 1222 1008 victitantes
1244 977 1282 1007 et
1303 969 1351 1007 ad
1373 982 1450 1007 rem
1477 967 1695 1018 augendam

245 1035 426 1074 attentos,
450 1042 564 1080 opum
594 1037 633 1067 et
660 1031 908 1080 pecuniarum
937 1031 1098 1081 cupidos
1129 1030 1371 1081 appellitare;
1401 1030 1468 1068 sed
1496 1029 1692 1067 fallimini:

244 1089 282 1126 hi
303 1101 380 1127 non
401 1098 501 1128 sunt.
560 1091 684 1129 Nemo
703 1099 764 1130 est
781 1092 877 1130 lucri
898 1092 1084 1143 cupidior,
1106 1105 1219 1143 quam
1242 1098 1400 1142 nepotes
1420 1098 1459 1128 et
1478 1102 1693 1142 ganeones:

244 1152 282 1189 hi
303 1165 378 1203 quo
400 1153 570 1203 pluribus
591 1154 776 1205 indigent,
791 1155 863 1192 hoc
883 1155 1043 1192 foediore
1059 1162 1172 1204 atque
1189 1154 1396 1191 sordidiore
1411 1167 1498 1191 cum
1515 1153 1695 1191 aviditate

244 1215 427 1266 pecunias
448 1216 694 1266 conquirunt.
752 1216 919 1254 Facinus
940 1216 1066 1266 itaque
1087 1215 1135 1253 de
1152 1215 1256 1253 vobis
1273 1215 1409 1253 edituri
1430 1215 1512 1253 sitis
1527 1214 1695 1252 foedissi-

243 1289 359 1321 mum,
375 1276 406 1313 si
427 1277 587 1314 caritate
608 1277 849 1328 amplectami
869 1277 1064 1327 velutique
1083 1276 1120 1314 in
1141 1276 1261 1314 oculis
1281 1276 1557 1314 circumferatis
1576 1276 1694 1320 hunc,

244 1407 358 1451 atque
388 1400 658 1439 scelerositatis
689 1401 804 1444 fecit3
850 1408 1053 1452 postquam
1085 1414 1149 1438 vos
1183 1401 1296 1438 iidem
1328 1400 1489 1438 Calliam
1522 1400 1693 1451 Didymii

244 1462 376 1507 filium,
395 1463 458 1512 qui
479 1464 727 1500 certaminum
750 1476 879 1500 eorum
906 1463 1090 1508 omnium,
1109 1462 1247 1513 quibus
1267 1475 1419 1499 coronae
1439 1461 1474 1498 in
1497 1462 1693 1511 pr-aemium

244 1524 495 1562 contentionis
510 1531 598 1562 sunt
614 1525 832 1575 propositae,
848 1525 1023 1562 victorias
1042 1526 1132 1575 [non
1152 1523 1259 1574 equis
1278 1522 1522 1571 alienis,sed]
1534 1533 1693 1573 corpore

244 1598 315 1623 suo
336 1586 486 1624 meritas
508 1587 678 1634 abstulit,
693 1586 890 1624 testulario
905 1586 1049 1638 judicio
1069 1585 1366 1623 condemnatum
1383 1598 1430 1623 ex
1446 1585 1538 1622 urbe
1557 1584 1693 1635 ejecis-

243 1647 465 1698 setis‚pensi
482 1661 557 1686 non
570 1647 882 1698 facientes‚quod
892 1660 1089 1685 nervorum
1104 1659 1255 1684 suorum
1272 1646 1515 1684 contentione
1531 1645 1690 1696 gloriam

242 1708 333 1758 reip.
355 1709 577 1760 peperisset.
635 1708 906 1748 Recordamini
926 1721 1080 1759 quoque
1106 1708 1334 1746 fortitudinis
1362 1715 1400 1745 et
1428 1707 1692 1745 sanctimoniae

243 1771 427 1822 majorum
458 1779 684 1817 vestrorum,
712 1772 778 1821 qui
810 1771 1022 1815 Cimonem,
1052 1771 1101 1808 ob
1129 1769 1255 1820 legum
1286 1776 1545 1820 contemptum
1575 1779 1615 1807 et
1642 1769 1691 1806 ob

242 1832 392 1870 facinus
405 1846 425 1871 a
441 1833 560 1884 patrio
574 1834 648 1870 ritu
665 1833 873 1870 abhorrens
890 1838 1070 1883 (sororem
1088 1832 1235 1870 scilicet
1250 1831 1386 1868 Cimon
1400 1831 1437 1867 in
1452 1830 1692 1869 matrimonio

243 1893 440 1941 habebat),
464 1895 557 1932 urbe
579 1895 782 1946 jusserunt
803 1894 1004 1945 emigrare,
1031 1894 1166 1931 tamesi
1193 1905 1267 1930 non
1297 1893 1433 1930 Cimon
1458 1892 1595 1937 solum,
1624 1892 1693 1930 sed

241 1955 356 1993 etiam
385 1964 492 2007 pater
522 1957 605 2008 ejus
636 1956 830 1994 Miltiades
859 1969 977 2006 remp.
1004 1955 1136 2006 palmis
1169 1955 1383 2006 Olympicis
1413 1962 1690 1992 exornassent:

242 2018 566 2055 verumenimvero
587 2019 695 2068 pensi
716 2031 791 2055 non
814 2017 1004 2055 faciebant
1024 2017 1107 2054 illas
1128 2017 1327 2060 victorias:
1359 2029 1484 2067 neque
1510 2029 1530 2053 e
1555 2016 1692 2067 palmis

245 2079 512 2125 certaminum,
534 2079 603 2117 sed
623 2093 643 2117 e
664 2079 814 2125 studiis,
835 2092 1026 2131 quemque
1044 2079 1285 2130 judicabant.

303 2142 363 2178 12.
394 2140 542 2178 Gentes
562 2153 674 2192 porro
695 2149 842 2179 nostras
864 2141 960 2178 inter
986 2154 1025 2178 se
1050 2141 1080 2178 si
1107 2140 1327 2185 conferatis,
1349 2140 1454 2177 nullo
1473 2139 1587 2177 modo
1607 2138 1694 2176 mihi

244 2202 447 2240 conveniet
467 2216 588 2253 genus
611 2203 684 2240 hoc
700 2215 842 2253 poenae:
873 2216 950 2240 non
967 2202 1065 2239 enim
1080 2202 1190 2239 facile
1206 2202 1266 2247 sit,
1281 2201 1347 2251 qui
1361 2201 1513 2244 doceat,
1527 2200 1564 2237 in
1581 2207 1694 2250 gente

245 2276 331 2300 mea
349 2263 464 2300 ullam
485 2276 652 2313 unquam
672 2264 804 2307 fuisse,
822 2277 868 2302 ea
888 2277 998 2301 usum
1020 2257 1251 2306 calamitate,
1273 2269 1314 2299 ut
1334 2274 1400 2313 per
1420 2261 1579 2299 testulas
1602 2262 1695 2299 urbe

245 2324 520 2375 expelleretur3
553 2323 762 2361 Alcibiadis
783 2331 911 2361 autem
934 2323 1037 2375 genti
1056 2324 1108 2361 ita
1127 2331 1187 2361 est
1207 2324 1397 2374 proprium
1425 2330 1465 2360 et
1490 2322 1599 2373 quasi
1627 2322 1695 2360 do-

247 2387 460 2433 mesticum,
480 2394 523 2424 ut
543 2387 683 2424 nemini
704 2387 993 2424 Atheniensium
1016 2386 1184 2424 omnium
1211 2386 1272 2423 alii
1298 2385 1430 2436 magis,
1452 2398 1567 2436 quam
1593 2384 1697 2431 huic,

242 2449 460 2487 conveniat.
518 2449 617 2486 Nam
640 2458 678 2485 et
697 2456 890 2486 maternus
911 2451 992 2495 ejus
1014 2458 1106 2485 avus
1129 2447 1326 2498 Megacles
1352 2454 1390 2485 et
1418 2454 1598 2498 paternus
1626 2445 1697 2496 ipsi

247 2510 486 2561 cognominis
503 2510 752 2548 obstracismo
768 2509 933 2561 perculsi
949 2517 1056 2552 sunt;
1087 2509 1266 2559 quocirca
1280 2509 1330 2547 nil
1345 2508 1556 2545 mirandum
1572 2520 1696 2557 neque

248 2572 458 2610 abhorrens
479 2571 510 2609 ei
532 2571 695 2616 accidet,
718 2572 747 2608 si
768 2571 890 2608 honos
913 2572 945 2609 ei
967 2584 1120 2622 quoque
1148 2570 1375 2608 decernatur
1403 2569 1501 2606 idem
1532 2568 1597 2618 qui
1618 2581 1697 2606 ma-

243 2634 389 2685 joribus
408 2634 490 2685 ejus
510 2633 598 2670 olim
619 2633 794 2670 decretus
815 2633 907 2670 fuit:
938 2632 1150 2683 praesertim
1171 2645 1257 2670 cum
1278 2644 1327 2669 ne
1349 2632 1428 2681 ipse
1455 2629 1607 2680 quidem
1630 2629 1697 2667 Al-

247 2698 418 2736 cibiades
434 2697 608 2735 videatur
622 2704 830 2735 conaturus
842 2695 1007 2740 infitiari,
1018 2695 1088 2733 hos
1103 2695 1263 2746 majores
1278 2706 1368 2731 suos
1383 2706 1422 2731 se
1436 2692 1553 2730 fuisse
1569 2692 1696 2730 multis

251 2760 373 2798 modis
411 2759 677 2811 sapientiores,
715 2765 830 2808 atque
868 2757 1133 2807 temperantiae
1164 2756 1402 2805 justitiaeque
1446 2754 1695 2794 studiosiores

250 2823 422 2872 quamvis
452 2823 500 2860 de
529 2822 677 2873 reliquo
700 2819 990 2859 Atheniensium
1020 2819 1071 2856 illi
1101 2818 1272 2856 omnium
1304 2816 1508 2867 aequalium
1542 2828 1696 2854 suorum

250 2890 359 2921 erant
376 2883 663 2934 flagitiosissimi
675 2882 852 2934 aequique
867 2881 962 2932 juris
978 2888 1015 2918 et
1028 2880 1156 2932 legum
1171 2878 1552 2921 contemnentissimi3
1573 2876 1697 2926 hujus

250 2945 351 2983 enim
378 2945 584 2984 Alcibiadis
611 2952 667 2983 tot
693 2940 782 2983 sunt
808 2950 846 2982 et
871 2949 979 2982 tanta
1004 2942 1148 2994 flagitia
1173 2949 1212 2979 et
1238 2940 1398 2986 scelera,
1426 2947 1469 2979 ut
1497 2952 1608 2978 nemo
1636 2937 1697 2982 sit,
