1822 3219
306 111 591 168 MUNERUM
624 130 997 167 ACCEPTORUM
1030 131 1318 170 APOLOGIA.
1469 133 1538 169 301

90 232 273 272 dedecori
292 233 476 278 futurum,
500 233 529 270 si
551 245 617 269 vos
637 232 728 268 mihi
748 233 826 273 sive
853 233 994 270 volenti
1020 232 1098 269 sive
1124 234 1268 271 nolenti
1304 247 1369 284 per
1397 234 1472 272 vim
1505 241 1542 271 et

89 294 196 333 nefas
211 294 314 331 bona
329 306 411 330 mea
427 293 612 342 eripiatis.
661 292 820 329 Jactura
839 292 993 342 quidem
1013 292 1095 342 ipsa
1114 293 1300 330 bonorum
1324 294 1425 332 haud
1447 294 1544 332 adeo

90 366 149 390 ine
167 354 216 392 sit
234 354 473 391 cruciatura:
505 353 573 390 sed
589 354 701 389 vitam
720 352 820 390 haud
837 366 982 390 merear
999 360 1040 390 ut
1055 354 1326 390 contumeliam
1344 355 1542 404 accipiam,

91 416 297 465 muniaque
331 421 557 464 sumptuosa
585 414 868 463 defugientibus
899 421 1051 451 creetur
1081 414 1223 464 opinio,
1243 427 1329 463 quae
1362 415 1400 451 in
1426 428 1544 465 remp.

90 477 289 526 erogarim,
310 489 356 513 ea
375 475 463 512 mihi
487 475 567 511 sine
589 474 709 523 gratia
730 475 889 523 perisse,
923 475 1022 524 ipsos
1054 482 1180 512 autem
1211 485 1315 511 recto
1342 487 1433 511 usos
1452 489 1544 512 con-

90 536 186 582 silio,
206 536 433 574 facultatum
461 547 614 571 suarum
640 547 796 585 prorsus
821 535 912 571 nihil
941 535 977 571 in
997 548 1064 572 vos
1090 534 1338 585 impendisse.
1396 536 1546 576 Quodsi

90 609 181 646 ergo
197 609 254 634 me
271 596 446 640 audietis,
459 603 498 632 et
512 608 661 645 aequam
677 595 900 644 justamque
917 595 1043 632 feretis
1056 596 1283 633 sententiam
1304 603 1343 633 et
1363 596 1547 633 vobismet

89 656 181 706 ipsis
200 657 397 694 fructuosa
417 663 532 705 atque-
555 655 737 692 salutaria
767 657 991 705 praeferetis.
1050 656 1266 706 Vectigalia
1292 657 1459 708 publica,
1480 659 1545 708 ju-

89 718 207 764 dices,
222 719 358 756 videtis
376 731 492 767 quam
512 718 589 754 sint
609 718 760 766 exigua,
776 725 815 754 et
834 718 899 754 illa
921 718 1000 768 ipsa
1023 725 1100 755 tarn
1117 720 1259 769 exigua
1277 733 1390 770 quam
1406 720 1544 758 misere

88 779 324 828 turpiterque
345 779 391 814 ab
411 777 782 815 administratoribus
805 778 989 828 furtisque
1019 786 1058 815 et
1085 779 1226 830 rapinis
1253 780 1543 830 discerpantur;

57 879 60 882 ,
89 846 132 876 ut
152 852 282 876 verum
301 839 502 876 videantur
522 839 559 875 hi
580 851 753 883 cernere,
774 840 839 888 qui
859 846 1047 883 statuunt,
1067 841 1279 878 certissima
1298 841 1406 878 vobis
1426 843 1544 879 vecti-

90 900 192 951 galia
212 913 298 937 esse
319 899 526 937 facultates
548 899 753 936 volentium
777 912 936 936 munera
958 900 1085 937 edere.
1144 900 1291 942 Quodsi
1313 914 1404 950 ergo
1427 902 1549 939 sanio-

89 964 190 1000 ribus
213 963 266 1000 uti
288 963 422 1000 voletis
443 961 626 1006 consiliis,
646 968 828 1006 nostram,
849 970 1042 1011 quotquot
1062 962 1161 999 cives
1177 963 1291 1000 vestri
1307 976 1452 1008 sumus,
1468 976 1545 1001 rem

88 1023 311 1061 familiarem
331 1023 433 1060 haud
454 1023 596 1059 minore
617 1035 709 1059 cura
729 1022 1003 1072 diligentiaque
1023 1023 1226 1060 tuebimini
1247 1031 1362 1073 atque
1380 1030 1545 1062 vestrum

89 1096 196 1121 suam
217 1084 380 1133 quisque
401 1083 589 1132 propriam
613 1089 754 1131 tuetur,
774 1084 865 1120 certi
883 1097 970 1120 cum
985 1083 1080 1128 sitis,
1100 1091 1234 1121 nostra
1253 1084 1282 1121 si
1303 1085 1413 1121 nobis
1434 1084 1548 1122 reliti-

90 1144 230 1194 quatiS,
250 1157 365 1194 posse
386 1156 451 1180 vos
472 1144 516 1180 iis
537 1144 782 1193 imposterum
804 1157 957 1195 quoque
989 1144 1146 1195 perinde
1175 1145 1231 1182 uti
1261 1152 1373 1195 atque
1399 1145 1546 1195 pridem

91 1205 146 1242 usi
166 1205 280 1243 estis:
311 1217 522 1254 omnesque
537 1217 603 1241 vos
617 1212 743 1243 certos
762 1206 922 1242 arbitror
941 1218 1040 1251 esse,
1058 1218 1116 1242 me
1133 1206 1359 1243 facultatum
1378 1219 1546 1244 mearum

89 1266 210 1304 multo
239 1265 518 1315 diligentiorem
544 1272 658 1315 atque
687 1266 895 1302 fideliorem
922 1267 999 1303 fore
1031 1273 1256 1315 quaestorem
1287 1279 1402 1315 quam
1433 1267 1549 1305 vest-ri

89 1333 299 1378 quaestores
321 1332 410 1363 sunt
430 1326 467 1362 in
486 1326 596 1363 bonis
625 1326 787 1376 publicis
817 1326 1145 1364 administrandis.
1201 1326 1271 1363 Sin
1291 1334 1419 1364 autem
1440 1340 1547 1366 men-

88 1388 217 1426 dicum
237 1401 296 1425 me
318 1386 575 1432 reddideritis,
589 1400 664 1423 non
684 1400 743 1426 nte
761 1387 1004 1425 solummodo
1019 1388 1207 1432 laeseritis,
1227 1387 1293 1425 sed
1311 1401 1387 1425 una
1400 1397 1548 1427 vosmet

87 1451 190 1501 ipsos
221 1463 372 1501 quoque
401 1450 695 1488 fraudaveritis:
725 1450 874 1488 fructus
903 1451 1005 1488 enim
1037 1451 1150 1501 hujus
1178 1451 1389 1501 iniquitatis
1411 1453 1460 1490 ad
1480 1465 1546 1490 vos

89 1523 166 1557 non
199 1511 406 1561 perveniet,
435 1511 502 1548 sed
536 1511 598 1548 alii
631 1524 706 1548 una
733 1524 819 1549 cum
851 1511 1004 1562 reliquis
1035 1512 1146 1550 bonis
1167 1513 1303 1550 vestris
1326 1513 1438 1550 etiam
1464 1514 1546 1551 haec

88 1579 218 1611 nostra
238 1579 473 1623 concerpent
491 1580 528 1609 et
548 1573 647 1610 inter
667 1585 708 1610 se
729 1573 951 1622 partientur.

142 1636 180 1674 4.
212 1633 334 1671 Etiam
357 1633 429 1671 hoc
449 1646 516 1683 par
538 1639 597 1670 est
618 1646 683 1670 vos
706 1633 962 1678 considerare,
996 1634 1116 1671 multo
1148 1634 1269 1684 magis
1296 1646 1363 1672 vos
1395 1634 1545 1681 decere,

89 1694 191 1732 bona
207 1701 332 1732 vestra
346 1707 496 1731 mecum
517 1694 802 1731 communicare
818 1707 932 1743 quam
954 1694 1002 1732 de
1025 1695 1117 1732 meis
1139 1695 1228 1731 mihi
1249 1696 1545 1733 controversiam

91 1767 259 1804 movere,
278 1761 316 1792 et
335 1755 664 1792 commiseratione
692 1755 818 1804 potius
840 1768 898 1792 me
918 1755 1096 1805 amplecti
1119 1756 1261 1792 nudum
1283 1762 1321 1793 et
1341 1756 1545 1806 spoliatum

91 1828 204 1866 quam
239 1815 377 1852 divitiis
410 1816 631 1853 affluentem
663 1815 874 1854 invidentia
904 1817 1099 1860 insectari,
1132 1824 1298 1866 votaque
1337 1818 1464 1867 palam
1498 1820 1547 1859 ad

89 1876 182 1914 deos
204 1875 328 1912 facere
348 1883 392 1913 ut
409 1876 482 1913 hac
503 1876 540 1912 in
559 1876 713 1914 civitate
738 1876 886 1926 largum
914 1878 1094 1915 exsistere
1124 1877 1287 1928 jubeant
1318 1886 1545 1929 proventum
1595 1914 1602 1922 ,

89 1936 226 1974 civium
246 1936 318 1973 mei
338 1936 530 1982 similium,
550 1937 613 1986 qui
633 1937 790 1987 perinde
812 1938 1064 1988 cupiditatem
1095 1952 1201 1976 suam
1224 1940 1271 1976 ab
1293 1939 1424 1976 alienis
1445 1954 1548 1978 com—

89 2004 264 2046 pescant,
292 2009 405 2046 quam
436 2011 506 2034 sua
533 1997 569 2033 in
597 2011 664 2034 vos
691 2010 846 2047 erogare
880 1998 1051 2036 ardeant.
1110 1999 1237 2042 Quam
1266 1999 1393 2037 statim
1420 2000 1545 2039 dicam

90 2056 332 2102 sententiam,
364 2057 446 2107 ejus
478 2057 614 2094 duritie
648 2065 688 2095 et
717 2059 922 2108 asperitate
954 2059 1068 2096 nolim
1104 2067 1269 2098 vestrum
1301 2073 1544 2110 quemquam,

85 2117 250 2167 judices,
270 2117 439 2161 offendi;
471 2131 559 2155 vera
579 2118 679 2155 enim
701 2126 772 2163 est,
792 2127 834 2155 ut
859 2132 931 2169 ego
960 2120 1136 2169 equidem
1159 2120 1407 2171 interpretor:
1439 2135 1544 2172 quae-

91 2174 227 2218 sitores
245 2180 362 2217 vestri
385 2179 504 2217 multo
525 2180 612 2216 mihi
633 2180 808 2217 videntur
836 2181 976 2218 rectius
1006 2181 1156 2228 facturi,
1175 2183 1205 2219 si
1229 2196 1296 2220 vos
1327 2184 1363 2220 in
1395 2184 1544 2222 tabulas

87 2240 262 2291 publicas
283 2241 449 2278 referant
466 2247 507 2278 ut
529 2241 714 2279 debentes
741 2241 843 2287 mihi,
869 2255 984 2291 quam
1009 2243 1200 2288 fecerunt,
1223 2256 1308 2281 cum
1340 2257 1399 2282 me
1430 2245 1468 2282 in
1489 2245 1545 2282 di-

89 2300 251 2338 scrimen
282 2313 412 2339 causae
443 2315 511 2352 pro
538 2315 597 2339 me
625 2301 798 2339 dicendae
833 2301 1077 2341 adduxerunt
1105 2304 1215 2354 quasi
1235 2317 1307 2355 ego
1331 2312 1544 2343 vestrorum

90 2363 275 2401 bonorum
294 2369 440 2412 partem
461 2375 584 2400 meam
612 2375 678 2412 per
705 2363 812 2400 nefas
834 2363 1025 2401 fecissem.
1085 2364 1143 2402 Ita
1163 2364 1264 2402 enim
1284 2379 1343 2403 me
1363 2366 1543 2406 adversus

90 2436 207 2473 remp.
226 2435 333 2473 gero,
356 2430 398 2460 ut
416 2423 589 2473 privatim
612 2436 779 2473 parcam,
800 2424 953 2474 publice
981 2432 1109 2462 autem
1137 2426 1325 2475 gaudeam
1353 2427 1483 2476 largus
1505 2435 1544 2464 et

88 2483 255 2521 liberalis
282 2497 392 2522 esse:
423 2497 502 2521 non
531 2484 579 2522 de
611 2485 777 2534 reliquiis
808 2485 1043 2523 fortunarum
1072 2499 1241 2523 mearum
1268 2487 1321 2524 ita
1352 2487 1543 2537 superbio,

89 2557 202 2594 quam
233 2545 282 2582 de
312 2544 576 2595 largitionibus
602 2545 650 2582 ad
682 2559 748 2583 vos
781 2559 803 2583 a
837 2559 897 2583 me
927 2546 1111 2596 profectis
1143 2548 1293 2596 glorior,
1321 2547 1543 2586 existimans

89 2604 224 2642 harum
244 2605 396 2654 quidem
427 2606 588 2656 gloriam
614 2607 803 2657 propriam
833 2607 923 2644 mihi
957 2614 1071 2658 atque
1103 2620 1307 2657 perennem
1342 2621 1438 2654 esse,
1457 2610 1542 2650 illas

92 2671 221 2703 autem
253 2678 313 2703 me
340 2666 398 2704 his
429 2667 569 2705 debere
589 2667 652 2717 qui
679 2668 768 2704 mihi
790 2669 1037 2719 reliquerunt,
1058 2676 1096 2705 et
1121 2669 1170 2705 ob
1199 2668 1370 2706 fortunas
1390 2669 1542 2719 quidem

91 2740 114 2764 a
131 2725 331 2763 calumniis
351 2726 587 2765 inimicorum
608 2740 669 2765 me
698 2741 765 2778 per
792 2729 899 2766 nefas
930 2728 1116 2778 exagitari
1147 2728 1275 2765 litibus
1307 2729 1476 2768 molestis
1498 2739 1543 2770 -et

90 2786 238 2837 injustis
254 2786 502 2836 implicatum,
513 2789 561 2826 ob
575 2788 795 2840 largitiones
812 2797 940 2828 autem
955 2788 1089 2826 mereri
1105 2788 1252 2826 veniam
1267 2802 1290 2827 a
1304 2790 1410 2830 vobis
1424 2799 1539 2842 atque

92 2845 369 2885 absolutionem
402 2848 438 2885 in
469 2851 594 2886 causis
629 2850 868 2900 capitalibus.
927 2851 1239 2887 Consentaneum
1270 2857 1308 2887 et
1331 2864 1482 2901 aequum
1510 2854 1540 2891 si
