1822 3219
557 126 662 163 PRO
695 126 1064 163 POLYSTRATO.
1461 123 1540 159 293

93 228 192 266 notis
212 228 287 265 illis
307 228 451 266 artibus
469 229 607 278 quibus
625 234 870 266 accusatores
890 227 1091 276 placantur
1107 238 1115 262 :
1145 233 1184 263 at
1207 232 1260 271 ut,
1279 226 1345 275 qui
1367 230 1449 262 tota
1465 223 1547 262 vita

93 289 322 338 probitatem
347 295 463 339 atque
491 289 734 327 honestatem
757 287 865 326 vobis
884 287 1177 337 approbassent,
1201 286 1241 323 hi
1268 291 1425 336 repente
1453 283 1544 322 mali

93 356 132 386 et
156 350 333 388 scelerosi
362 351 468 394 fiant,
494 350 658 387 invisum
677 355 794 399 atque
819 347 1034 385 inauditum
1059 353 1120 385 est
1140 352 1370 397 portentum.
1426 344 1545 387 Quod

92 422 184 447 num
199 410 469 460 probabimus?
496 423 590 447 num
604 410 644 446 in
660 422 770 447 usum
790 409 1035 446 admittemus
1051 407 1066 444 2

144 472 185 508 3.
216 471 276 508 Dc
294 478 404 520 patre
423 483 536 520 porro
555 476 813 515 accusatores,
840 482 927 506 cum
944 468 1019 507 alia
1041 467 1165 505 multa
1189 473 1271 504 tum
1292 466 1366 504 hoc
1392 479 1546 515 quoque

87 531 285 580 jactarunt
320 531 578 575 mendacium,
613 529 877 579 Phrynichum
906 530 941 567 ei
978 535 1186 579 cognatum
1215 528 1346 565 fuisse.
1409 526 1546 576 Atqui,

94 590 312 640 quicunque
331 591 448 636 volet,
468 591 529 628 vel
549 604 634 628 mea
657 597 837 628 manante
864 603 965 639 aqua
982 595 1153 634 testator,
1172 587 1435 639 Phrynichum
1464 599 1533 624 san

95 652 220 702 guinis
233 651 518 689 necessitudine
532 664 621 688 cum
640 659 748 701 patre
767 651 1018 700 conjunctum
1034 650 1174 692 fuisse;
1204 655 1243 685 et
1265 660 1338 698 ego
1358 659 1445 685 eum
1461 647 1549 684 falsi

95 711 188 750 dicti
212 711 418 750 testimonii
443 724 546 748 reum
570 723 764 761 peragam.
822 711 872 746 Et
903 709 1081 747 mentitos
1113 709 1155 745 id
1183 708 1269 746 illos
1297 719 1397 752 esse,
1426 706 1549 745 multa

96 778 290 821 arguunt:
324 785 452 822 neque
475 771 577 809 enirn
603 771 700 822 patri
729 771 944 809 communis
974 783 1063 809 cum
1093 769 1314 820 Phrynicho
1347 767 1552 817 disciplina

94 832 250 882 puerilis
263 832 337 870 fuit
355 846 482 882 neque
495 845 645 870 morum
665 832 873 870 similitudo
893 844 1017 881 neque
1036 831 1126 868 vitae
1146 842 1272 880 genus
1298 828 1402 866 idem
1423 841 1550 879 neque

95 893 308 930 officiorum
333 893 592 931 necessitudo.
649 892 764 929 Pater
791 892 830 928 in
850 893 942 929 urbe
967 891 1189 929 liberalibus
1218 890 1365 928 artibus
1385 902 1408 926 a
1427 889 1551 938 magi-
1576 930 1581 935 .

97 954 185 992 stris
205 954 367 1005 publicis
386 967 482 1005 puer
509 961 569 992 est
587 953 782 991 imbutus:
812 952 1035 1003 Phrynicho
1061 958 1189 989 autem
1206 950 1343 988 ludum
1368 949 1551 999 frequen-

98 1020 179 1052 tare
209 1028 287 1052 nrm
321 1015 444 1061 licuit,
482 1015 552 1053 sed
580 1020 810 1065 paupertate
847 1013 1076 1052 constrictus
1109 1025 1195 1050 rure
1222 1011 1423 1062 pueritiam
1451 1010 1552 1047 inter

97 1082 269 1114 armenta
286 1083 325 1114 et
352 1088 496 1126 pecora
515 1076 655 1125 exegit.
712 1074 996 1112 Adolescentes
1021 1072 1114 1111 facti
1140 1073 1268 1110 locum
1288 1072 1385 1109 inter
1409 1083 1450 1108 se
1469 1083 1554 1121 per-

99 1143 309 1182 mutarunt,
338 1144 446 1186 pater
472 1149 536 1174 rus
562 1136 766 1181 concessit,
786 1135 840 1173 rei
866 1134 1042 1172 familiari
1062 1133 1247 1171 curandae
1266 1145 1420 1183 operam
1442 1132 1553 1169 datu-

98 1209 181 1239 rus;
213 1196 453 1248 Phrynichus
473 1203 602 1234 autem
619 1197 658 1234 in
677 1198 810 1234 urbem
837 1209 880 1233 se
900 1195 1075 1240 contulit,
1102 1201 1295 1244 quaestum
1313 1207 1334 1231 e
1353 1193 1554 1231 calumniis

98 1256 285 1294 facturus.
357 1258 469 1295 Adeo
506 1257 600 1295 nihil
634 1257 886 1295 conveniebat
922 1256 961 1293 in
998 1268 1131 1293 eorum
1169 1255 1351 1293 moribus.
1405 1287 1407 1289 .
1427 1254 1553 1291 Etiam

99 1316 320 1367 Phrynicho
340 1317 371 1354 si
394 1317 552 1367 quando
579 1318 724 1355 mulcta
743 1323 846 1354 esset
872 1315 1006 1353 aerario
1034 1315 1252 1366 pendenda,
1272 1321 1381 1365 pater
1407 1314 1440 1352 ei
1461 1313 1555 1351 nihil

102 1389 272 1426 unquam
290 1377 477 1414 eontulit:
509 1377 626 1426 atqui,
647 1377 677 1414 si
705 1376 814 1421 alias,
837 1376 874 1413 in
899 1375 1091 1426 ejusmodi
1114 1375 1352 1425 temporibus
1382 1374 1553 1424 inprimis

101 1437 211 1475 amici
228 1439 292 1487 qui
315 1445 405 1475 sunt
432 1439 600 1475 animum
620 1439 833 1476 declarant.
891 1437 1141 1487 Municipalis
1162 1445 1289 1474 autem
1311 1436 1429 1486 patris
1449 1436 1555 1486 quod

101 1497 345 1548 Phrynichus
364 1499 491 1544 fuerit,
511 1499 550 1536 id
570 1512 659 1536 vero
686 1512 826 1537 nocere
856 1498 953 1548 patri
974 1498 1079 1535 nullo
1100 1506 1213 1548 pacto
1233 1498 1371 1541 debet;
1403 1504 1470 1535 aut
1487 1510 1555 1536 vos

99 1566 252 1610 quoque
273 1559 309 1596 in
330 1572 434 1596 noxa
453 1560 573 1605 eritis,
593 1560 695 1597 cives
718 1559 927 1610 Phrynichi
947 1559 1012 1609 qui
1033 1559 1128 1595 sitis.

153 1622 192 1658 4.
223 1620 396 1657 Civilitas
422 1626 549 1657 autem
568 1633 645 1670 quo
671 1620 748 1658 alio
767 1619 982 1657 declaretur
1008 1618 1263 1655 luculentiore
1283 1618 1414 1664 modo,
1440 1631 1557 1668 quam

102 1689 210 1731 pater
227 1681 318 1718 fecit
343 1689 425 1718 tum
455 1695 576 1731 quum
594 1682 717 1719 visum
744 1681 850 1719 vobis
877 1688 979 1718 esset
1007 1680 1178 1730 quinque
1207 1680 1374 1717 millibus
1401 1693 1555 1732 rempu-

102 1741 241 1779 blicam
267 1741 453 1778 credere?
482 1741 657 1778 delectus
678 1741 779 1778 enim
799 1741 914 1778 indici
941 1740 1180 1778 conficiendo
1201 1741 1398 1778 nominum
1425 1754 1557 1779 eorum

103 1802 168 1851 qui
201 1801 306 1851 digni
333 1802 580 1851 cooptatione
609 1802 647 1838 in
673 1801 777 1838 hunc
805 1814 1005 1838 numerum
1034 1800 1268 1846 viderentur,
1289 1814 1358 1849 pro
1385 1802 1558 1852 quinque

104 1862 270 1900 millibus
300 1875 436 1899 novem
468 1862 620 1912 scripsit
644 1862 843 1899 nominum
875 1861 1016 1905 millia3
1049 1874 1126 1910 quo
1155 1867 1341 1911 utrosque
1371 1863 1442 1899 sibi
1462 1863 1559 1900 obli-

103 1929 225 1973 garet,
251 1930 330 1961 tam
359 1935 424 1960 eos
451 1924 517 1972 qui
543 1923 609 1960 illo
637 1923 675 1960 in
702 1923 829 1960 indice
855 1923 970 1960 scribi
997 1923 1140 1960 vellent
1165 1936 1281 1972 quam
1301 1924 1368 1973 qui
1397 1924 1557 1970 nollent,

102 1985 189 2023 illos
204 1985 420 2030 scribendo,
434 1985 504 2022 hos
518 1998 650 2022 rursus
665 1984 938 2034 expungendo.
977 1984 1094 2033 Atqui
1109 1996 1188 2021 non
1201 1984 1240 2020 hi
1254 1984 1402 2021 civilem
1419 1985 1560 2022 tollunt

104 2046 334 2090 libertatem,
365 2046 432 2095 qui
465 2045 568 2083 cives
602 2052 736 2083 creant
772 2044 1092 2095 quamplurimos,
1130 2044 1199 2081 sed
1229 2044 1291 2081 isti
1323 2045 1389 2094 qui
1420 2045 1560 2083 civium

103 2119 306 2144 numerum
328 2106 516 2142 minuunt.
575 2105 690 2143 Pater
704 2118 831 2156 porro,
851 2118 940 2142 cum
956 2105 1131 2154 etjurare
1150 2113 1189 2142 et
1208 2105 1373 2142 indicem
1394 2106 1558 2146 scribere

102 2174 314 2211 recusaret,
334 2168 382 2204 ab
395 2167 469 2203 illis
489 2173 649 2204 coaetus
670 2174 728 2204 est
747 2173 890 2204 terrore
909 2166 1138 2203 muletarum
1153 2178 1250 2215 quas
1265 2166 1300 2203 ei
1314 2166 1559 2217 irrogabant:

106 2228 203 2265 dixit
221 2240 311 2277 ergo
337 2235 445 2277 pater
468 2226 626 2276 quidem
642 2227 912 2277 jusjurandum
945 2239 1013 2276 per
1033 2227 1108 2263 virn
1128 2239 1363 2276 expressum,
1396 2236 1436 2265 et
1455 2229 1558 2266 venit

103 2302 262 2340 quoque
280 2289 319 2326 in
344 2290 503 2333 curiam,
532 2289 600 2327 sed
629 2289 873 2326 solummodo
898 2302 964 2338 per
983 2288 1210 2337 octiduumj
1241 2302 1318 2338 quo
1344 2297 1501 2340 peracto
1520 2291 1557 2327 in

109 2350 295 2388 Eretriam
311 2350 416 2394 abiit,
438 2351 501 2387 ubi
528 2350 660 2388 militia
679 2351 835 2389 functus
862 2357 923 2388 est
941 2363 1015 2387 non
1042 2350 1237 2386 instrenua
1254 2363 1379 2399 neque
1399 2351 1559 2401 ingloria

106 2411 146 2448 in
177 2411 318 2461 pugnis
355 2410 578 2479 navalibus3
621 2411 774 2449 saucius
808 2411 895 2448 inde
927 2411 1003 2449 huc
1035 2410 1160 2456 rediit,
1191 2424 1317 2449 rerum
1352 2413 1448 2450 facie
1473 2414 1555 2462 jam

108 2478 267 2509 mutata.
323 2472 383 2509 Ita
403 2484 445 2508 se
464 2479 574 2522 pater
590 2484 678 2509 cum
698 2472 897 2522 gessisset,
915 2471 1159 2522 collegioque
1180 2472 1556 2522 Quadringentorum

109 2546 186 2570 non
200 2533 274 2570 nisi
286 2546 352 2583 per
371 2532 570 2570 octiduum
589 2532 828 2572 interfuisset
848 2541 1006 2583 totoque
1026 2533 1089 2570 illo
1104 2541 1277 2582 ternpore
1293 2533 1341 2569 ad
1355 2533 1556 2571 dicendam

110 2593 338 2630 sententiam
359 2605 400 2629 os
429 2605 505 2629 non
526 2593 751 2642 aperuisset,
773 2594 918 2632 mulcta
938 2601 1067 2631 tamen
1088 2593 1122 2630 ei
1142 2593 1245 2629 dicta
1272 2599 1331 2629 est
1349 2599 1426 2630 tam
1452 2606 1559 2630 enor-

111 2653 182 2691 mis
202 2653 445 2704 pecuniaria:
474 2654 540 2704 qui
560 2660 688 2691 autem
706 2661 746 2693 et
767 2655 929 2692 inimicis
950 2654 1082 2692 vestris
1109 2652 1268 2690 consilia
1291 2652 1431 2691 infesta
1450 2655 1556 2692 vobis

109 2720 226 2763 atque
245 2713 408 2752 exitiosa
438 2715 684 2765 subjecerunt
710 2721 749 2753 et
770 2728 902 2754 eorum
924 2715 1088 2764 collegio
1115 2713 1161 2750 ab
1188 2713 1294 2751 initio
1321 2714 1409 2752 inde
1434 2724 1557 2765 usque

110 2774 161 2813 ad
190 2774 304 2812 finem
334 2773 600 2822 interfuerunt,
621 2789 752 2814 eorum
784 2777 892 2814 multi
921 2774 1088 2814 absoluti
1114 2780 1217 2811 sunt.
1275 2774 1320 2811 Id
1342 2776 1458 2825 quod,
1479 2790 1555 2815 non

113 2834 285 2874 invidens
306 2834 377 2874 illis
398 2834 498 2881 dico,
518 2836 585 2874 sed
614 2844 753 2876 sortem
776 2845 946 2877 nostram
968 2837 1163 2880 miserans,
1188 2847 1209 2872 o
1229 2848 1343 2884 quam
1364 2836 1467 2876 illam
1486 2838 1555 2877 ini·-
