1822 3219
670 124 740 162 DE
770 123 1072 162 MYSTERIIS.
1534 124 1583 160 95

157 223 297 276 dignus
316 232 418 264 esset
437 226 681 277 ingesserim;
711 234 749 264 et
766 238 854 264 cum
873 225 940 270 illi,
955 224 1183 275 contemptis
1204 225 1297 262 meis
1315 224 1586 264 dehortationi-

157 286 242 331 bus,
255 299 410 336 peccare
425 294 551 326 tamen
567 287 806 325 nihilominus
821 287 1088 338 perrexissent,
1103 294 1299 336 peceatum
1316 301 1444 326 eorum
1458 290 1585 340 quoad

158 345 264 384 licuit
283 347 434 386 silentio
452 349 621 394 texerim‚
634 361 758 399 neque
775 348 874 398 prius
889 361 1002 398 quam
1022 354 1188 385 extrema
1206 356 1359 398 cogeret
1378 352 1585 389 necessitas

158 408 409 458 prodiderim;
442 423 528 448 cum
548 409 716 459 plerique
737 422 866 446 eorum
889 422 911 446 a
933 409 1081 446 Teucro
1095 408 1176 459 jam
1195 408 1365 454 indicati,
1387 410 1447 447 alii
1466 419 1586 449 morte

158 469 334 517 luissent,
355 471 417 509 alii
439 472 476 508 in
494 471 669 508 exsilium
689 471 870 516 abissent,
890 484 960 508 nos
981 470 1051 520 ipsi
1071 470 1233 520 denique
1253 483 1275 508 a
1295 470 1481 508 Dioclidis
1502 485 1587 522 per-

158 530 250 568 fidia
264 532 302 568 in
315 544 502 569 carcerem
517 531 679 582 conjecti
693 532 741 568 ab
755 540 923 569 extremo
939 531 1122 581 supplicio
1137 531 1197 568 vix
1212 532 1328 582 pilum
1345 532 1586 571 distaremus.

159 590 266 629 Tunc
292 591 391 628 enim
417 591 583 636 demum,
605 604 731 642 neque
757 593 873 643 prius,
893 592 1012 629 detuli
1035 597 1199 641 quatuor
1226 592 1339 636 viros,
1362 592 1588 639 Panaetium,

159 651 383 696 Diocritum‚
403 651 674 703 Lysistratum‚
694 653 999 691 Chaeredemum.
1056 653 1172 690 Haud
1191 653 1378 691 infitiabor
1402 655 1471 692 hos
1497 668 1590 705 qua-

159 718 243 750 tuor
260 719 415 763 propter
433 726 492 751 me
512 714 548 750 in
567 714 740 752 exsilium
760 714 855 752 isse:
886 721 1018 752 contra
1033 727 1120 751 vero
1138 714 1186 752 ab
1201 714 1337 753 eodem
1355 715 1493 754 indicio
1505 730 1589 755 meo

156 779 247 810 sunt
266 773 304 810 in
322 773 415 811 vivis
435 782 473 812 et
494 775 529 811 in
550 775 710 813 fortunis
737 775 812 813 suis
831 782 951 826 pater,
971 781 1009 812 et
1035 774 1172 812 sororis
1202 775 1373 821 maritus,
1406 783 1487 813 tum
1515 784 1589 815 tres

156 835 387 879 consobrini,
406 849 477 873 nec
498 849 573 874 non
592 843 738 887 septem
758 849 916 874 numero
937 836 1088 886 cognati
1103 836 1187 879 alii;
1217 836 1268 882 hi,
1288 837 1325 873 in
1345 850 1389 875 eo
1403 840 1483 885 jam
1501 852 1589 876 cum

155 903 298 942 essent,
310 902 352 933 ut
366 896 552 934 immerita
569 905 688 935 morte
707 910 772 948 per
791 897 958 935 alienum
985 897 1092 935 nefas
1109 898 1363 943 afficerentur,
1377 898 1468 936 solis
1488 913 1591 938 nunc

149 955 265 1006 jubar
283 970 348 1008 per
367 971 425 995 me
444 958 587 1003 vident,
608 958 755 1010 ipsique
783 971 822 996 se
850 959 926 996 hoc
953 958 1044 996 mihi
1073 958 1211 996 debere
1240 960 1464 997 beneficium
1493 962 1591 1011 grati

155 1018 404 1057 confitentur:
425 1027 602 1057 cunctam
620 1027 748 1057 autern
763 1021 951 1058 civitatem
965 1020 1030 1070 qui
1043 1022 1335 1058 conturbaverat
1348 1029 1592 1073 extremaque

155 1076 194 1114 in
213 1077 429 1116 discrimina
448 1080 676 1130 conjecerat,
695 1080 726 1117 is
747 1093 769 1117 a
789 1093 846 1118 me
865 1087 1074 1131 coargutus
1094 1080 1178 1126 fuit,
1199 1088 1237 1119 et
1256 1094 1322 1118 vos
1342 1083 1489 1133 magnis
1515 1084 1591 1122 for-

156 1139 361 1178 midinibus
383 1141 598 1191 mutuisque
619 1141 895 1192 suspicionibus
914 1141 1074 1179 liberati.
1130 1143 1228 1183 Quae
1244 1156 1332 1179 num
1351 1156 1440 1181 vera
1454 1144 1592 1191 dicam,

155 1201 420 1246 recordamini,
441 1215 586 1252 quaeso,
605 1202 684 1247 viri,
704 1210 742 1239 et
762 1201 906 1239 conscii
925 1209 1091 1239 vestrum
1111 1209 1302 1252 quotquot
1322 1210 1424 1249 sunt,
1446 1204 1482 1242 hi
1509 1206 1593 1243 reli-

154 1273 253 1311 quos
273 1262 452 1300 docento.
507 1263 566 1299 Tu
592 1269 717 1300 autem
738 1263 840 1313 ipsos
862 1262 950 1299 mihi
967 1262 1042 1300 cita
1059 1276 1138 1308 eos,
1158 1264 1221 1313 qui
1248 1273 1401 1315 propter
1427 1278 1487 1303 me
1513 1267 1594 1304 vin-

154 1323 253 1372 culis
274 1323 440 1362 exsoluti
459 1330 568 1361 sunt:
598 1323 738 1375 optime
759 1324 860 1361 enim
879 1325 932 1361 rei
961 1331 1078 1375 gestae
1107 1325 1279 1362 ordinem
1308 1338 1395 1362 cum
1425 1332 1594 1373 teneant,

157 1384 309 1436 possint
325 1385 416 1423 item
436 1386 575 1435 optime
596 1398 685 1423 eum
703 1385 804 1423 hisce
825 1385 1056 1437 [judicibus]
1077 1398 1266 1423 enarrare.
1324 1387 1401 1424 Sed
1420 1387 1492 1425 hac
1507 1402 1597 1426 con-

158 1445 302 1484 ditione
321 1445 359 1483 hi
377 1446 477 1484 hunc
498 1447 538 1483 in
557 1453 784 1497 suggestum
804 1446 1054 1492 adscendent,
1070 1454 1114 1484 ut
1131 1447 1315 1498 tantisper
1330 1461 1457 1486 coram
1471 1451 1592 1496 vobis,

152 1507 320 1558 judices,
333 1506 532 1553 disserant,
548 1507 670 1546 donec
686 1508 793 1545 vobis
815 1507 1047 1546 audientiam
1068 1508 1237 1558 praebere
1257 1508 1529 1549 disserentibus
1551 1511 1595 1549 li-

158 1571 304 1610 buerit:
334 1571 475 1609 deinde
494 1571 641 1622 reliqua
660 1571 914 1609 accusationis
934 1570 1062 1621 capita
1080 1570 1235 1608 diluam.

216 1635 277 1671 13.
307 1633 366 1671 De
381 1633 494 1670 rebus
514 1633 642 1683 itaque
663 1639 741 1670 tum
763 1632 881 1682 gestis
902 1632 1114 1677 audivistis,
1128 1631 1208 1677 viri,
1230 1631 1369 1678 omnia,
1385 1639 1423 1670 et
1439 1635 1596 1684 purgavi

159 1694 228 1740 sic,
240 1700 284 1732 ut
301 1693 391 1731 mihi
412 1693 565 1744 quidem
582 1693 725 1740 videor,
739 1701 782 1731 ut
795 1694 885 1731 satis
901 1706 986 1731 esse
1001 1692 1139 1744 possit:
1171 1693 1310 1743 quodsi
1328 1700 1453 1731 tamen
1471 1695 1596 1734 adhuc

158 1756 304 1806 aliquid
317 1763 482 1794 vestrum
502 1756 691 1807 quispiam
711 1755 914 1801 desideret,
929 1763 996 1793 aut
1014 1755 1207 1793 existimet
1227 1755 1396 1793 nondum
1417 1757 1509 1795 satis
1525 1758 1600 1796 dis-

159 1816 332 1870 putando
351 1817 586 1854 declaratum
601 1817 811 1867 quidquam
824 1829 1036 1868 superesse,
1047 1823 1112 1854 aut
1130 1816 1159 1854 si
1176 1817 1267 1867 quid
1280 1830 1352 1868 ego
1376 1818 1598 1868 imprudens

159 1878 450 1931 prae‘termisero,
470 1886 646 1930 assurgat
665 1879 696 1916 is
721 1886 835 1929 atque
864 1891 922 1918 me
951 1879 1281 1923 commonefaciat,
1304 1886 1342 1917 et
1368 1880 1597 1920 satisfaciam

159 1942 214 1979 illi
231 1954 398 1992 quoque.
455 1941 570 1979 Nunc
586 1950 710 1979 autem
724 1941 771 1979 de
785 1941 936 1991 legibus
948 1954 1013 1978 vos
1029 1941 1189 1980 docebo.
1247 1941 1448 1993 Cephisius
1461 1956 1597 1995 nempe

158 2003 223 2041 hic
243 2003 431 2041 actionem
452 2002 648 2049 ἐνδείξεως,
671 2003 727 2040 vel
748 2002 1002 2048 iudicationis,
1021 2002 1056 2040 in
1087 2015 1148 2040 me
1178 2003 1332 2052 quidem
1362 2003 1524 2041 instituit
1550 2018 1597 2042 ex

160 2065 272 2102 titulo
290 2063 387 2114 legis
407 2063 532 2101 adhuc
552 2063 689 2101 validae
710 2070 892 2114 rataeque,
913 2076 1035 2113 eaque
1057 2076 1097 2101 se
1116 2063 1200 2114 lege
1219 2063 1351 2100 nixum
1377 2064 1464 2102 tulit
1490 2065 1527 2102 in
1553 2066 1597 2103 li-

159 2124 262 2164 bello
282 2125 532 2170 accusatorio,
553 2138 666 2175 quem
686 2125 838 2175 prae'tori
858 2124 1041 2170 exhibuit,
1063 2124 1251 2162 actionem
1268 2124 1367 2162 hanc
1387 2131 1519 2164 contra
1538 2139 1597 2164 me

160 2185 370 2233 exordiens,
382 2185 421 2223 in
435 2185 519 2236 ipsa
531 2192 657 2223 autem
670 2185 839 2223 oratione
853 2185 1091 2224 accusatoria
1103 2185 1341 2237 plebiscitum
1360 2187 1597 2237 potissimum

159 2247 256 2286 ursit
270 2247 417 2285 dudum
431 2246 628 2292 abolitum,
641 2253 798 2285 auctore
812 2247 1010 2285 Isotimida
1026 2247 1183 2294 factum,
1199 2247 1307 2298 cujus
1326 2247 1377 2284 nil
1393 2248 1597 2299 quicquam

157 2309 210 2348 ad
228 2322 287 2347 me
300 2308 481 2359 pertinet.
537 2308 607 2345 Ille
628 2308 739 2353 enim,
756 2309 983 2354 Isotimides,
1001 2316 1133 2347 auctor
1152 2308 1235 2354 fuit,
1247 2316 1291 2345 ut
1309 2321 1331 2346 a
1346 2310 1498 2360 templis
1513 2311 1600 2349 deo-

158 2383 241 2410 rum
261 2375 478 2408 arcerentur
495 2368 699 2420 impietatis
720 2371 785 2416 rei,
807 2377 883 2408 tam
903 2371 949 2408 ab
971 2370 1054 2408 aliis
1075 2370 1165 2407 facti
1183 2382 1297 2420 quam
1321 2370 1386 2420 qui
1412 2370 1484 2421 ipsi
1512 2371 1599 2409 fassi

159 2438 287 2470 essent
306 2443 351 2468 eo
370 2443 412 2468 se
437 2429 592 2467 crimine
617 2429 757 2468 teneri:
787 2443 859 2481 ego
884 2443 975 2468 vero
1005 2442 1130 2480 neque
1157 2430 1327 2467 commisi
1352 2430 1597 2481 impietatem,

149 2506 282 2544 ,neque
302 2491 428 2547 fassus
447 2504 616 2542 unquam
635 2504 718 2528 sum
739 2504 799 2529 me
814 2492 1058 2529 commisisse.
1116 2491 1232 2535 Quod
1243 2499 1370 2529 autem
1387 2492 1459 2529 hoc
1476 2492 1596 2543 ipsum

157 2566 311 2603 quoque
331 2552 572 2604 plebiscitum
591 2552 792 2590 rescissum
813 2560 928 2603 atque
947 2553 1170 2604 abrogatum
1191 2554 1250 2599 sit,
1271 2553 1307 2590 id
1337 2567 1407 2604 ego
1436 2567 1502 2592 vos
1530 2554 1598 2593 do-

159 2614 270 2652 cebo.
326 2614 557 2664 Quanquam
577 2614 614 2651 in
634 2627 679 2652 eo
699 2626 826 2651 versor
844 2614 1073 2652 defensionis
1095 2614 1193 2660 loco,
1208 2622 1261 2659 ut,
1277 2615 1338 2651 ubi
1355 2614 1477 2651 minus
1490 2616 1598 2655 vobis

160 2686 401 2724 persuasero,
422 2674 602 2712 damnum
627 2675 710 2726 ipse
737 2675 808 2712 sim
837 2682 1084 2727 accepturus;
1116 2676 1182 2713 ubi
1208 2682 1334 2712 autem
1361 2688 1598 2724 persuasero,

162 2747 322 2774 censear
334 2748 402 2786 pro
415 2736 639 2775 adversariis
655 2737 771 2774 verba
783 2737 937 2775 fecisse.
979 2737 1250 2775 Verumtamen
1269 2735 1416 2773 dicetur
1431 2736 1482 2783 id,
1495 2740 1595 2788 quod

162 2809 221 2834 res
235 2802 308 2833 est.
364 2796 498 2835 Classe
513 2797 613 2835 enim
634 2798 805 2835 funditus
826 2798 968 2844 excisa,
983 2810 1069 2836 cum
1084 2798 1175 2834 urbs
1192 2796 1442 2843 obsideretur,
1457 2797 1598 2837 delibe-

160 2856 304 2896 rabatis
323 2855 371 2895 de
390 2858 504 2895 modo
522 2859 736 2897 concordiae
757 2859 1035 2898 constituendae
1056 2867 1169 2909 atque
1191 2857 1359 2905 tuendae,
1377 2858 1597 2911 placuitque
