1822 3219
267 155 345 193 285
921 155 1094 194 LYSIAE

266 268 386 308 quam
405 268 457 303 ex:
473 254 742 308 Aristophanis
761 256 963 296 redactum
979 256 1072 294 fuit:
1099 256 1236 295 ideone
1250 269 1317 295 vos
1333 270 1486 308 aequum
1505 250 1728 307 censeretis,

269 317 512 355 necessarios
543 329 694 368 quoque
724 317 918 356 Timothei
949 318 1060 355 bonis
1096 318 1175 355 suis
1206 318 1388 368 spoliari?
1444 320 1698 371 Nequaquam
1715 331 1725 358 t

266 377 450 416 abhorret
472 378 587 425 enim.
645 379 721 416 Sed
743 379 856 417 video
882 391 951 416 vos
979 378 1107 416 mirari
1135 391 1210 424 me,
1231 379 1396 430 judices,
1419 381 1680 432 suspicantem
1703 394 1726 420 e

266 438 438 477 sectione
463 440 649 476 bonorum
669 440 861 477 Timothei
886 440 1011 477 minus
1041 441 1157 478 etiam
1186 453 1273 478 esse
1301 441 1509 479 rediturum
1539 454 1655 493 quam
1679 452 1727 480 ex

265 498 532 549 Aristophanis
564 498 698 537 rediit:
732 512 810 537 non
839 506 982 537 temere
1007 501 1064 539 sic
1094 502 1283 551 suspicor,
1319 502 1498 552 facilique
1526 515 1588 540 me
1613 514 1728 554 spero

264 560 453 598 facturum
474 572 590 609 opera
608 566 650 597 ut
666 560 755 597 mihi
770 561 1045 597 assentiamini.
1095 562 1203 603 Quas
1220 562 1356 599 Conon
1374 555 1580 600 tabulasin
1597 563 1727 614 Cypro

264 627 477 671 postremas
498 621 808 671 consignaverat,
827 634 883 658 eae
910 629 998 671 post
1025 622 1142 671 ipsius
1171 635 1374 661 excessum
1401 623 1605 673 resignatae
1635 637 1726 674 ape-

262 687 437 728 ruerunt,
455 682 575 732 ipsius
610 695 741 719 veram
771 682 1027 718 substantiam
1064 682 1192 719 multis
1223 684 1395 732 partibus
1431 684 1538 721 infra·
1562 690 1726 722 vestram

263 743 485 794 opinionem
504 743 742 780 subsedisse.
798 742 986 780 Minervae
1003 742 1105 780 enim
1122 742 1168 780 ad
1188 743 1348 781 donaria
1364 739 1617 795 Apollinique
1633 745 1728 784 Del-

260 804 377 855 phico
395 803 601 853 quinquies
615 803 719 840 mille
732 810 894 841 stateras
910 804 1172 842 consecravit:
1203 804 1327 842 fratris
1341 804 1433 850 filio,
1446 818 1527 856 quo
1537 806 1725 844 bonorum

262 864 301 903 in
332 863 462 914 Cypro
497 863 658 901 sitorum
686 863 855 900 omnium
887 864 1053 901 custode
1082 862 1198 914 atque
1233 865 1502 916 dispensatore
1535 867 1727 914 utebatur,

262 925 406 975 legavit
425 924 555 962 decies
573 924 678 962 mille
699 925 902 963 drachmas
920 938 930 969 ;
960 925 1068 963 fratri
1087 926 1160 963 tria
1177 926 1325 964 talenta
1341 940 1351 970 ς
1384 927 1528 978 reliqua
1549 927 1628 965 filio
1647 928 1729 966 reli-

261 987 363 1037 quit,
375 986 521 1024 talenta
539 986 819 1037 septendecim.
878 987 991 1024 Unde
1011 999 1162 1025 summa
1187 987 1308 1025 confit
1325 987 1585 1038 quadraginta
1602 989 1727 1027 talen·-

260 1054 402 1086 torum.
458 1047 597 1098 Neque
613 1047 852 1098 praetendere
867 1047 973 1094 licet,
987 1048 1050 1086 hic
1065 1047 1254 1099 direptum
1269 1049 1476 1100 quicquam
1492 1056 1562 1087 aut
1574 1051 1729 1090 tabulas

261 1114 467 1160 corruptas
484 1121 611 1158 neque
632 1109 778 1159 optima
796 1109 872 1146 fide
896 1109 1049 1159 prodita
1067 1111 1171 1148 bona
1191 1109 1333 1149 fuisse:
1364 1111 1446 1161 ipse
1465 1110 1603 1150 Conon
1623 1112 1729 1150 enim

261 1170 332 1208 has
351 1169 523 1214 tabulas,
534 1169 573 1206 in
591 1170 722 1207 morbo
741 1183 818 1219 quo
836 1178 1035 1222 postremo
1054 1170 1264 1209 defunctus
1283 1178 1356 1217 est,
1373 1178 1503 1210 mente
1521 1173 1673 1224 integra
1688 1179 1728 1210 et

261 1231 336 1269 sibi
352 1237 569 1277 constante,
590 1232 714 1282 probe
736 1231 914 1269 conscius
935 1245 1067 1270 eorum
1098 1246 1186 1283 quae
1213 1239 1346 1283 ageret
1376 1232 1554 1284 circaque
1573 1247 1614 1272 se
1635 1246 1727 1286 age-

261 1298 406 1338 rentur,
425 1292 683 1343 consignavit.
737 1292 827 1330 Cita
845 1293 935 1330 mihi
956 1293 1092 1331 horum
1111 1301 1245 1331 testes.

883 1394 1099 1431 TESTES.

318 1464 356 1499 8.
386 1462 519 1513 Atqui,
542 1461 712 1512 judices,
733 1463 956 1513 priusquam
985 1462 1156 1500 rationes
1188 1463 1387 1500 ambarum
1408 1463 1729 1510 substantiarum,

262 1524 432 1564 Cononis
454 1531 550 1574 puta
569 1531 686 1574 atque
708 1524 952 1575 Nicophemi‚
970 1524 1095 1573 palam
1115 1524 1264 1569 fierent,
1279 1536 1392 1561 nemo
1405 1536 1480 1562 non
1497 1538 1733 1576 persuasumz

261 1586 332 1623 sibi
350 1585 533 1629 habebat,
555 1584 812 1621 substantiam
833 1584 1002 1622 Cononis
1021 1584 1170 1629 multis,
1183 1584 1313 1623 nescio
1335 1591 1445 1634 quot,
1465 1587 1639 1636 partibus
1649 1599 1729 1625 ma-

253 1650 377 1694 jorem
398 1658 485 1684 esse
505 1645 722 1682 substantia
742 1644 988 1694 Nicophemi.
1046 1644 1099 1682 Et
1118 1644 1236 1683 nihilo
1255 1650 1382 1682 tamen
1405 1646 1529 1684 minus
1548 1659 1729 1698 comper--
1785 1693 1787 1695 ι

262 1716 346 1746 tum
365 1713 434 1753 est,
458 1706 731 1755 Aristophanis
749 1706 1005 1743 substantiam
1024 1705 1214 1743 Timothei
1241 1706 1460 1744 substantia
1479 1707 1730 1746 solummodo

263 1768 436 1819 pauxillo
452 1767 640 1804 minorem
659 1779 767 1804 esse:
795 1779 882 1803 cum
899 1766 1129 1817 supellectili
1146 1766 1370 1816 possidebat
1389 1766 1669 1818 Aristophanes
1684 1769 1729 1806 in.

261 1829 390 1867 fundis
411 1828 458 1866 ad
480 1828 646 1865 valorem
668 1828 838 1877 quinque
855 1827 1089 1864 talentorum
1110 1834 1149 1864 et
1167 1826 1276 1877 plus;
1303 1827 1342 1864 in
1358 1827 1625 1877 choregatum,
1644 1841 1730 1878 quo,

262 1890 419 1941 gemino
440 1889 646 1926 defunctus
666 1895 739 1934 est,
753 1887 870 1926 semel
892 1888 1009 1938 patris
1030 1895 1111 1925 tum
1133 1900 1204 1924 suo
1219 1887 1389 1932 nomine,
1402 1888 1606 1939 quinquies
1619 1888 1731 1927 milla

264 1951 467 1990 drachmas
494 1949 695 2000 impendit,
720 1949 757 1986 in
785 1949 1060 1986 trierarchatus
1088 1948 1289 1998 octoginta
1319 1949 1458 1987 minas.
1516 1949 1732 2000 Constitui-4-

262 2012 375 2052 tionis
397 2011 562 2056 nomine,
582 2023 652 2060 pro
672 2023 789 2060 seque
818 2016 856 2047 et
875 2023 943 2060 pro
963 2016 1085 2060 patre,
1105 2009 1366 2059 quadraginta
1385 2010 1507 2051 minas
1534 2010 1625 2061 reip.
1646 2011 1721 2048 lar·

263 2074 365 2125 gitus
387 2079 461 2110 est.
518 2072 566 2118 In
591 2071 878 2121 navigationem
909 2071 946 2108 in
968 2070 1132 2108 Siciliam
1161 2078 1383 2120 susceptam
1412 2077 1566 2109 centum
1599 2071 1722 2110 minas

261 2134 461 2186 impendit.
519 2133 562 2170 In
584 2131 751 2170 classem
774 2132 925 2170 illarum
945 2132 1080 2170 decem
1100 2132 1269 2176 navium,
1284 2145 1381 2182 quas
1409 2131 1560 2182 Cypriis
1581 2145 1722 2182 rogan-

263 2197 367 2234 tibus
395 2193 624 2240 indulsistis,
652 2193 933 2240 instruendam,
952 2200 991 2231 et
1019 2193 1056 2230 in
1088 2192 1306 2230 mercedem
1335 2192 1586 2242 peltastarum
1615 2200 1654 2231 et
1682 2193 1731 2231 in.

262 2257 423 2309 pretium
444 2268 638 2301 armorum
657 2255 971 2299 coemendarum,
992 2254 1166 2304 erogavit
1189 2253 1346 2303 triginta
1371 2252 1488 2290 millia
1517 2252 1720 2292 drachma-

263 2331 362 2356 rum.
420 2317 519 2360 Quae
541 2316 672 2354 omnia
688 2316 726 2353 in
746 2328 934 2352 summam
951 2315 1114 2352 collecta
1130 2314 1275 2351 talenta
1293 2313 1506 2350 conficiunt
1520 2313 1637 2364 paulo
1652 2315 1731 2353 mi·-

263 2393 338 2418 nus
353 2378 587 2430 quindecim.
644 2377 838 2419 Quocirca
857 2376 966 2413 nulla
985 2375 1092 2412 vobis
1113 2383 1171 2413 est
1191 2374 1379 2425 querendi
1400 2387 1535 2418 causa,
1550 2374 1725 2425 judices,

263 2454 354 2480 cum
374 2440 429 2479 sic
449 2445 617 2484 constet,
634 2439 738 2476 bona
752 2436 1020 2487 Aristophanis
1046 2437 1197 2473 tertiam
1217 2442 1366 2487 partem
1383 2436 1569 2477 bonorum
1591 2436 1722 2477 Cono-

264 2503 323 2542 nis
338 2500 443 2539 haud
457 2500 572 2551 paulo
587 2499 790 2544 excedere,
803 2497 954 2536 tametsi
969 2504 1084 2534 antea
1105 2509 1217 2534 nemo
1239 2509 1314 2533 non
1336 2495 1557 2546 opinaretur
1571 2495 1722 2535 Aristo-

265 2564 404 2616 phanis
416 2562 520 2608 bona
532 2560 594 2597 vix
611 2559 817 2609 aliquotam
831 2565 978 2609 partem
991 2559 1181 2595 bonorum
1195 2556 1368 2594 Cononis
1379 2568 1575 2605 esse‚quae
1590 2555 1733 2597 Cono-r

265 2626 323 2664 nis
342 2625 443 2662 bona
459 2623 497 2660 in
511 2621 691 2660 confesso
707 2628 767 2657 est
782 2619 851 2657 rite
871 2627 986 2669 atque
1003 2620 1107 2656 bona
1122 2618 1194 2656 fide
1214 2629 1332 2655 censa
1344 2623 1381 2654 et
1397 2617 1446 2654 ab
1460 2616 1545 2666 ipso
1559 2617 1720 2655 Conone

265 2685 457 2724 aestimata
482 2692 598 2734 atque
619 2680 789 2719 indicata
807 2680 940 2717 fuisse.
991 2680 1079 2717 Non
1100 2679 1246 2717 contuli
1266 2678 1368 2715 hanc
1388 2677 1436 2714 ad
1453 2690 1641 2720 summam
1661 2691 1731 2726 ea,¹

265 2761 353 2799 quae
368 2745 634 2796 Nicophemus
653 2743 736 2793 ipse
754 2742 790 2778 in
811 2741 941 2792 Cypro
961 2741 1148 2792 possedit,
1165 2739 1229 2777 ubi
1246 2752 1332 2776 cum
1348 2751 1466 2776 uxore
1482 2738 1596 2776 filiam
1612 2739 1731 2781 aluit..

318 2811 357 2847 9.
389 2809 490 2846 Satis
511 2807 605 2845 mibi
622 2805 752 2842 videor
772 2803 978 2854 protulisse
997 2803 1331 2844 documentorum,
1352 2801 1455 2842 unde
1479 2801 1718 2851 intelligatis,

257 2870 426 2925 judice&
442 2883 500 2914 me
522 2867 676 2913 nonnisi
690 2867 837 2917 justum
859 2872 898 2910 et
917 2877 1073 2915 aequum
1092 2862 1302 2914 postulare,
1320 2875 1406 2899 cum
1424 2861 1587 2912 postulo,
1600 2868 1718 2917 atque

264 2945 332 2976 vos
351 2944 462 2981 rogo„
480 2943 526 2967 ne
551 2929 658 2966 falsae
675 2924 843 2977 opinioni
864 2925 912 2963 de
928 2924 1178 2975 amplitudine
1193 2925 1378 2962 bonorum
1396 2925 1442 2960 ab
1460 2921 1732 2972 Aristophane
