1911 3248
246 221 270 255 4
623 209 1000 251 ANTIPHONTIS
1032 206 1338 247 ACCUSATIO

251 332 406 373 prorsus
432 318 552 364 rudis,
570 317 638 356 sed
665 330 711 355 ea
737 327 890 367 quoque
916 314 1031 364 hujus
1057 319 1117 350 est
1137 323 1268 349 causae
1287 314 1438 354 natura,
1457 306 1642 344 utramvis
1662 306 1700 344 in

251 388 396 433 partem
424 378 621 430 impedita,
641 386 683 414 ut
710 378 788 414 sive
807 376 977 412 omittam
998 374 1075 411 sive
1098 383 1317 423 persequar,
1339 369 1570 418 iniquissimo
1589 375 1704 416 atque

251 440 456 480 durissimo
489 439 575 476 loco
604 451 663 475 me
691 436 917 475 conclusum
944 434 1119 471 videam:
1149 433 1276 469 scelus
1302 431 1424 473 fuerit,
1450 430 1484 465 in
1515 428 1704 465 mandatis

252 498 513 550 exsequendis
540 511 689 536 cessare
709 497 825 547 patris
844 496 926 546 ejus
945 494 1006 544 qui
1029 493 1132 531 necis
1153 505 1234 528 suae
1254 503 1386 542 poenas
1408 497 1449 526 ut
1469 489 1516 525 ab
1537 488 1703 525 auctori-

251 563 324 600 bus
341 566 549 612 repeterem
565 559 739 609 expirans
755 557 843 594 mihi
863 555 1078 605 delegavit3
1111 561 1149 591 at
1164 565 1292 590 rursus
1309 560 1436 589 tamen
1456 548 1705 600 peracerbum

253 621 394 660 accidit
412 621 498 665 hoc,
514 619 618 670 quod
638 618 710 656 ista
728 617 911 655 mandata
930 616 1045 666 patris
1064 627 1278 664 exsequens
1299 612 1422 649 facere
1438 623 1512 647 non
1530 621 1705 659 possum,

253 694 331 732 quo
350 680 476 718 minus
499 678 756 717 simultatibus
778 678 963 727 bellisque
982 689 1067 714 cum
1089 675 1131 712 iis
1151 674 1336 726 implicer,
1354 685 1441 711 cum
1461 671 1600 722 quibus
1619 669 1709 708 odia

258 741 402 792 suscipi
423 741 591 779 omnium
612 740 763 777 minime
784 739 960 782 decebat,
980 751 1068 776 cum
1092 736 1270 774 fratribus
1293 742 1386 786 puta
1410 733 1602 772 communi
1628 744 1707 770 me·

256 815 344 841 cum
367 809 474 853 patre
495 801 574 839 usis
595 807 634 838 et
653 813 739 838 cum
761 812 891 837 eorum
910 806 1030 836 matre
1053 810 1219 835 noverca
1245 809 1341 833 mea.
1400 795 1457 832 Ea
1485 806 1622 844 nempe
1650 799 1710 830 est

256 863 427 901 adversae
447 874 542 899 rneae
561 861 674 898 sortis
695 860 872 898 scaevitas
896 871 1017 908 eaque
1043 857 1264 908 improbitas
1291 854 1594 893 adversariorum
1622 865 1709 890 cum

258 923 398 974 quibus
420 922 645 960 certandum
666 921 755 958 mihi
775 926 848 965 est,
867 927 909 956 ut
928 926 966 957 et
985 919 1032 956 ab
1053 918 1152 955 illius
1172 917 1422 967 perversitate
1442 922 1481 952 et
1499 915 1547 951 ab
1574 914 1710 950 horum

255 983 467 1035 pertinacia
495 988 672 1020 coactum
700 993 761 1018 me
789 980 937 1018 videam
967 980 1003 1016 in
1029 979 1102 1016 hoc
1127 985 1318 1015 certamen
1347 976 1594 1020 descendere,
1614 986 1711 1024 quos

258 1049 561 1082 consentaneum
583 1049 664 1080 erat
689 1049 728 1079 et
754 1049 949 1092 perempto
973 1040 1117 1077 ultores
1147 1050 1369 1076 succurrere
1395 1047 1433 1074 et
1459 1035 1598 1073 vindici
1625 1047 1711 1072 san-

259 1104 382 1154 guinis
402 1102 549 1154 paterni
570 1101 792 1140 auxiliatum
816 1101 958 1138 venire.
1014 1100 1067 1136 At
1086 1099 1183 1136 enim
1205 1112 1308 1143 vero,
1324 1105 1456 1135 contra
1471 1109 1586 1148 quam
1605 1108 1716 1146 opor-

258 1164 375 1209 tebat,
402 1168 610 1201 evenerunt
636 1161 778 1199 omnia.
837 1160 887 1197 Hi
916 1160 1015 1197 enim
1042 1159 1113 1210 ipsi
1138 1159 1322 1196 adversus
1347 1170 1406 1194 me
1427 1157 1580 1194 fratrem
1600 1169 1712 1193 suum

262 1230 437 1275 pugnant
463 1230 502 1260 et
526 1223 643 1274 patris
667 1222 724 1259 sui
748 1221 957 1272 parricidas
979 1233 1021 1258 se
1041 1228 1192 1271 gerunt,
1213 1222 1321 1266 cujus
1341 1217 1531 1269 parricidii
1551 1230 1625 1267 ego
1645 1230 1713 1255 eos

262 1284 397 1322 eadem
429 1282 647 1321 constantia
673 1295 776 1318 nunc
799 1281 924 1318 verbis
953 1293 1016 1318 ore
1039 1281 1198 1330 prolatis
1223 1279 1414 1322 insimulo,
1436 1291 1511 1328 qua
1531 1278 1652 1315 verbis
1676 1279 1713 1314 in

263 1343 426 1382 formula
441 1343 558 1380 libelli
575 1342 802 1380 accusatorii
817 1342 1058 1391 scriptisjam
1072 1341 1300 1378 insimulavi.
1354 1341 1496 1383 Quare,
1511 1339 1542 1376 si
1557 1339 1714 1389 planum

265 1407 393 1443 fecero
413 1413 571 1441 matrem
593 1404 725 1440 horum
748 1403 922 1453 [fratrum
949 1415 1134 1446 meorum,
1159 1415 1226 1439 seu
1255 1413 1456 1438 novercam
1487 1399 1628 1448 meam]
1650 1412 1716 1437 ne-

265 1478 347 1503 cem
368 1465 399 1503 ei
421 1464 531 1515 patri,
551 1465 615 1513 qui
639 1463 727 1500 mihi
745 1477 831 1500 curn
853 1463 1030 1500 fratribus
1052 1463 1266 1500 communis
1288 1470 1358 1507 est,
1377 1461 1552 1499 nefandis
1571 1461 1716 1498 artibus

264 1525 511 1568 conscivisse,
537 1536 632 1573 quas
661 1530 758 1560 artes
786 1536 830 1560 ea
855 1536 931 1559 non
958 1523 1074 1560 semel
1105 1524 1170 1560 sed
1200 1525 1332 1560 crebro
1360 1524 1394 1560 in
1424 1523 1542 1573 patris
1569 1528 1717 1572 pestem

263 1585 443 1624 factitans
464 1584 703 1634 deprehensa
722 1584 806 1629 fuit,
826 1591 905 1621 tum
924 1597 1016 1634 rogo
1034 1597 1115 1627 vos,
1129 1584 1295 1634 judices,
1321 1591 1361 1620 ut
1379 1585 1540 1634 primurn
1563 1583 1716 1632 quidem

263 1647 373 1696 leges
393 1651 541 1682 vestras
563 1644 775 1688 vindicetis,
796 1658 891 1694 quas
909 1658 930 1682 a
945 1645 1015 1682 diis
1030 1652 1067 1681 et
1083 1658 1104 1681 a
1121 1645 1324 1695 majoribus
1344 1645 1481 1682 vestris
1500 1657 1566 1694 per
1581 1656 1718 1680 manus

265 1705 424 1743 traditas
452 1704 555 1741 nacti
582 1704 677 1741 tanti
702 1704 840 1749 facitis,
860 1711 903 1741 ut
925 1712 1011 1742 ante
1033 1706 1389 1743 condemnationem
1412 1717 1577 1749 reorum,
1598 1704 1633 1741 in
1655 1716 1718 1741 eas

267 1766 489 1816 inspiciatis,
513 1777 702 1814 causaque
728 1766 883 1814 cognita
908 1765 1076 1810 demum,
1097 1779 1232 1816 poenas
1258 1767 1305 1802 ab
1327 1766 1371 1802 iis
1392 1765 1614 1815 praefinitas,
1635 1777 1720 1815 per-

267 1827 358 1865 inde
387 1834 498 1876 atque
528 1825 688 1876 majores
719 1826 904 1869 fecerunt,
935 1827 1198 1864 condemnatis
1228 1827 1421 1878 irrogetis;
1455 1826 1595 1864 deinde
1627 1838 1721 1876 rogo

268 1899 351 1931 vos,
372 1892 413 1922 ut
433 1885 525 1935 patri
549 1892 761 1934 peremptO,
782 1897 932 1936 unaque
953 1886 1041 1923 mihi
1069 1900 1219 1937 quoque
1245 1887 1307 1937 qui
1334 1888 1437 1924 solus
1467 1888 1515 1924 ab
1544 1887 1721 1925 omnibus

270 1947 476 1985 derelictus
496 1959 652 1984 causam
673 1946 754 1996 ejus
777 1960 849 1996 ago
871 1948 1116 1985 subveniatis.
1175 1949 1238 1985 Ad
1260 1961 1327 1986 vos
1352 1956 1546 1999 receptum
1574 1949 1720 1986 habeo:

271 2021 338 2045 vos
360 2007 449 2044 mihi
474 2019 576 2043 nunc
596 2007 680 2043 loco
698 2008 995 2045 necessariorum
1015 2009 1119 2045 estis.
1177 2009 1274 2045 Nam
1295 2022 1393 2059 quos
1413 2012 1618 2059 oportebat
1636 2012 1724 2048 sub·

271 2067 350 2105 lato
372 2067 530 2114 ultores,
551 2066 641 2103 mihi
662 2074 786 2104 autem
813 2068 936 2105 socios
962 2081 1061 2112 esse,
1082 2068 1118 2105 hi
1147 2070 1250 2106 necis
1276 2069 1310 2105 in
1336 2069 1399 2106 illo
1429 2078 1587 2120 patratae
1615 2080 1722 2109 reatu

273 2142 313 2166 se
333 2128 507 2178 obligant
527 2135 565 2165 et
583 2127 618 2163 in
634 2127 781 2177 judicio
800 2141 954 2165 causam
975 2142 1096 2166 meam
1118 2129 1263 2166 infestis
1283 2130 1417 2166 animis
1443 2131 1632 2180 armisque
1660 2131 1725 2168 irn-

274 2195 461 2239 pugnant.
519 2187 717 2238 Ejusmodi
738 2188 823 2225 loco
844 2189 1047 2226 conclusus
1067 2202 1210 2239 ecquos
1230 2191 1279 2227 ad
1298 2191 1390 2227 alios
1410 2191 1570 2228 accedat
1586 2193 1724 2238 socios,

275 2251 456 2289 auxilium
487 2250 688 2300 rogatum?
721 2263 841 2300 ecquo
867 2251 940 2289 alio
967 2252 1168 2302 perfugiat,
1188 2265 1302 2302 quam
1330 2253 1378 2290 ad
1399 2266 1479 2299 vos,
1498 2253 1666 2304 judices,
1687 2262 1726 2293 et

277 2313 325 2351 ad
338 2313 403 2363 jus
422 2312 598 2362 aequum?

329 2374 367 2409 2.
400 2373 529 2416 Miror,
563 2385 639 2422 qua
668 2372 822 2409 tandem
859 2382 986 2410 mente
1020 2374 1135 2410 frater
1163 2387 1317 2412 causam
1348 2388 1443 2413 meae
1473 2376 1725 2416 adversariam

277 2431 460 2470 tuendam
493 2431 562 2468 sibi
590 2432 755 2482 ceperit;
785 2439 824 2469 et
853 2445 942 2469 num
977 2432 1011 2469 in
1042 2433 1113 2470 hoc
1143 2434 1224 2471 solo
1256 2435 1437 2484 pietatem
1469 2449 1562 2486 erga
1591 2450 1727 2488 paren-

278 2498 336 2530 tes
365 2492 468 2530 cerni
498 2498 683 2536 autumet,
711 2493 740 2529 si
767 2491 866 2529 filius
891 2493 1094 2530 commoda
1123 2495 1253 2531 matris
1284 2495 1443 2543 prodere
1477 2496 1584 2534 nolit.
1642 2498 1729 2549 Ego

277 2565 366 2590 vero
386 2551 508 2590 multo
527 2552 692 2589 atrocius
711 2551 784 2589 hoc
803 2565 890 2590 esse
911 2553 968 2590 aio
994 2553 1199 2604 impietatis
1227 2555 1460 2605 exemplum,
1486 2557 1516 2593 si
1545 2557 1644 2595 filius
1674 2559 1732 2596 in-

282 2625 395 2662 super
414 2611 556 2650 habeat
572 2613 716 2661 paterni
737 2612 932 2662 sanguinis
949 2626 1015 2662 per
1032 2614 1140 2651 nefas
1158 2614 1267 2652 effusi
1285 2614 1466 2653 ultionem
1484 2617 1520 2653 in
1537 2616 1731 2656 homicida

282 2673 445 2722 exsequi,
471 2672 684 2723 praesertim
711 2673 746 2709 in
776 2679 883 2709 tanta
908 2673 1128 2723 disparitate
1153 2681 1274 2712 sortes
1300 2677 1488 2726 perempti
1515 2683 1554 2714 et
1582 2690 1728 2728 perem-

284 2731 414 2781 ptricis
434 2731 706 2769 intercedente.
764 2731 834 2769 Ille
856 2732 954 2769 enim
981 2732 1148 2783 effugere
1168 2741 1328 2772 mortem
1355 2748 1430 2773 non
1456 2737 1594 2787 potuit,
1616 2750 1731 2788 quam

285 2791 460 2828 toleravit
487 2792 750 2838 invitissimus,
779 2805 825 2829 ex
856 2792 1000 2830 insidiis
1029 2794 1293 2842 clandestinis,
1324 2809 1422 2846 quas
1452 2797 1662 2847 praevidere
1692 2806 1732 2837 et

285 2850 426 2888 evitare
455 2863 529 2887 non
558 2859 719 2902 poterat,
747 2862 1030 2904 comparatam3
1059 2854 1142 2892 haec
1161 2869 1252 2893 vero
1279 2865 1413 2907 sponte
1433 2870 1517 2903 sua,
1538 2871 1560 2896 a
1578 2858 1731 2896 nemine

289 2916 438 2955 coacta,
459 2923 588 2948 necem
610 2913 643 2950 ei
663 2913 780 2958 dedit,
801 2926 875 2951 non
894 2914 1037 2952 furioso
1056 2915 1190 2954 ardore
1211 2917 1418 2955 iracundiae
1446 2919 1653 2969 repentinae
1675 2919 1732 2957 in-
