1822 3219
211 186 283 222 156
849 187 1016 225 LYSIAE

200 285 339 322 cedere
351 285 594 325 videbantur.
651 287 786 325 Multis
799 288 927 338 itaque
941 287 1092 338 populis
1109 285 1370 336 imperitantes
1383 297 1405 322 a
1421 298 1461 323 se
1475 287 1660 332 subactis,

200 359 289 384 cum
309 346 427 384 sando
447 347 495 385 dc
514 349 648 398 patriae
661 356 803 386 nostrae
822 349 972 398 magnis
995 348 1171 385 laudibus
1190 346 1444 392 inaudissent‚
1455 347 1663 384 stimulatae

198 420 288 446 cum
305 408 437 458 gloriae
451 409 644 448 illecebris
663 417 743 448 tum
764 423 832 460 spe
851 411 1108 460 praemiorum,
1124 408 1425 446 bellicosissimis
1443 409 1664 459 quibusque

203 469 383 518 gentibus
402 470 440 507 in
456 471 682 509 societatem
696 470 787 508 belli
803 470 976 515 adscitis,
989 470 1172 509 adversus
1186 469 1290 507 hanc
1305 470 1437 506 urbem
1451 475 1664 506 moverunt.

207 528 283 566 Ubi
313 542 401 568 cum
433 531 597 568 fortibus
630 532 894 569 occurrissent
922 531 1025 575 viris,
1055 531 1201 568 rediere
1240 530 1332 581 ipsis
1365 530 1479 568 animi
1516 537 1666 566 naturae

203 587 373 641 ipsarum
406 593 548 630 similes
583 593 882 644 opinionemque
912 592 1006 643 ipsae
1034 592 1106 629 sibi
1138 592 1216 629 suis
1250 591 1361 629 factis
1395 596 1668 629 contraxerunt

206 652 377 702 pristinae
397 652 508 691 famae
529 654 773 700 contrariam,
790 666 867 703 qua
884 653 1044 697 factum,
1061 658 1117 698 ut,
1130 653 1257 690 minus
1272 665 1292 690 e
1313 658 1451 689 natura
1469 663 1557 701 quae
1573 650 1668 701 ipsis

205 712 448 762 contigisset,
461 727 577 764 quam
595 727 615 751 e
635 715 906 764 speciminibus
927 713 1142 751 animorum
1161 725 1246 762 quae
1268 711 1466 749 dedissent
1485 711 1522 748 in
1545 718 1669 749 certa-

207 773 376 811 minibus
389 774 552 820 bellicis,
568 775 744 812 mulieres
759 774 1002 812 haberentur.
1051 773 1153 811 Solae
1167 773 1229 810 hae
1245 778 1451 810 caruerunt
1465 785 1512 810 eo
1526 771 1669 815 fructu,

211 845 326 882 quem
348 834 411 871 alii
432 835 480 871 ab
509 836 698 872 erroribus
728 835 805 872 suis
835 834 1027 872 referunt:
1057 834 1277 884 resipiscere
1307 831 1482 882 quamvis
1510 844 1531 868 e
1559 831 1669 868 malis

209 893 288 931 suis
307 894 548 941 didicissent,
570 908 647 933 non
670 902 799 933 tamen
818 895 926 933 licuit
945 894 1040 945 ipsis
1061 894 1128 931 illa
1145 894 1182 930 in
1201 900 1396 944 posterum
1420 892 1612 942 sapientia
1631 891 1670 928 in

209 953 406 1003 capiendis
427 955 598 992 consiliis
615 956 685 1002 uti,
701 968 826 1005 neque
846 955 1003 992 domum
1019 954 1184 992 reversis
1203 954 1312 992 licuit
1331 960 1370 991 et
1389 965 1498 990 suam
1519 952 1672 990 cladem

210 1020 252 1051 et
269 1015 457 1065 majorum
477 1023 694 1054 nostrorum
714 1017 893 1053 virtutem
913 1016 1163 1058 renunciare;
1192 1015 1231 1052 in
1252 1015 1333 1051 acie
1361 1014 1462 1051 enim
1487 1026 1577 1051 cum
1601 1025 1673 1063 pu-

211 1081 378 1123 gnantes
392 1075 665 1113 occubuissent
677 1088 821 1125 easque
833 1075 1038 1113 dementiae
1053 1087 1134 1112 suae
1145 1074 1300 1112 meritas
1313 1074 1511 1112 dedissent
1523 1085 1673 1123 poenas,

213 1134 360 1172 civitati
395 1134 558 1185 gloriam
578 1135 726 1173 virtutis
755 1135 1008 1172 immortalem
1029 1147 1227 1186 peperere,
1250 1147 1332 1171 suae
1349 1140 1475 1172 autem
1496 1132 1629 1184 patriae
1651 1144 1675 1171 e

212 1195 329 1233 clade
351 1195 412 1234 hic
432 1203 595 1247 accepta
615 1196 790 1234 dedecus
815 1195 1080 1246 ignobilitatis.
1138 1195 1205 1232 Sic
1231 1194 1316 1232 illas
1346 1193 1503 1245 quidem
1531 1193 1674 1245 injusta

215 1258 402 1294 bonorum
421 1257 635 1294 alienorum
656 1257 842 1306 appetitio
855 1256 943 1307 jure
964 1255 1098 1293 merito
1119 1255 1245 1292 fructu
1266 1252 1423 1292 suorum
1443 1253 1655 1291 mulctavit.

269 1319 308 1354 4.
339 1316 508 1354 Adrasto
529 1323 657 1354 autem
679 1324 718 1354 et
738 1316 913 1368 Polynici
928 1322 967 1354 et
981 1317 1013 1354 si
1029 1317 1094 1367 qui
1111 1316 1172 1354 alii
1189 1328 1276 1352 cum
1292 1315 1366 1352 illis
1382 1315 1520 1352 infesta
1534 1314 1676 1352 Thebis

217 1389 323 1414 arma
341 1377 576 1422 intulissent,
596 1390 683 1414 cum
704 1377 786 1414 acie
805 1376 915 1414 victis
937 1376 1099 1414 Cadmei
1118 1376 1328 1427 sepulturae
1348 1376 1585 1425 denegarent
1608 1373 1679 1412 ho·
1716 1371 1723 1374 ⁴

217 1450 346 1481 nores,
361 1437 618 1475 Athenienses
633 1438 704 1475 rati
720 1437 806 1475 illos
823 1437 992 1488 quidem,
1009 1438 1041 1475 si
1055 1437 1148 1487 quid
1164 1437 1429 1486 deliquissent,
1442 1435 1525 1486 ejus
1541 1447 1678 1485 poenas

220 1498 400 1536 obeunda
420 1506 544 1536 morte
563 1499 719 1537 dedisse
746 1512 834 1549 quae
859 1499 942 1536 dari
969 1506 1127 1549 possent
1152 1499 1344 1544 maximae,
1366 1497 1459 1535 deos
1483 1504 1614 1535 autem
1639 1503 1681 1534 et

219 1559 361 1596 inferos
384 1558 500 1610 justis
520 1559 704 1606 fraudari,
720 1566 760 1598 et
782 1573 942 1610 superos
968 1560 1102 1598 violari
1125 1559 1320 1610 impietate
1346 1558 1491 1609 quippe
1518 1569 1679 1608 quorum

219 1619 311 1657 fana
328 1619 608 1670 polluerentur,
628 1620 756 1658 missis
775 1620 825 1658 ad
852 1620 1045 1659 Cadmeos
1073 1620 1290 1666 seeialibus,
1309 1620 1502 1670 rogabant
1527 1619 1678 1657 veniam

215 1681 392 1732 jacentes
408 1681 458 1719 ad
478 1682 716 1733 sepulturam
734 1681 909 1728 tollendi,
928 1682 1192 1720 existimantes
1212 1681 1330 1718 sortes
1357 1679 1513 1730 quidem
1539 1679 1682 1717 decere

221 1743 326 1781 viros
352 1743 400 1780 ab
426 1743 589 1781 inimicis
616 1743 746 1782 adhuc
777 1744 1049 1793 superstitibus
1077 1742 1296 1794 injuriarum
1329 1754 1466 1792 poenas
1498 1747 1683 1792 repetere,

222 1803 396 1841 imbelles
416 1810 544 1842 autem
565 1805 745 1855 ipsosque
765 1804 836 1842 sibi
854 1804 1075 1842 diffidentes
1094 1804 1132 1841 in
1153 1802 1336 1841 exanimis
1355 1801 1582 1853 corporibus
1600 1801 1684 1839 ani-

226 1877 374 1902 morum
394 1865 469 1902 vim
489 1872 707 1903 ostentare:
737 1878 869 1903 verum
888 1864 1030 1916 repulsi
1058 1864 1254 1902 Cadmeos
1279 1863 1403 1901 adorti
1429 1868 1536 1908 sunt,
1555 1875 1683 1913 neque

225 1926 361 1964 horum
382 1927 471 1964 odio
491 1926 723 1976 quibuscum
750 1926 876 1963 nullas
903 1933 993 1964 ante
1021 1925 1235 1962 simultates
1263 1924 1540 1968 exercuissent,
1559 1935 1685 1973 neque

228 1987 459 2037 Argivorum
475 1986 723 2036 superstitum
741 1986 877 2037 gratia,
892 1986 960 2024 sed
976 1992 1178 2024 censentes
1193 1985 1232 2022 in
1247 1984 1358 2022 bellis
1373 1996 1496 2022 caesos
1511 1991 1686 2035 oportere

222 2047 329 2098 justa
348 2047 471 2086 ferre:
501 2054 733 2098 quapropter
751 2047 937 2085 adversus
958 2046 1098 2085 alteros
1117 2059 1187 2096 pro
1213 2046 1400 2083 ambobus
1426 2045 1684 2089 dimicabant;

228 2123 298 2160 pro
311 2110 492 2148 Cadmeis
507 2110 676 2160 quidem,
690 2117 734 2147 ut
745 2110 1088 2160 imposterumju‘ra
1101 2108 1371 2146 defunctorum
1383 2107 1562 2146 violando
1578 2119 1687 2146 suam

227 2183 321 2221 erga
340 2171 434 2209 deos
455 2172 692 2222 impietatem
713 2170 796 2208 aliis
817 2183 864 2208 ex
884 2170 966 2207 aliis
987 2169 1112 2207 modis
1133 2180 1366 2219 exaggerare
1387 2181 1436 2206 ne
1460 2174 1686 2219 pergerent;

231 2244 300 2281 pro
318 2232 470 2280 Argivis
491 2238 631 2276 autem,
645 2238 685 2268 ut
703 2232 740 2268 in
761 2230 922 2280 patriam
942 2243 989 2267 ne
1009 2229 1189 2274 redirent,
1202 2229 1411 2266 honoribus
1432 2240 1452 2265 e
1473 2229 1542 2265 ritu
1565 2228 1688 2278 patrio

232 2291 305 2328 sibi
327 2292 464 2328 debitis
485 2291 651 2328 fraudati
671 2291 847 2340 legisque
868 2290 1020 2327 Graecae
1046 2296 1217 2327 exsortes
1246 2297 1283 2326 et
1312 2302 1379 2339 spe
1409 2289 1602 2326 communi
1621 2301 1688 2327 ex·

235 2351 345 2388 clusi.
404 2350 498 2387 Haec
533 2349 653 2388 nostri
688 2356 908 2400 spectantes
943 2350 1160 2399 animisque
1193 2349 1397 2399 agitantes,
1424 2349 1690 2400 bellorumque

235 2411 391 2448 fortuita
413 2410 554 2448 nemini
575 2423 652 2447 non
671 2410 820 2447 mortali
841 2410 1057 2447 communia
1076 2417 1294 2453 censentes,
1310 2410 1519 2447 multorum
1537 2409 1690 2459 quidem

235 2471 274 2507 in
296 2483 336 2507 se
354 2470 442 2507 odia
462 2478 501 2507 et
521 2483 626 2507 arma
646 2471 935 2515 convertebant,
949 2477 1209 2508 verumtamen
1231 2470 1437 2508 vincebant
1452 2469 1692 2514 dimicantes,

238 2538 371 2581 utpote
386 2531 451 2580 jus
472 2537 510 2568 et
530 2531 588 2568 sas
606 2530 712 2567 velut
733 2531 770 2566 in
801 2530 948 2567 auxiliis
976 2530 1185 2569 habentes:
1217 2543 1344 2579 neque
1371 2543 1393 2568 a
1421 2530 1590 2567 secunda
1614 2529 1692 2568 sor-

239 2600 334 2629 tuna
355 2590 486 2636 inflati,
505 2603 640 2640 poenas
661 2603 684 2628 a
703 2590 884 2628 Cadmeis
904 2591 1121 2628 acerbiores
1140 2597 1311 2641 repetere
1336 2596 1404 2626 aut
1430 2590 1595 2639 superba
1622 2589 1694 2627 im·

237 2666 369 2702 perare
391 2651 598 2694 audebant,
612 2650 679 2688 sed
701 2650 852 2688 illorum
866 2651 1066 2701 impietati,
1082 2651 1187 2688 velut
1201 2649 1473 2694 adversariam,
1491 2662 1598 2687 suam
1616 2650 1694 2700 pie-

240 2721 356 2750 tatem
375 2712 570 2762 animique
584 2711 854 2749 celsitudinem
869 2711 905 2747 in
922 2712 1138 2760 exemplum
1154 2710 1262 2760 quasi
1274 2711 1538 2761 opponebant,
1550 2711 1696 2761 adepti·

242 2786 318 2821 que
341 2786 494 2810 suorum
515 2772 762 2810 certaminum
786 2770 849 2807 illa
870 2771 952 2820 ipsa
980 2772 1136 2821 praemia
1162 2783 1324 2820 quorum
1354 2783 1473 2807 causa
1498 2779 1694 2817 venerant,

241 2833 394 2870 domum
419 2833 719 2878 revertebantur,
740 2832 972 2881 Argivorum
994 2838 1085 2880 puta
1102 2843 1275 2880 corpora,
1289 2843 1377 2880 quae
1397 2831 1432 2867 in
1456 2831 1596 2882 oppido
1615 2844 1696 2868 suae

243 2893 398 2930 ditionis
420 2893 600 2931 Eleusine
619 2892 951 2930 contumulabant.
1011 2891 1069 2928 Ad
1093 2891 1196 2928 hunc
1219 2903 1310 2940 ergo
1331 2890 1486 2929 modum
1505 2905 1595 2941 erga
1612 2891 1695 2928 illos
