1822 3219
750 427 1123 482 LYSIAE

305 565 394 614 DE
432 564 732 621 ANTIQUA
771 564 944 612 RElP.
982 565 1220 614 FORMA
1258 565 1552 615 ATHENIS

632 647 774 696 NON
812 647 1233 696 IMMUTANDA
1470 650 1476 657 '

757 760 1094 802 ORATIO.

678 906 827 947 [AEmylio
844 908 939 937 Porto
954 907 1156 950 Interprete.]

256 1059 289 1095 1.
316 1055 416 1092 CUM
450 1057 675 1103 putaremus
712 1045 926 1100 praeteritas
963 1049 1216 1098 calamitates,
1252 1052 1521 1101 Athenienses,
1557 1054 1653 1093 satin

196 1115 388 1157 evidentia
407 1118 656 1151 monumenta
675 1110 758 1147 urbi
778 1122 876 1155 esse,
906 1122 954 1147 ne
978 1111 1119 1160 posteri
1145 1124 1245 1150 nova
1274 1113 1450 1152 instituta
1478 1121 1520 1153 et·
1544 1115 1648 1154 aliud

197 1178 366 1230 regimen
387 1179 576 1226 peterent,
597 1180 689 1210 tunc
709 1170 828 1208 exorti
845 1177 933 1208 sunt
954 1170 1006 1208 illi
1025 1172 1088 1221 qui
1109 1179 1149 1209 et
1176 1173 1277 1212 mala
1295 1187 1430 1224 passos
1449 1181 1488 1213 et
1506 1176 1647 1214 utrius-

196 1252 270 1292 que
286 1239 378 1288 reip.
398 1237 592 1274 fortunam
623 1239 799 1284 expertos
827 1231 962 1269 iisdem
986 1232 1124 1282 quibus
1153 1241 1266 1271 antea
1286 1235 1452 1273 decretis
1471 1236 1648 1287 decipere

195 1310 233 1341 et
253 1297 524 1340 circumvenire
544 1302 745 1334 conantur.
805 1293 952 1330 Idcirco
968 1305 1043 1330 non
1066 1294 1150 1331 illos
1170 1295 1297 1342 miror,
1313 1297 1379 1334 sed
1400 1309 1466 1334 vos
1481 1298 1547 1348 qui
1562 1298 1646 1336 haec

195 1363 351 1407 auditis,
374 1359 478 1410 quod
503 1357 670 1395 omnium
700 1355 792 1392 estis
823 1355 988 1391 maxime
1018 1354 1190 1392 obliviosi
1219 1363 1258 1393 et
1287 1364 1364 1394 tam
1385 1357 1496 1395 facile
1515 1358 1646 1397 induci

194 1438 262 1463 vos
283 1424 320 1460 in
343 1418 586 1458 incommoda
606 1430 628 1454 a
647 1416 788 1453 talibus
812 1415 947 1459 sinitis,
968 1414 1033 1464 qui
1050 1428 1143 1453 casu
1164 1416 1338 1466 ejusdem
1364 1416 1528 1455 fortunae
1556 1431 1644 1456 cum

193 1487 253 1524 his
272 1483 338 1534 qui
361 1494 410 1519 ex
430 1480 554 1517 Piraeo
574 1477 766 1515 redierunt
787 1475 891 1512 fuere
911 1475 1129 1526 participes,
1150 1477 1275 1513 animo
1295 1489 1384 1513 vero
1414 1477 1486 1514 illis
1515 1479 1581 1528 qui
1608 1479 1645 1516 in

192 1548 288 1585 urbe
303 1546 569 1582 remanserunt
587 1538 795 1575 adhaesere.
836 1535 897 1572 Ad
912 1535 1004 1585 quid
1022 1543 1148 1573 autem
1163 1537 1313 1574 exsules
1329 1539 1464 1574 reverti
1484 1546 1649 1589 oportet,

193 1610 223 1648 si
244 1620 311 1645 vos
330 1606 434 1655 ipsos
449 1608 576 1639 vestra
594 1597 782 1636 sententia
796 1604 834 1634 et
854 1596 1010 1634 decreto
1029 1597 1067 1633 in
1087 1597 1310 1634 servitutem
1328 1598 1539 1647 redigatis?

247 1671 285 1704 2.
316 1666 401 1715 Ego
423 1674 528 1706 vero,
544 1659 816 1702 Athenienses,
845 1657 910 1706 qui
936 1670 1063 1706 neque
1089 1670 1228 1706 genere
1254 1671 1275 1694 a
1305 1659 1554 1697 concionibus
1581 1671 1646 1698 ex-

192 1728 328 1768 cludor
354 1736 480 1774 neque
503 1721 617 1759 bonis
646 1719 713 1755 ulli
746 1717 899 1755 inferior
924 1730 1022 1761 sum,
1048 1717 1191 1766 quique
1219 1717 1310 1754 mihi
1336 1718 1646 1759 contradicentes

191 1789 364 1838 utrisque
400 1795 552 1834 supero,
579 1781 678 1817 hanc
716 1778 838 1815 solum
876 1777 959 1814 urbi
996 1777 1161 1814 salutem
1197 1790 1281 1815 esse
1312 1784 1419 1828 puto,
1452 1778 1484 1815 si
1513 1792 1646 1819 omnes

192 1852 292 1889 cives
313 1847 359 1884 ad
383 1845 486 1882 urbis
508 1839 770 1892 gubernacula
788 1838 1091 1882 admoveantur;
1126 1838 1307 1887 quoniam
1328 1851 1417 1875 cum
1437 1845 1476 1876 et
1500 1853 1645 1889 muros,

191 1923 322 1953 naveS,
343 1905 539 1958 pecunias,
559 1903 688 1940 socios
707 1899 967 1944 habuerimus,
987 1911 1063 1935 non
1095 1898 1218 1935 solum
1250 1898 1287 1935 id
1313 1900 1582 1950 spectavimus,
1602 1909 1646 1941 ut

193 1968 488 2012 Atheniensium
506 1965 591 2002 baec
612 1968 741 2001 essent
759 1959 926 2011 propria,
945 1959 1014 1997 sed
1034 1966 1073 1997 et
1093 1959 1372 1996 Euboeensibus
1384 1960 1448 2010 jus
1464 1963 1646 2001 connubii

192 2036 433 2074 faceremus:
463 2039 565 2064 nunc
585 2037 675 2062 vero
696 2023 812 2060 etiam
827 2022 934 2072 ipsos
956 2021 1059 2058 cives
1077 2019 1313 2070 perdemus?
1371 2021 1645 2072 Nequaquam,

192 2095 283 2134 mihi
304 2091 472 2132 credite;
503 2099 626 2137 neque
642 2086 742 2122 enim
763 2097 851 2120 cum
865 2083 981 2119 muris
996 2088 1034 2119 et
1051 2081 1136 2118 haec
1157 2081 1236 2131 ipsa
1256 2088 1387 2118 nostra
1415 2083 1645 2130 auferemus,

193 2158 334 2198 multos
356 2166 409 2192 sc.
429 2150 631 2202 pedestres
662 2146 792 2196 copias
823 2152 862 2182 et
893 2150 1093 2194 equestres
1125 2148 1163 2179 et
1194 2142 1428 2191 sagittarios,
1448 2157 1546 2193 quos
1575 2158 1644 2183 vos

192 2219 402 2258 retinentes
428 2212 574 2250 sortiter
601 2215 641 2245 et
672 2207 798 2244 valide
825 2218 947 2256 remp.
976 2203 1304 2248 administrabitis,
1326 2203 1499 2241 inimicos
1519 2205 1643 2255 magis

192 2278 392 2328 magisque
412 2269 680 2325 profligabitis‚
700 2275 738 2304 et
759 2266 872 2304 sociis
891 2266 1027 2302 vestris
1045 2263 1167 2301 multo
1193 2264 1360 2300 utiliores
1381 2263 1481 2301 eritis
1498 2277 1506 2301 :
1539 2266 1644 2304 scitis

192 2341 294 2380 enim
314 2347 483 2387 tempore
512 2330 744 2383 oligarcbiae,
775 2341 846 2365 nec
876 2340 941 2364 eos
972 2326 1037 2376 qui
1065 2332 1205 2362 terram
1238 2325 1481 2374 possiderent
1510 2326 1643 2365 urbem

191 2400 442 2441 inhabitasse,
462 2394 528 2432 sed
549 2400 588 2430 et
606 2390 791 2442 plurimos
820 2400 951 2425 eorum
970 2394 1140 2423 mortuos
1164 2398 1264 2430 esse,
1286 2387 1504 2437 multosque
1528 2387 1642 2426 etiam

191 2476 212 2500 e
232 2460 385 2500 civitate
400 2454 596 2506 expulsos,
615 2464 712 2502 quos
741 2449 908 2501 populus
937 2447 1130 2485 reducens
1156 2446 1262 2483 vobis
1292 2446 1447 2495 quidem
1476 2454 1642 2484 vestram

191 2523 325 2562 urbem
343 2517 462 2561 dedit,
481 2516 561 2565 ipse
580 2525 669 2550 vero
688 2511 787 2548 hanc
808 2509 993 2558 attingere
1009 2520 1085 2544 non
1106 2513 1165 2544 est
1184 2519 1312 2543 ausus.
1383 2508 1642 2548 Quamobrem

192 2585 223 2622 si
256 2581 346 2619 mihi
376 2572 661 2626 obtemperetiS,
697 2583 821 2620 neque
850 2568 1130 2612 benefactores,
1166 2575 1280 2617 prout
1316 2566 1491 2617 potestis,
1519 2568 1644 2617 patria

189 2643 351 2686 exuens,
375 2651 445 2677 nec
473 2635 597 2674 verbis
623 2634 750 2684 potius
778 2643 894 2680 quam
916 2629 1108 2680 operibuS,
1137 2641 1206 2665 nec
1225 2628 1363 2664 futuris
1383 2627 1505 2677 magis
1525 2642 1641 2679 quam

189 2702 392 2757 praeteritis
423 2696 601 2737 credetis.
655 2692 872 2730 Praesertim
907 2702 994 2728 cum
1029 2701 1159 2727 eorum
1195 2686 1442 2725 recordemini
1479 2689 1543 2739 qui
1573 2703 1641 2740 pro

190 2762 402 2816 oligarchia
419 2760 657 2810 depugnant,
669 2753 733 2804 qui
753 2752 876 2791 verbis
898 2751 1053 2802 quidem
1073 2749 1217 2801 populo
1231 2748 1495 2795 adversantur,
1514 2750 1641 2801 reipsa

190 2839 281 2865 vero
299 2822 431 2862 vestris
452 2821 563 2857 rebus
578 2816 747 2857 inhiant;
779 2825 875 2864 quas
895 2812 1160 2863 possidebunt,
1182 2810 1338 2860 quando
1362 2823 1428 2848 vos
1449 2811 1638 2850 sociorum

191 2884 371 2938 praesidio
391 2880 596 2920 destitutos
618 2873 812 2914 invadent.
