1911 3248
628 175 967 215 TETRALOGlA
999 177 1027 211 l.
1502 169 1546 205 13

117 292 244 321 eorum
274 287 445 325 mutuas;
475 280 672 319 novissime
703 279 828 317 adhuc
857 285 1075 328 peremptus
1095 290 1197 314 reum
1219 277 1406 326 sacrilegii
1437 288 1548 314 accu-

116 341 226 385 savit,
246 342 311 378 lite
331 342 477 379 dnobus
497 340 644 379 talentis
665 340 866 377 aestimata.
923 339 1024 381 Quid
1056 337 1241 389 ejusmodi
1266 337 1302 372 in
1325 337 1409 374 loco
1426 337 1550 374 factu-

116 416 196 440 rum
228 403 342 439 fuisse
372 402 549 439 credibile
569 409 627 439 est
647 414 732 439 eum
753 414 872 446 reum,
893 401 958 449 qui
987 399 1150 436 criminis
1181 398 1343 435 incusati
1365 399 1434 435 sibi
1453 402 1552 434 esset

117 465 308 508 conscius,
330 462 560 501 accusatoris
581 463 795 500 facundiam
817 470 855 499 et
875 462 912 498 in
933 473 1012 510 rep.
1032 459 1241 509 potentiam
1266 466 1407 502 nosset,
1429 471 1550 507 neque

117 525 331 576 injuriarum
360 525 499 562 oblitus
530 531 631 561 esset
650 524 697 561 ab
715 523 848 560 eodem
877 529 1093 559 accusatore
1114 519 1259 570 pridem
1284 525 1549 568 acceptarum3

117 587 235 623 eritne
256 585 479 623 dubitationi
499 585 620 630 locus,
636 584 838 634 quominus
859 583 933 627 hic,
949 589 1003 619 tot
1022 581 1181 618 stimulis
1197 587 1321 624 actus,
1338 587 1375 616 et
1393 579 1554 629 agitaret

119 646 166 684 de
185 647 332 684 inimico
353 646 524 684 tollendo
541 646 698 683 consilia
711 653 749 682 et
763 644 853 682 data
869 642 1149 694 opportunitate
1166 639 1461 690 exsequeretur?
1504 639 1553 676 Et

118 698 229 744 ardor
248 707 422 745 vindictae
442 708 660 745 occoecabat
692 714 854 743 mentem
876 706 972 755 ejus,
994 703 1329 752 discriminumque
1350 702 1386 738 in
1406 713 1491 750 quae
1512 713 1553 737 se

119 767 349 805 demissurus
377 778 479 806 esset
507 768 807 805 recordationem
836 765 1076 809 obliterabat,
1095 770 1133 800 et
1150 770 1272 800 metus
1303 761 1486 799 malorum
1508 760 1556 797 ab

118 840 178 874 eo,
196 829 227 865 si
251 829 392 867 diutius
412 831 448 867 in
470 829 561 865 vivis
586 841 787 879 superesse
814 827 1012 869 sineretur,
1032 824 1321 869 imminentium,
1341 824 1393 860 ita
1419 831 1557 860 exster-

119 890 248 935 nabat,
263 897 304 928 ut
320 891 391 928 hoc
411 890 571 927 calidius
589 903 743 927 manum
763 888 918 926 facinori
936 887 1132 938 adjiceret,
1152 885 1319 923 ludibriis
1339 883 1557 935 hujusmodi

120 952 201 1002 spei
216 960 397 1002 praeterea
416 952 567 990 ductus.
626 951 826 988 Hominem
848 950 879 987 si
899 948 1104 992 sustulero,
1118 947 1173 984 sic
1192 946 1254 983 ille
1272 959 1401 983 secum
1418 944 1559 995 cogita-

120 1013 198 1060 bat,
225 1013 337 1050 facile
368 1015 434 1051 fiat
463 1020 505 1050 ut
537 1012 715 1050 facinoris
748 1016 877 1048 auctor
903 1010 939 1046 in
968 1008 1118 1046 occulto
1147 1020 1342 1050 maneam3
1372 1013 1410 1043 et
1438 1004 1557 1042 semel

120 1073 308 1112 exstincto
327 1074 405 1119 illo,
426 1074 518 1111 nihil
538 1074 619 1124 jam
641 1081 696 1110 est
717 1072 818 1122 quod
840 1072 887 1108 de
908 1083 1025 1108 causa
1045 1068 1232 1119 sacrilegii
1250 1068 1346 1105 male
1368 1074 1555 1104 metuam:

122 1135 272 1172 sublato
293 1136 391 1171 enirn
413 1142 634 1172 accusatore
656 1146 768 1171 nemo
788 1132 882 1170 alius
902 1131 1001 1168 illam
1023 1142 1178 1168 causam
1208 1136 1467 1179 persequetur,
1490 1127 1557 1165 sed

116 1195 259 1246 jacebit
277 1196 439 1240 deserta,
456 1202 674 1233 accusatore
695 1194 888 1244 injudicio
908 1206 984 1229 non
1006 1196 1267 1240 comparente:
1298 1197 1335 1226 at
1355 1189 1414 1226 fac
1430 1195 1557 1226 tamen

123 1270 206 1294 esse
226 1257 289 1307 qui
310 1270 464 1294 causam
482 1256 583 1293 illam
602 1262 866 1305 prosequatur,
884 1254 943 1290 fac
964 1266 1022 1290 me
1043 1251 1227 1295 damnari,
1245 1251 1304 1288 fac
1320 1251 1483 1301 denique
1499 1264 1558 1288 me

123 1318 282 1355 fortunis
303 1318 477 1354 omnibus
498 1317 656 1366 ipsoque
674 1317 803 1366 spiritu
826 1315 1023 1356 mulctari;
1054 1314 1230 1351 acerbum
1248 1312 1401 1362 quidem
1422 1313 1459 1349 id
1477 1313 1559 1359 erit,

122 1387 381 1416 verumtamen
402 1390 487 1415 cum
508 1377 605 1414 idem
628 1377 722 1414 illud
743 1390 800 1414 me
822 1383 973 1414 maneat
989 1376 1229 1426 supplicium,
1251 1375 1281 1412 si
1300 1375 1402 1412 hunc
1420 1375 1560 1411 diutius

123 1440 300 1478 vitalibus
324 1440 422 1477 auris
441 1439 542 1476 vesci
572 1440 706 1489 patiar,
729 1438 848 1475 multo
873 1445 931 1475 est
952 1437 1164 1487 gloriosius,
1185 1437 1214 1473 si
1236 1435 1451 1473 cadendum
1473 1435 1560 1472 mihi

124 1502 184 1547 sit,
204 1514 263 1539 me
292 1514 369 1538 non
394 1500 569 1545 inultum,
591 1500 658 1537 sed
686 1499 876 1537 inimicum
905 1512 980 1535 una
999 1511 1150 1549 quoque
1177 1510 1327 1534 mecum
1353 1496 1458 1534 letali
1485 1497 1562 1534 ictu

124 1575 146 1600 a
166 1575 278 1600 manu
294 1575 378 1599 mea
393 1569 620 1613 prostratum
635 1561 771 1599 cadere
787 1573 796 1598 ε
826 1561 1002 1610 ignavum
1018 1559 1133 1596 fuerit
1149 1571 1302 1608 segnem
1320 1566 1357 1595 et
1372 1557 1562 1595 imbellem

124 1630 282 1661 mortem
303 1624 472 1674 accipere
497 1623 634 1674 jugulo
664 1623 760 1659 ultro
790 1622 931 1659 oblato.
987 1620 1050 1658 Sic
1070 1634 1155 1658 reus
1176 1620 1237 1657 hic
1259 1633 1389 1658 secum
1410 1619 1561 1670 procul-

125 1685 241 1722 dubio
255 1685 403 1735 agebat.
460 1685 617 1722 Certum
638 1691 765 1722 autem
785 1696 871 1720 eum
890 1682 1022 1727 fuisse,
1040 1682 1181 1719 crimen
1202 1681 1274 1719 hoc
1296 1681 1343 1718 de
1365 1680 1562 1731 sacrilegio

124 1748 196 1800 ipsi
212 1748 379 1799 ’capitale
398 1749 477 1785 fore
499 1762 623 1799 neque
644 1747 722 1785 ullo
742 1755 856 1798 pacto
886 1746 1101 1784 evitabilem
1121 1745 1221 1783 hunc
1243 1746 1372 1789 ictum,
1392 1745 1430 1782 id
1452 1758 1499 1782 ex
1519 1758 1563 1782 eo

126 1817 292 1855 constat,
311 1810 414 1860 quod
445 1824 510 1860 per
543 1810 727 1847 actionem
759 1821 886 1846 causae
919 1808 967 1845 de
995 1806 1213 1852 homicidio,
1239 1814 1280 1844 ut
1309 1819 1395 1844 cum
1424 1806 1564 1843 minore

126 1871 295 1922 periculo
320 1872 576 1922 conjunctam,
597 1870 764 1921 effugere
791 1876 950 1906 conatus
971 1876 1030 1906 est
1050 1869 1313 1906 necessitatem
1343 1868 1481 1906 crimen
1503 1881 1564 1905 sa-

126 1933 269 1983 crilegii
300 1934 502 1985 purgandi.
559 1933 660 1970 Nam
682 1932 748 1969 nisi
772 1944 994 1982 persuasum
1026 1930 1094 1968 sibi
1128 1930 1334 1975 habuisset,
1355 1942 1466 1980 posse
1484 1929 1563 1966 fieri

127 2001 171 2031 ut
188 1995 332 2032 caedem
357 1995 639 2044 quodammodo
661 2000 853 2044 purgaret,
876 1993 980 2029 nullo
1001 1998 1126 2029 autem
1148 1998 1259 2041 pacto
1278 1991 1357 2028 fieri
1379 2003 1503 2040 posse,
1524 1997 1566 2028 ut

128 2055 269 2092 crimen
299 2055 486 2104 sacrilegii
517 2055 748 2100 defenderet,
778 2055 922 2091 caedem
951 2067 1026 2090 non
1056 2052 1323 2090 commisisset.
1380 2052 1452 2088 Hae
1480 2057 1569 2088 sunt

126 2116 203 2154 illae
231 2116 491 2160 necessitates,
518 2129 603 2165 quae
634 2128 719 2152 eum
752 2115 799 2152 ad
832 2114 1143 2151 committendam
1174 2113 1315 2150 caedem
1346 2112 1567 2162 adegerunt.

129 2177 243 2214 Foret
268 2178 347 2226 jam
378 2177 478 2214 idem
507 2190 527 2214 e
555 2175 779 2214 testimoniis
812 2188 968 2226 quoque
1002 2175 1153 2212 testium
1188 2174 1500 2224 approbandum;
1533 2180 1570 2211 et

128 2237 347 2289 producturi
376 2250 523 2288 quoque
553 2238 691 2275 nubem
725 2236 876 2274 testium
912 2249 1095 2282 essemus,
1118 2236 1149 2272 si
1184 2235 1226 2272 iis
1262 2234 1565 2279 abundaremus3

127 2313 257 2338 verum
283 2299 320 2337 in
345 2300 548 2337 solitudine
579 2312 664 2337 cum
697 2299 822 2336 caedes
853 2305 1005 2350 peracta
1034 2298 1094 2341 sit,
1119 2297 1181 2347 qui
1213 2297 1420 2348 poterimus
1451 2304 1568 2335 testes

129 2361 269 2400 multos
285 2361 517 2413 producere?
547 2361 801 2410 producemus
821 2374 910 2411 ergo
929 2369 1048 2398 testes
1068 2372 1147 2402 eOS,
1168 2360 1230 2410 qui
1258 2366 1392 2397 testem
1415 2360 1568 2397 unicum

129 2423 166 2461 in
187 2437 226 2461 re
247 2430 354 2474 gesta
372 2429 594 2473 praesentem
609 2446 662 2451 —
676 2436 762 2460 narn
789 2429 924 2473 praeter
943 2435 1028 2460 eum
1051 2421 1178 2472 plures
1200 2434 1274 2458 non
1294 2421 1465 2467 aderant,
1482 2435 1567 2459 cum

130 2485 292 2522 insultus
310 2485 419 2522 fieret
435 2507 499 2529 -—,
520 2484 789 2535 pedissequum
809 2490 903 2534 puta
922 2483 1120 2534 perempti,
1136 2482 1184 2519 de
1205 2482 1396 2519 homicida
1413 2483 1568 2532 herique

129 2547 263 2598 suique
291 2547 521 2584 indicantem
546 2546 785 2583 audiverunt.
843 2546 943 2583 Nam
975 2545 1125 2594 spirans
1156 2544 1281 2581 adhuc
1310 2543 1372 2581 ille
1397 2544 1568 2594 pedisse-

130 2621 228 2659 quus
247 2621 271 2646 a
289 2607 644 2658 supervenientibus
661 2614 826 2657 repertus
843 2614 881 2644 et
898 2605 1070 2644 sublatus
1092 2605 1187 2642 fuit:
1217 2605 1248 2642 is
1269 2618 1290 2642 a
1309 2606 1417 2642 nobis
1437 2604 1484 2641 de
1504 2603 1571 2641 ho—

131 2670 269 2707 micida
286 2669 539 2719 interrogatus
561 2668 771 2719 respondit,
795 2668 844 2705 de
864 2675 945 2705 toto
966 2667 1080 2716 globo
1101 2672 1376 2716 grassatorum,
1394 2677 1416 2702 a
1430 2663 1566 2714 quibus

132 2731 300 2781 oppressi
324 2731 501 2776 fuissent,
522 2743 563 2768 se
591 2730 705 2767 alium
729 2730 918 2768 neminem
951 2728 1162 2766 noscitasse
1187 2733 1436 2778 praeterquam
1463 2725 1566 2764 hunc

132 2805 249 2830 unum
268 2806 378 2843 quem
398 2793 515 2830 caedis
534 2792 699 2843 postulo.
757 2791 926 2829 Tenetur
951 2790 1077 2840 itaque
1107 2788 1318 2830 convictus,
1339 2799 1425 2824 cum
1452 2799 1565 2837 argu·

133 2853 270 2891 mentis
299 2866 320 2891 e
347 2853 608 2904 probabilitate
635 2853 773 2899 ductis,
792 2860 872 2891 tum
902 2849 1124 2889 testimoniis
1154 2861 1284 2885 eorum
1312 2848 1375 2899 qui
1406 2847 1566 2885 aderant

130 2914 374 2966 pedissequo,
392 2915 488 2953 inter
514 2914 784 2965 exspirandum
811 2913 927 2952 caedis
954 2913 1056 2950 hunc
1082 2909 1335 2948 insimulanti:
1374 2909 1561 2961 ejusmodi
