1822 3219
755 573 803 624 L
848 572 896 624 Y
944 573 979 625 S
1023 572 1048 624 I
1093 571 1163 624 AE

449 713 539 762 DE
591 712 1095 761 PUBLICATIONE
1146 709 1490 759 BONORUM

668 842 984 884 FRATRIS
1030 841 1257 883 NICIAE

819 946 1113 986 EPILOGUS.

293 1112 327 1148 1.
350 1111 660 1155 QUAPROPTER
680 1109 876 1148 vobiscum
893 1114 1081 1160 reputate,
1095 1106 1262 1159 judices,
1275 1114 1314 1145 et
1325 1104 1390 1156 qui
1405 1117 1476 1143 nos
1490 1103 1563 1156 ipsi
1579 1103 1698 1142 simus

236 1171 337 1212 cives
358 1178 397 1210 et
415 1184 579 1222 quorum
598 1170 740 1209 civium
761 1169 983 1216 necessarii,
1003 1168 1070 1219 qui
1096 1181 1201 1206 nunc
1219 1181 1289 1206 vos
1321 1179 1502 1219 rogamus
1522 1164 1701 1217 injuriam

237 1234 344 1284 passi
364 1240 419 1279 ut,
440 1231 774 1270 commiseratione
802 1230 917 1268 sortis
940 1237 1082 1267 nostrae
1112 1228 1219 1275 moti,
1234 1229 1300 1279 jus
1328 1234 1501 1265 nostrum
1528 1238 1600 1263 nos
1620 1223 1701 1262 adi-

238 1294 334 1346 pisci
355 1293 576 1344 patiamini:
607 1305 684 1330 non
706 1292 806 1329 enim
828 1291 877 1328 de
893 1290 1058 1327 fortunis
1076 1288 1332 1334 solummodo,
1346 1288 1416 1325 sed
1436 1288 1518 1338 ipso
1538 1286 1636 1323 adeo
1653 1284 1703 1322 de

238 1361 341 1394 statu
363 1354 459 1392 civili
481 1353 756 1405 periclitamur,
776 1352 851 1390 hoc
873 1360 945 1397 est,
967 1364 1060 1388 num
1089 1364 1157 1401 par
1185 1351 1236 1387 sit
1261 1350 1476 1387 libertatem
1502 1361 1580 1398 qua
1600 1360 1700 1398 resp.

240 1416 326 1454 haec
347 1416 584 1466 gubernatur
614 1427 684 1451 nos
712 1426 868 1463 quoque
895 1412 1140 1463 participare.
1196 1411 1369 1447 Primum
1400 1409 1557 1459 quidem
1579 1407 1705 1445 Niciae

242 1475 514 1521 recordamini,
535 1474 601 1524 qui
620 1474 739 1524 patris
761 1473 880 1510 nostri
911 1473 1029 1510 frater
1057 1472 1142 1509 fuit.
1199 1472 1454 1520 Quaecunque
1473 1469 1504 1507 is
1525 1467 1706 1520 auspiciis

245 1538 339 1582 suis,
361 1543 519 1574 auctore
539 1542 578 1573 et
599 1535 741 1572 arbitro
765 1540 898 1579 semet,
918 1547 986 1583 pro
1005 1533 1118 1584 plebe
1134 1540 1263 1570 vestra
1283 1531 1416 1582 gessit,
1436 1544 1483 1569 ea
1503 1538 1594 1569 sunt
1607 1530 1707 1582 ejus—

245 1598 365 1644 modi,
385 1605 429 1634 ut
449 1608 723 1647 quamcunque
753 1595 792 1631 in
824 1601 972 1645 partem
1005 1601 1240 1645 spectentur,
1262 1593 1487 1638 dilucescat,
1506 1591 1630 1629 multa
1660 1592 1708 1628 ab

247 1673 293 1697 eo
313 1658 520 1697 commoda
539 1665 656 1708 atque
676 1663 902 1694 ornamenta
918 1656 965 1693 ad
984 1668 1103 1705 remp.
1118 1655 1292 1705 profecta
1312 1667 1408 1698 esse,
1421 1653 1470 1690 ad
1489 1653 1621 1691 hostes
1641 1665 1710 1690 au-

248 1728 325 1758 tem
346 1719 476 1757 clades
493 1725 530 1756 et
547 1730 706 1755 numero
727 1717 912 1767 plurimas
928 1723 966 1753 et
981 1729 1020 1753 re
1039 1715 1304 1765 gravissimas:
1325 1727 1412 1764 quae
1424 1721 1551 1752 autem
1567 1714 1709 1751 invitus

249 1790 290 1821 et
309 1789 469 1820 coactus
489 1781 623 1831 gessit,
644 1779 905 1816 molestiarum
926 1778 1015 1815 inde
1037 1785 1237 1815 enatarum
1264 1785 1410 1827 partem
1439 1776 1522 1826 ipse
1543 1789 1621 1814 non
1640 1776 1710 1813 mi-

248 1844 394 1882 nimam
425 1841 647 1885 exantlavit,
668 1847 707 1877 et
735 1839 851 1890 culpa
880 1839 1143 1876 calamitatum
1172 1838 1411 1889 publicarum
1437 1843 1551 1874 vacat
1576 1837 1613 1873 in
1642 1849 1710 1874 eos

251 1904 388 1943 merito
407 1902 642 1940 conserenda
661 1901 727 1951 qui
746 1900 1050 1951 perniciosorum
1083 1899 1242 1937 istorum
1270 1898 1516 1937 consiliorum
1535 1904 1711 1936 auctores

251 1965 361 2004 vobis
383 1964 508 2007 fuere;
539 1962 777 2000 voluntatem
798 1961 862 1998 ille
882 1961 1036 2011 quidem
1058 1973 1150 2011 erga
1170 1974 1237 1997 vos
1259 1973 1367 1998 suam
1388 1960 1426 1997 in
1447 1959 1627 1998 secundis
1646 1973 1711 1998 ve-

253 2026 341 2064 stris
356 2025 591 2075 temporibus
607 2023 698 2061 etin
713 2023 883 2061 hostium
901 2021 1069 2059 adversis
1086 2028 1270 2059 testatam
1286 2022 1390 2067 fecit,
1405 2034 1570 2072 quorum
1590 2020 1713 2059 multa

256 2087 359 2139 cepit
376 2087 532 2137 oppida,
554 2085 817 2137 praeclaraque
838 2083 921 2121 fixit
949 2090 1108 2134 tropaea,
1129 2090 1185 2120 tot
1212 2096 1373 2121 numero
1404 2076 1445 2119 ut
1474 2082 1636 2134 longum
1666 2082 1715 2120 sit

259 2161 499 2187 enumerare.

311 2213 349 2246 2.
383 2210 517 2246 Frater
535 2207 634 2244 illius
656 2208 855 2252 Eucrates,
874 2212 982 2256 pater
1003 2212 1147 2250 noster,
1171 2217 1251 2242 suae
1271 2216 1363 2254 erga
1381 2203 1529 2254 plebem
1549 2209 1716 2241 vestram

259 2271 429 2309 caritatis
457 2271 691 2308 documenta
717 2269 839 2306 edidit
859 2281 934 2305 non
954 2267 1081 2304 minus
1101 2266 1321 2303 luculenta:
1352 2265 1454 2303 victa
1473 2265 1573 2303 enim
1592 2265 1716 2304 classe

258 2338 388 2371 vestra
413 2332 450 2368 in
477 2331 542 2367 illo
569 2330 676 2367 fatali
705 2329 837 2380 praelio
865 2328 991 2366 navali
1020 2327 1084 2377 [ad
1107 2326 1439 2377 AEgospotamos]‚
1466 2326 1671 2377 imperator
1695 2340 1718 2364 a

259 2392 368 2432 vobis
384 2398 549 2437 creatus,
564 2404 586 2428 a
599 2390 794 2428 sceleratis
809 2389 975 2426 libertati
991 2387 1115 2439 plebis
1128 2393 1263 2424 vestrae
1276 2386 1542 2424 insidiantibus
1555 2386 1602 2424 ad
1617 2399 1719 2425 com-

262 2454 485 2494 munionem
506 2453 743 2504 principatus
763 2465 849 2490 eum
870 2450 1118 2501 optimatibus
1140 2449 1338 2493 invitatus,
1361 2447 1624 2486 obsecundare
1649 2461 1718 2486 no-

262 2516 350 2564 luit,
367 2526 601 2565 quamquam
619 2526 664 2550 eo
687 2512 951 2563 deprehensus
971 2518 1141 2561 tempore
1162 2522 1237 2560 quo
1256 2509 1427 2560 plerique
1448 2508 1614 2546 animum
1631 2522 1720 2546 cum

263 2578 418 2615 fortuna
434 2581 586 2612 mutant
607 2573 816 2610 servientes
836 2572 1105 2623 praesentibus,
1119 2571 1297 2620 aurisque
1316 2570 1462 2607 cedunt
1475 2568 1718 2612 reflantibus3

267 2638 382 2689 plebe
399 2637 511 2674 rebus
531 2634 700 2673 adversis
718 2647 913 2684 oppressa,
934 2645 1020 2671 cum
1043 2632 1090 2671 ab
1110 2631 1437 2669 administratione
1457 2630 1550 2680 reip.
1571 2643 1647 2668 non
1663 2643 1725 2668 ex-

267 2699 488 2737 cluderetur
507 2709 631 2744 neque
651 2697 808 2746 privatae
836 2695 907 2745 ipsi
935 2695 1150 2732 simultates
1178 2706 1264 2731 cum
1290 2693 1454 2730 factione
1481 2693 1721 2732 dominatum

268 2760 474 2799 affectante
493 2757 791 2808 intercederent,
812 2755 881 2794 sed
909 2755 1042 2793 liceret
1073 2755 1105 2792 ei
1132 2755 1168 2792 in
1201 2766 1358 2791 numero
1383 2753 1722 2803 Trigintavirorum

269 2834 354 2859 esse
373 2819 592 2870 neminique
612 2831 743 2857 eorum
758 2816 929 2869 potentia
944 2816 1097 2861 cedere,
1117 2815 1252 2853 maluit
1267 2821 1397 2852 tamen
1418 2815 1457 2851 in
1477 2815 1724 2853 contentione

271 2881 402 2921 salutis
423 2888 561 2920 vestrae
581 2879 735 2919 tuendae
753 2884 913 2918 mortem
934 2883 1129 2929 oppetere,
1151 2888 1268 2927 quam
1295 2876 1418 2915 oculis
1446 2882 1620 2928 spectare
1651 2875 1723 2913 fuis
