<?xml version="1.0" encoding="UTF-8"?>
<!DOCTYPE html PUBLIC "-//W3C//DTD XHTML 1.0 Transitional//EN"
    "http://www.w3.org/TR/xhtml1/DTD/xhtml1-transitional.dtd">
<html xmlns="http://www.w3.org/1999/xhtml" xml:lang="en" lang="en">
 <head>
  <title>
</title>
<meta http-equiv="Content-Type" content="text/html;charset=utf-8" />
  <meta name='ocr-system' content='tesseract 3.04.00' />
  <meta name='ocr-capabilities' content='ocr_page ocr_carea ocr_par ocr_line ocrx_word'/>
</head>
<body>
  <div class='ocr_page' id='page_1' title='image "./oratoresatticie13dobs_0358.png"; bbox 0 0 1822 3219; ppageno 0'>
   <div class='ocr_carea' id='block_1_1' title="bbox 205 141 1019 183">
    <p class='ocr_par' dir='ltr' id='par_1_1' title="bbox 205 141 1019 183">
     <span class='ocr_line' id='line_1_1' title="bbox 205 141 1019 183; baseline -0.006 0"><span class='ocrx_word' id='word_1_1' title='bbox 205 148 281 183; x_wconf 78' lang='lat'>346</span> <span class='ocrx_word' id='word_1_2' title='bbox 852 141 1019 179; x_wconf 84' lang='lat' dir='ltr'>LYSIAE</span> 
     </span>
    </p>
   </div>
   <div class='ocr_carea' id='block_1_2' title="bbox 200 244 1668 898">
    <p class='ocr_par' dir='ltr' id='par_1_2' title="bbox 200 244 1668 898">
     <span class='ocr_line' id='line_1_2' title="bbox 200 244 1660 302; baseline -0.009 -10"><span class='ocrx_word' id='word_1_3' title='bbox 200 268 223 293; x_wconf 85' lang='lat' dir='ltr'>a</span> <span class='ocrx_word' id='word_1_4' title='bbox 243 262 278 292; x_wconf 92' lang='lat' dir='ltr'>te</span> <span class='ocrx_word' id='word_1_5' title='bbox 297 253 455 292; x_wconf 84' lang='lat' dir='ltr'>condita</span> <span class='ocrx_word' id='word_1_6' title='bbox 482 260 596 302; x_wconf 86' lang='lat' dir='ltr'>atque</span> <span class='ocrx_word' id='word_1_7' title='bbox 625 251 796 289; x_wconf 84' lang='lat' dir='ltr'>exhibita</span> <span class='ocrx_word' id='word_1_8' title='bbox 822 263 911 288; x_wconf 90' lang='lat' dir='ltr'>cum</span> <span class='ocrx_word' id='word_1_9' title='bbox 940 262 1049 286; x_wconf 86' lang='lat' dir='ltr'>sacra</span> <span class='ocrx_word' id='word_1_10' title='bbox 1075 247 1254 285; x_wconf 78' lang='lat' dir='ltr'>indixeris</span> <span class='ocrx_word' id='word_1_11' title='bbox 1282 246 1400 283; x_wconf 87' lang='lat' dir='ltr'>multo</span> <span class='ocrx_word' id='word_1_12' title='bbox 1421 244 1529 295; x_wconf 85' lang='lat' dir='ltr'>plura</span> <span class='ocrx_word' id='word_1_13' title='bbox 1546 256 1660 294; x_wconf 79' lang='lat' dir='ltr'>quam</span> 
     </span>
     <span class='ocr_line' id='line_1_3' title="bbox 200 303 1660 363; baseline -0.01 -10"><span class='ocrx_word' id='word_1_14' title='bbox 200 315 362 353; x_wconf 89' lang='lat' dir='ltr'>vetustis</span> <span class='ocrx_word' id='word_1_15' title='bbox 383 327 406 351; x_wconf 88' lang='lat' dir='ltr'>a</span> <span class='ocrx_word' id='word_1_16' title='bbox 425 313 573 363; x_wconf 84' lang='lat' dir='ltr'>legibus</span> <span class='ocrx_word' id='word_1_17' title='bbox 603 313 789 362; x_wconf 87' lang='lat' dir='ltr'>imperata</span> <span class='ocrx_word' id='word_1_18' title='bbox 814 317 917 353; x_wconf 90' lang='lat' dir='ltr'>sunt,</span> <span class='ocrx_word' id='word_1_19' title='bbox 941 310 1083 346; x_wconf 78' lang='lat' dir='ltr'>factum</span> <span class='ocrx_word' id='word_1_20' title='bbox 1104 321 1150 346; x_wconf 88' lang='lat' dir='ltr'>ex</span> <span class='ocrx_word' id='word_1_21' title='bbox 1170 320 1214 345; x_wconf 87' lang='lat' dir='ltr'>eo</span> <span class='ocrx_word' id='word_1_22' title='bbox 1234 314 1306 350; x_wconf 81' lang='lat' dir='ltr'>est,</span> <span class='ocrx_word' id='word_1_23' title='bbox 1328 313 1370 343; x_wconf 86' lang='lat' dir='ltr'>ut</span> <span class='ocrx_word' id='word_1_24' title='bbox 1391 304 1606 353; x_wconf 71' lang='lat' dir='ltr'>vectigalia,</span> <span class='ocrx_word' id='word_1_25' title='bbox 1619 303 1660 341; x_wconf 82' lang='lat' dir='ltr'>‚in</span> 
     </span>
     <span class='ocr_line' id='line_1_4' title="bbox 200 365 1664 415; baseline -0.009 -3"><span class='ocrx_word' id='word_1_26' title='bbox 200 375 284 413; x_wconf 84' lang='lat' dir='ltr'>haec</span> <span class='ocrx_word' id='word_1_27' title='bbox 304 387 404 412; x_wconf 84' lang='lat' dir='ltr'>nova</span> <span class='ocrx_word' id='word_1_28' title='bbox 425 386 534 411; x_wconf 90' lang='lat' dir='ltr'>sacra</span> <span class='ocrx_word' id='word_1_29' title='bbox 555 381 591 410; x_wconf 88' lang='lat' dir='ltr'>te</span> <span class='ocrx_word' id='word_1_30' title='bbox 612 380 770 410; x_wconf 88' lang='lat' dir='ltr'>auctore</span> <span class='ocrx_word' id='word_1_31' title='bbox 791 370 971 407; x_wconf 86' lang='lat' dir='ltr'>inchoata</span> <span class='ocrx_word' id='word_1_32' title='bbox 990 381 1077 406; x_wconf 92' lang='lat' dir='ltr'>cum</span> <span class='ocrx_word' id='word_1_33' title='bbox 1097 369 1351 411; x_wconf 84' lang='lat' dir='ltr'>insumantur,</span> <span class='ocrx_word' id='word_1_34' title='bbox 1366 366 1413 402; x_wconf 85' lang='lat' dir='ltr'>ad</span> <span class='ocrx_word' id='word_1_35' title='bbox 1435 365 1498 402; x_wconf 88' lang='lat' dir='ltr'>illa</span> <span class='ocrx_word' id='word_1_36' title='bbox 1513 370 1664 415; x_wconf 80' lang='lat' dir='ltr'>vetusta</span> 
     </span>
     <span class='ocr_line' id='line_1_5' title="bbox 201 423 1666 486; baseline -0.008 -14"><span class='ocrx_word' id='word_1_37' title='bbox 201 443 239 473; x_wconf 90' lang='lat' dir='ltr'>et</span> <span class='ocrx_word' id='word_1_38' title='bbox 258 435 383 486; x_wconf 83' lang='lat' dir='ltr'>patria</span> <span class='ocrx_word' id='word_1_39' title='bbox 401 434 527 471; x_wconf 89' lang='lat' dir='ltr'>minus</span> <span class='ocrx_word' id='word_1_40' title='bbox 548 433 754 470; x_wconf 78' lang='lat' dir='ltr'>sufficiant.</span> <span class='ocrx_word' id='word_1_41' title='bbox 811 431 871 468; x_wconf 91' lang='lat' dir='ltr'>Ne</span> <span class='ocrx_word' id='word_1_42' title='bbox 892 430 1007 479; x_wconf 87' lang='lat' dir='ltr'>longe</span> <span class='ocrx_word' id='word_1_43' title='bbox 1028 429 1176 473; x_wconf 85' lang='lat' dir='ltr'>abeam,</span> <span class='ocrx_word' id='word_1_44' title='bbox 1198 441 1298 465; x_wconf 91' lang='lat' dir='ltr'>anno</span> <span class='ocrx_word' id='word_1_45' title='bbox 1317 425 1498 476; x_wconf 82' lang='lat' dir='ltr'>superiori</span> <span class='ocrx_word' id='word_1_46' title='bbox 1523 424 1572 462; x_wconf 92' lang='lat' dir='ltr'>ob</span> <span class='ocrx_word' id='word_1_47' title='bbox 1598 423 1666 460; x_wconf 85' lang='lat' dir='ltr'>de-</span> 
     </span>
     <span class='ocr_line' id='line_1_6' title="bbox 203 483 1662 545; baseline -0.01 -11"><span class='ocrx_word' id='word_1_48' title='bbox 203 498 348 534; x_wconf 82' lang='lat' dir='ltr'>sectum</span> <span class='ocrx_word' id='word_1_49' title='bbox 377 494 554 545; x_wconf 87' lang='lat' dir='ltr'>pecuniae</span> <span class='ocrx_word' id='word_1_50' title='bbox 582 494 685 530; x_wconf 84' lang='lat' dir='ltr'>facta</span> <span class='ocrx_word' id='word_1_51' title='bbox 710 503 786 529; x_wconf 88' lang='lat' dir='ltr'>non</span> <span class='ocrx_word' id='word_1_52' title='bbox 814 498 902 527; x_wconf 88' lang='lat' dir='ltr'>sunt</span> <span class='ocrx_word' id='word_1_53' title='bbox 925 503 1034 527; x_wconf 86' lang='lat' dir='ltr'>sacra</span> <span class='ocrx_word' id='word_1_54' title='bbox 1056 502 1188 527; x_wconf 90' lang='lat' dir='ltr'>eorum</span> <span class='ocrx_word' id='word_1_55' title='bbox 1210 502 1230 525; x_wconf 93' lang='lat' dir='ltr'>e</span> <span class='ocrx_word' id='word_1_56' title='bbox 1250 499 1408 525; x_wconf 88' lang='lat' dir='ltr'>numero</span> <span class='ocrx_word' id='word_1_57' title='bbox 1427 499 1516 535; x_wconf 84' lang='lat' dir='ltr'>quae</span> <span class='ocrx_word' id='word_1_58' title='bbox 1535 497 1558 522; x_wconf 91' lang='lat' dir='ltr'>a</span> <span class='ocrx_word' id='word_1_59' title='bbox 1576 483 1662 533; x_wconf 83' lang='lat' dir='ltr'>kyr-</span> 
     </span>
     <span class='ocr_line' id='line_1_7' title="bbox 201 545 1665 606; baseline -0.009 -12"><span class='ocrx_word' id='word_1_60' title='bbox 201 556 312 595; x_wconf 89' lang='lat' dir='ltr'>bibus</span> <span class='ocrx_word' id='word_1_61' title='bbox 338 555 522 606; x_wconf 80' lang='lat' dir='ltr'>imperata</span> <span class='ocrx_word' id='word_1_62' title='bbox 549 560 650 598; x_wconf 88' lang='lat' dir='ltr'>sunt,</span> <span class='ocrx_word' id='word_1_63' title='bbox 674 560 713 590; x_wconf 91' lang='lat' dir='ltr'>et</span> <span class='ocrx_word' id='word_1_64' title='bbox 740 553 778 589; x_wconf 88' lang='lat' dir='ltr'>in</span> <span class='ocrx_word' id='word_1_65' title='bbox 803 564 891 600; x_wconf 84' lang='lat' dir='ltr'>quae</span> <span class='ocrx_word' id='word_1_66' title='bbox 927 555 1101 599; x_wconf 85' lang='lat' dir='ltr'>sumptus</span> <span class='ocrx_word' id='word_1_67' title='bbox 1128 549 1240 586; x_wconf 89' lang='lat' dir='ltr'>trium</span> <span class='ocrx_word' id='word_1_68' title='bbox 1270 548 1502 586; x_wconf 84' lang='lat' dir='ltr'>talentorum</span> <span class='ocrx_word' id='word_1_69' title='bbox 1531 545 1665 582; x_wconf 83' lang='lat' dir='ltr'>suisset</span> 
     </span>
     <span class='ocr_line' id='line_1_8' title="bbox 203 604 1665 661; baseline -0.01 -6"><span class='ocrx_word' id='word_1_70' title='bbox 203 616 416 655; x_wconf 85' lang='lat' dir='ltr'>faciendus.</span> <span class='ocrx_word' id='word_1_71' title='bbox 475 613 636 652; x_wconf 89' lang='lat' dir='ltr'>Occurri</span> <span class='ocrx_word' id='word_1_72' title='bbox 657 611 790 661; x_wconf 89' lang='lat' dir='ltr'>nequit</span> <span class='ocrx_word' id='word_1_73' title='bbox 808 610 952 648; x_wconf 89' lang='lat' dir='ltr'>reditus</span> <span class='ocrx_word' id='word_1_74' title='bbox 973 609 1149 660; x_wconf 88' lang='lat' dir='ltr'>publicos</span> <span class='ocrx_word' id='word_1_75' title='bbox 1170 608 1274 646; x_wconf 88' lang='lat' dir='ltr'>haud</span> <span class='ocrx_word' id='word_1_76' title='bbox 1294 606 1517 645; x_wconf 88' lang='lat' dir='ltr'>suffecisse:</span> <span class='ocrx_word' id='word_1_77' title='bbox 1548 604 1665 642; x_wconf 83' lang='lat' dir='ltr'>suffe·</span> 
     </span>
     <span class='ocr_line' id='line_1_9' title="bbox 206 665 1666 726; baseline -0.01 -11"><span class='ocrx_word' id='word_1_78' title='bbox 206 678 353 716; x_wconf 87' lang='lat' dir='ltr'>cissent</span> <span class='ocrx_word' id='word_1_79' title='bbox 373 676 504 726; x_wconf 90' lang='lat' dir='ltr'>utique</span> <span class='ocrx_word' id='word_1_80' title='bbox 524 676 560 713; x_wconf 92' lang='lat' dir='ltr'>in</span> <span class='ocrx_word' id='word_1_81' title='bbox 581 687 691 712; x_wconf 86' lang='lat' dir='ltr'>sacra</span> <span class='ocrx_word' id='word_1_82' title='bbox 711 672 868 722; x_wconf 88' lang='lat' dir='ltr'>antiquo</span> <span class='ocrx_word' id='word_1_83' title='bbox 888 671 1011 722; x_wconf 87' lang='lat' dir='ltr'>patrio</span> <span class='ocrx_word' id='word_1_84' title='bbox 1035 670 1109 707; x_wconf 89' lang='lat' dir='ltr'>ritu</span> <span class='ocrx_word' id='word_1_85' title='bbox 1130 671 1294 714; x_wconf 85' lang='lat' dir='ltr'>sancita,</span> <span class='ocrx_word' id='word_1_86' title='bbox 1313 668 1384 706; x_wconf 89' lang='lat' dir='ltr'>nisi</span> <span class='ocrx_word' id='word_1_87' title='bbox 1405 665 1666 706; x_wconf 86' lang='lat' dir='ltr'>Nicomachus</span> 
     </span>
     <span class='ocr_line' id='line_1_10' title="bbox 204 724 1667 784; baseline -0.009 -9"><span class='ocrx_word' id='word_1_88' title='bbox 204 738 265 775; x_wconf 89' lang='lat' dir='ltr'>hic</span> <span class='ocrx_word' id='word_1_89' title='bbox 285 749 385 774; x_wconf 89' lang='lat' dir='ltr'>nova</span> <span class='ocrx_word' id='word_1_90' title='bbox 405 749 514 774; x_wconf 87' lang='lat' dir='ltr'>sacra</span> <span class='ocrx_word' id='word_1_91' title='bbox 532 734 812 784; x_wconf 85' lang='lat' dir='ltr'>descripsisset,</span> <span class='ocrx_word' id='word_1_92' title='bbox 833 733 871 769; x_wconf 90' lang='lat' dir='ltr'>in</span> <span class='ocrx_word' id='word_1_93' title='bbox 892 745 978 782; x_wconf 81' lang='lat' dir='ltr'>quae</span> <span class='ocrx_word' id='word_1_94' title='bbox 1000 731 1088 781; x_wconf 90' lang='lat' dir='ltr'>plus</span> <span class='ocrx_word' id='word_1_95' title='bbox 1109 743 1226 780; x_wconf 87' lang='lat' dir='ltr'>quam</span> <span class='ocrx_word' id='word_1_96' title='bbox 1244 742 1314 767; x_wconf 85' lang='lat' dir='ltr'>sex</span> <span class='ocrx_word' id='word_1_97' title='bbox 1334 728 1476 766; x_wconf 88' lang='lat' dir='ltr'>talenta</span> <span class='ocrx_word' id='word_1_98' title='bbox 1495 724 1667 776; x_wconf 86' lang='lat' dir='ltr'>impendi</span> 
     </span>
     <span class='ocr_line' id='line_1_11' title="bbox 206 788 1668 842; baseline -0.009 -7"><span class='ocrx_word' id='word_1_99' title='bbox 206 798 362 842; x_wconf 87' lang='lat' dir='ltr'>debent,</span> <span class='ocrx_word' id='word_1_100' title='bbox 391 806 428 833; x_wconf 91' lang='lat' dir='ltr'>et</span> <span class='ocrx_word' id='word_1_101' title='bbox 457 808 535 834; x_wconf 89' lang='lat' dir='ltr'>non</span> <span class='ocrx_word' id='word_1_102' title='bbox 564 795 678 832; x_wconf 88' lang='lat' dir='ltr'>modo</span> <span class='ocrx_word' id='word_1_103' title='bbox 708 793 953 830; x_wconf 84' lang='lat' dir='ltr'>suffecissent</span> <span class='ocrx_word' id='word_1_104' title='bbox 981 793 1139 837; x_wconf 88' lang='lat' dir='ltr'>reditus,</span> <span class='ocrx_word' id='word_1_105' title='bbox 1168 791 1236 829; x_wconf 90' lang='lat' dir='ltr'>sed</span> <span class='ocrx_word' id='word_1_106' title='bbox 1266 791 1382 828; x_wconf 87' lang='lat' dir='ltr'>etiam</span> <span class='ocrx_word' id='word_1_107' title='bbox 1411 788 1668 840; x_wconf 82' lang='lat' dir='ltr'>superfuisset</span> 
     </span>
     <span class='ocr_line' id='line_1_12' title="bbox 208 851 1377 898; baseline -0.006 -3"><span class='ocrx_word' id='word_1_108' title='bbox 208 858 336 895; x_wconf 86' lang='lat' dir='ltr'>adhuc</span> <span class='ocrx_word' id='word_1_109' title='bbox 354 857 501 894; x_wconf 79' lang='lat' dir='ltr'>aerario.</span> <span class='ocrx_word' id='word_1_110' title='bbox 557 856 656 898; x_wconf 82' lang='lat' dir='ltr'>Quae</span> <span class='ocrx_word' id='word_1_111' title='bbox 676 855 750 898; x_wconf 81' lang='lat' dir='ltr'>aio,</span> <span class='ocrx_word' id='word_1_112' title='bbox 770 853 932 891; x_wconf 86' lang='lat' dir='ltr'>testibus</span> <span class='ocrx_word' id='word_1_113' title='bbox 952 865 999 889; x_wconf 90' lang='lat' dir='ltr'>ea</span> <span class='ocrx_word' id='word_1_114' title='bbox 1018 853 1242 889; x_wconf 84' lang='lat' dir='ltr'>confirmata</span> <span class='ocrx_word' id='word_1_115' title='bbox 1262 851 1377 889; x_wconf 88' lang='lat' dir='ltr'><strong>dabo.</strong></span> 
     </span>
    </p>
   </div>
   <div class='ocr_carea' id='block_1_3' title="bbox 834 948 1049 985">
    <p class='ocr_par' dir='ltr' id='par_1_3' title="bbox 834 948 1049 985">
     <span class='ocr_line' id='line_1_13' title="bbox 834 948 1049 985; baseline -0.009 0"><span class='ocrx_word' id='word_1_116' title='bbox 834 948 1049 985; x_wconf 82' lang='lat' dir='ltr'><strong>TESTES.</strong></span> 
     </span>
    </p>
   </div>
   <div class='ocr_carea' id='block_1_4' title="bbox 210 1029 1692 2959">
    <p class='ocr_par' dir='ltr' id='par_1_4' title="bbox 210 1029 1692 2959">
     <span class='ocr_line' id='line_1_14' title="bbox 267 1029 1672 1088; baseline -0.006 -13"><span class='ocrx_word' id='word_1_117' title='bbox 267 1039 305 1075; x_wconf 89' lang='lat'>6.</span> <span class='ocrx_word' id='word_1_118' title='bbox 337 1038 534 1088; x_wconf 85' lang='lat' dir='ltr'>Reputate</span> <span class='ocrx_word' id='word_1_119' title='bbox 546 1035 760 1078; x_wconf 89' lang='lat' dir='ltr'>vobiscum,</span> <span class='ocrx_word' id='word_1_120' title='bbox 774 1033 939 1084; x_wconf 84' lang='lat' dir='ltr'>judices,</span> <span class='ocrx_word' id='word_1_121' title='bbox 957 1045 1064 1071; x_wconf 81' lang='lat' dir='ltr'>sacra</span> <span class='ocrx_word' id='word_1_122' title='bbox 1079 1032 1108 1070; x_wconf 92' lang='lat' dir='ltr'>si</span> <span class='ocrx_word' id='word_1_123' title='bbox 1125 1033 1312 1070; x_wconf 83' lang='lat' dir='ltr'>faciamus</span> <span class='ocrx_word' id='word_1_124' title='bbox 1330 1029 1544 1069; x_wconf 87' lang='lat' dir='ltr'>secundum</span> <span class='ocrx_word' id='word_1_125' title='bbox 1560 1037 1672 1080; x_wconf 86' lang='lat' dir='ltr'>pacta</span> 
     </span>
     <span class='ocr_line' id='line_1_15' title="bbox 210 1090 1671 1144; baseline -0.007 -8"><span class='ocrx_word' id='word_1_126' title='bbox 210 1108 403 1136; x_wconf 88' lang='lat' dir='ltr'>conventa</span> <span class='ocrx_word' id='word_1_127' title='bbox 422 1105 504 1134; x_wconf 88' lang='lat' dir='ltr'>tum</span> <span class='ocrx_word' id='word_1_128' title='bbox 523 1096 643 1133; x_wconf 88' lang='lat' dir='ltr'>literis</span> <span class='ocrx_word' id='word_1_129' title='bbox 667 1095 894 1144; x_wconf 83' lang='lat' dir='ltr'>consignata</span> <span class='ocrx_word' id='word_1_130' title='bbox 919 1101 1033 1143; x_wconf 85' lang='lat' dir='ltr'>atque</span> <span class='ocrx_word' id='word_1_131' title='bbox 1055 1092 1306 1144; x_wconf 88' lang='lat' dir='ltr'>jurejurando</span> <span class='ocrx_word' id='word_1_132' title='bbox 1333 1090 1557 1129; x_wconf 86' lang='lat' dir='ltr'>confirmata</span> <span class='ocrx_word' id='word_1_133' title='bbox 1583 1103 1671 1142; x_wconf 85' lang='lat' dir='ltr'>cum</span> 
     </span>
     <span class='ocr_line' id='line_1_16' title="bbox 210 1151 1673 1209; baseline -0.005 -13"><span class='ocrx_word' id='word_1_134' title='bbox 210 1159 378 1209; x_wconf 89' lang='lat' dir='ltr'>populus</span> <span class='ocrx_word' id='word_1_135' title='bbox 410 1159 459 1195; x_wconf 93' lang='lat' dir='ltr'>ab</span> <span class='ocrx_word' id='word_1_136' title='bbox 488 1157 621 1194; x_wconf 85' lang='lat' dir='ltr'>exsilio</span> <span class='ocrx_word' id='word_1_137' title='bbox 649 1156 805 1192; x_wconf 88' lang='lat' dir='ltr'>domum</span> <span class='ocrx_word' id='word_1_138' title='bbox 833 1155 986 1199; x_wconf 84' lang='lat' dir='ltr'>rediret,</span> <span class='ocrx_word' id='word_1_139' title='bbox 1007 1154 1133 1191; x_wconf 87' lang='lat' dir='ltr'>omnia</span> <span class='ocrx_word' id='word_1_140' title='bbox 1158 1166 1268 1190; x_wconf 85' lang='lat' dir='ltr'>sacra</span> <span class='ocrx_word' id='word_1_141' title='bbox 1291 1151 1370 1189; x_wconf 83' lang='lat' dir='ltr'>fieri</span> <span class='ocrx_word' id='word_1_142' title='bbox 1388 1164 1502 1202; x_wconf 89' lang='lat' dir='ltr'>posse</span> <span class='ocrx_word' id='word_1_143' title='bbox 1520 1158 1673 1190; x_wconf 83' lang='lat' dir='ltr'>vetusto</span> 
     </span>
     <span class='ocr_line' id='line_1_17' title="bbox 212 1212 1674 1268; baseline -0.005 -12"><span class='ocrx_word' id='word_1_144' title='bbox 212 1219 288 1256; x_wconf 86' lang='lat' dir='ltr'>ritu</span> <span class='ocrx_word' id='word_1_145' title='bbox 314 1218 436 1268; x_wconf 87' lang='lat' dir='ltr'>patrio</span> <span class='ocrx_word' id='word_1_146' title='bbox 463 1217 626 1254; x_wconf 88' lang='lat' dir='ltr'>tradita:</span> <span class='ocrx_word' id='word_1_147' title='bbox 659 1216 716 1253; x_wconf 91' lang='lat' dir='ltr'>sin</span> <span class='ocrx_word' id='word_1_148' title='bbox 743 1222 869 1253; x_wconf 87' lang='lat' dir='ltr'>autem</span> <span class='ocrx_word' id='word_1_149' title='bbox 900 1214 1111 1252; x_wconf 90' lang='lat' dir='ltr'>secundum</span> <span class='ocrx_word' id='word_1_150' title='bbox 1139 1214 1307 1251; x_wconf 87' lang='lat' dir='ltr'>edictum</span> <span class='ocrx_word' id='word_1_151' title='bbox 1332 1212 1466 1249; x_wconf 86' lang='lat' dir='ltr'>harum</span> <span class='ocrx_word' id='word_1_152' title='bbox 1495 1212 1674 1250; x_wconf 81' lang='lat' dir='ltr'>stelarum</span> 
     </span>
     <span class='ocr_line' id='line_1_18' title="bbox 213 1273 1674 1328; baseline -0.004 -12"><span class='ocrx_word' id='word_1_153' title='bbox 213 1291 309 1328; x_wconf 91' lang='lat' dir='ltr'>quas</span> <span class='ocrx_word' id='word_1_154' title='bbox 335 1278 396 1315; x_wconf 89' lang='lat' dir='ltr'>hic</span> <span class='ocrx_word' id='word_1_155' title='bbox 418 1278 680 1314; x_wconf 85' lang='lat' dir='ltr'>Nicomachus</span> <span class='ocrx_word' id='word_1_156' title='bbox 706 1275 801 1320; x_wconf 85' lang='lat' dir='ltr'>fixit,</span> <span class='ocrx_word' id='word_1_157' title='bbox 825 1275 947 1312; x_wconf 86' lang='lat' dir='ltr'>multa</span> <span class='ocrx_word' id='word_1_158' title='bbox 973 1274 1201 1312; x_wconf 86' lang='lat' dir='ltr'>intercidere</span> <span class='ocrx_word' id='word_1_159' title='bbox 1230 1281 1346 1323; x_wconf 88' lang='lat' dir='ltr'>atque</span> <span class='ocrx_word' id='word_1_160' title='bbox 1372 1273 1494 1311; x_wconf 88' lang='lat' dir='ltr'>omitti</span> <span class='ocrx_word' id='word_1_161' title='bbox 1522 1273 1674 1310; x_wconf 89' lang='lat' dir='ltr'>debere.</span> 
     </span>
     <span class='ocr_line' id='line_1_19' title="bbox 216 1332 1678 1385; baseline -0.004 -10"><span class='ocrx_word' id='word_1_162' title='bbox 216 1339 268 1375; x_wconf 90' lang='lat' dir='ltr'>Et</span> <span class='ocrx_word' id='word_1_163' title='bbox 297 1337 545 1375; x_wconf 85' lang='lat' dir='ltr'>nihilominus</span> <span class='ocrx_word' id='word_1_164' title='bbox 574 1344 702 1374; x_wconf 86' lang='lat' dir='ltr'>tamen</span> <span class='ocrx_word' id='word_1_165' title='bbox 729 1336 848 1373; x_wconf 90' lang='lat' dir='ltr'>ambit</span> <span class='ocrx_word' id='word_1_166' title='bbox 877 1335 940 1372; x_wconf 87' lang='lat' dir='ltr'>hic</span> <span class='ocrx_word' id='word_1_167' title='bbox 968 1335 1180 1385; x_wconf 83' lang='lat' dir='ltr'>sacrilegus</span> <span class='ocrx_word' id='word_1_168' title='bbox 1206 1335 1356 1378; x_wconf 90' lang='lat' dir='ltr'>domos,</span> <span class='ocrx_word' id='word_1_169' title='bbox 1375 1332 1678 1371; x_wconf 83' lang='lat' dir='ltr'>circumcursitat</span> 
     </span>
     <span class='ocr_line' id='line_1_20' title="bbox 214 1393 1678 1449; baseline -0.005 -13"><span class='ocrx_word' id='word_1_170' title='bbox 214 1412 283 1449; x_wconf 90' lang='lat' dir='ltr'>per</span> <span class='ocrx_word' id='word_1_171' title='bbox 303 1398 502 1442; x_wconf 89' lang='lat' dir='ltr'>stationes,</span> <span class='ocrx_word' id='word_1_172' title='bbox 521 1397 663 1446; x_wconf 88' lang='lat' dir='ltr'>ubique</span> <span class='ocrx_word' id='word_1_173' title='bbox 677 1400 842 1444; x_wconf 84' lang='lat' dir='ltr'>jactans,</span> <span class='ocrx_word' id='word_1_174' title='bbox 863 1409 903 1433; x_wconf 86' lang='lat' dir='ltr'>se</span> <span class='ocrx_word' id='word_1_175' title='bbox 921 1395 1026 1445; x_wconf 89' lang='lat' dir='ltr'>leges</span> <span class='ocrx_word' id='word_1_176' title='bbox 1047 1394 1322 1445; x_wconf 80' lang='lat' dir='ltr'>conscripsisse</span> <span class='ocrx_word' id='word_1_177' title='bbox 1337 1394 1385 1431; x_wconf 92' lang='lat' dir='ltr'>de</span> <span class='ocrx_word' id='word_1_178' title='bbox 1398 1393 1515 1431; x_wconf 90' lang='lat' dir='ltr'>sacris</span> <span class='ocrx_word' id='word_1_179' title='bbox 1535 1393 1678 1430; x_wconf 86' lang='lat' dir='ltr'>facien-</span> 
     </span>
     <span class='ocr_line' id='line_1_21' title="bbox 216 1453 1677 1508; baseline -0.005 -12"><span class='ocrx_word' id='word_1_180' title='bbox 216 1459 288 1504; x_wconf 86' lang='lat' dir='ltr'>dis,</span> <span class='ocrx_word' id='word_1_181' title='bbox 309 1457 651 1508; x_wconf 83' lang='lat' dir='ltr'>nonparsimoniae</span> <span class='ocrx_word' id='word_1_182' title='bbox 673 1456 844 1506; x_wconf 86' lang='lat' dir='ltr'>quidem,</span> <span class='ocrx_word' id='word_1_183' title='bbox 859 1462 898 1493; x_wconf 92' lang='lat' dir='ltr'>et</span> <span class='ocrx_word' id='word_1_184' title='bbox 916 1455 1046 1505; x_wconf 89' lang='lat' dir='ltr'>pietati</span> <span class='ocrx_word' id='word_1_185' title='bbox 1067 1463 1195 1492; x_wconf 89' lang='lat' dir='ltr'>tamen</span> <span class='ocrx_word' id='word_1_186' title='bbox 1217 1462 1367 1500; x_wconf 89' lang='lat' dir='ltr'>vestrae,</span> <span class='ocrx_word' id='word_1_187' title='bbox 1383 1453 1677 1495; x_wconf 50' lang='lat' dir='ltr'>convenientem</span> 
     </span>
     <span class='ocr_line' id='line_1_22' title="bbox 214 1513 1681 1569; baseline -0.005 -13"><span class='ocrx_word' id='word_1_188' title='bbox 214 1532 302 1569; x_wconf 87' lang='lat' dir='ltr'>quae</span> <span class='ocrx_word' id='word_1_189' title='bbox 323 1519 354 1556; x_wconf 91' lang='lat' dir='ltr'>si</span> <span class='ocrx_word' id='word_1_190' title='bbox 379 1518 486 1556; x_wconf 90' lang='lat' dir='ltr'>vobis</span> <span class='ocrx_word' id='word_1_191' title='bbox 513 1518 617 1566; x_wconf 86' lang='lat' dir='ltr'>leges</span> <span class='ocrx_word' id='word_1_192' title='bbox 645 1516 769 1553; x_wconf 88' lang='lat' dir='ltr'>minus</span> <span class='ocrx_word' id='word_1_193' title='bbox 799 1515 1005 1560; x_wconf 83' lang='lat' dir='ltr'>arrideant,</span> <span class='ocrx_word' id='word_1_194' title='bbox 1031 1515 1141 1565; x_wconf 83' lang='lat' dir='ltr'>jubet</span> <span class='ocrx_word' id='word_1_195' title='bbox 1166 1527 1232 1552; x_wconf 91' lang='lat' dir='ltr'>eas</span> <span class='ocrx_word' id='word_1_196' title='bbox 1261 1527 1390 1552; x_wconf 87' lang='lat' dir='ltr'>rursus</span> <span class='ocrx_word' id='word_1_197' title='bbox 1418 1513 1613 1564; x_wconf 82' lang='lat' dir='ltr'>expungi:</span> <span class='ocrx_word' id='word_1_198' title='bbox 1641 1520 1681 1549; x_wconf 87' lang='lat' dir='ltr'>et</span> 
     </span>
     <span class='ocr_line' id='line_1_23' title="bbox 216 1574 1681 1630; baseline -0.005 -13"><span class='ocrx_word' id='word_1_199' title='bbox 216 1578 407 1630; x_wconf 90' lang='lat' dir='ltr'>ejusmodi</span> <span class='ocrx_word' id='word_1_200' title='bbox 433 1577 583 1616; x_wconf 82' lang='lat' dir='ltr'>offuciis</span> <span class='ocrx_word' id='word_1_201' title='bbox 610 1582 741 1627; x_wconf 85' lang='lat' dir='ltr'>sperat</span> <span class='ocrx_word' id='word_1_202' title='bbox 765 1590 805 1614; x_wconf 86' lang='lat' dir='ltr'>se</span> <span class='ocrx_word' id='word_1_203' title='bbox 825 1575 933 1613; x_wconf 88' lang='lat' dir='ltr'>vobis</span> <span class='ocrx_word' id='word_1_204' title='bbox 962 1588 1244 1626; x_wconf 89' lang='lat' dir='ltr'>persuasurum,</span> <span class='ocrx_word' id='word_1_205' title='bbox 1266 1581 1308 1611; x_wconf 92' lang='lat' dir='ltr'>ut</span> <span class='ocrx_word' id='word_1_206' title='bbox 1337 1574 1502 1613; x_wconf 89' lang='lat' dir='ltr'>credatis</span> <span class='ocrx_word' id='word_1_207' title='bbox 1528 1574 1681 1624; x_wconf 80' lang='lat' dir='ltr'>neganti</span> 
     </span>
     <span class='ocr_line' id='line_1_24' title="bbox 217 1634 1680 1690; baseline -0.004 -13"><span class='ocrx_word' id='word_1_208' title='bbox 217 1640 426 1690; x_wconf 89' lang='lat' dir='ltr'>quicquam</span> <span class='ocrx_word' id='word_1_209' title='bbox 447 1638 485 1675; x_wconf 88' lang='lat' dir='ltr'>in</span> <span class='ocrx_word' id='word_1_210' title='bbox 504 1651 572 1676; x_wconf 93' lang='lat' dir='ltr'>vos</span> <span class='ocrx_word' id='word_1_211' title='bbox 592 1649 787 1687; x_wconf 87' lang='lat' dir='ltr'>peccasse,</span> <span class='ocrx_word' id='word_1_212' title='bbox 807 1635 960 1674; x_wconf 90' lang='lat' dir='ltr'>tametsi</span> <span class='ocrx_word' id='word_1_213' title='bbox 979 1635 1187 1678; x_wconf 87' lang='lat' dir='ltr'>civitatem,</span> <span class='ocrx_word' id='word_1_214' title='bbox 1205 1642 1248 1671; x_wconf 91' lang='lat' dir='ltr'>ut</span> <span class='ocrx_word' id='word_1_215' title='bbox 1264 1643 1457 1684; x_wconf 88' lang='lat' dir='ltr'>sumptum</span> <span class='ocrx_word' id='word_1_216' title='bbox 1477 1634 1680 1672; x_wconf 82' lang='lat' dir='ltr'>duodecim</span> 
     </span>
     <span class='ocr_line' id='line_1_25' title="bbox 217 1694 1681 1752; baseline -0.005 -14"><span class='ocrx_word' id='word_1_217' title='bbox 217 1699 374 1752; x_wconf 84' lang='lat' dir='ltr'>talentis</span> <span class='ocrx_word' id='word_1_218' title='bbox 403 1701 583 1746; x_wconf 85' lang='lat' dir='ltr'>majorem</span> <span class='ocrx_word' id='word_1_219' title='bbox 611 1709 725 1746; x_wconf 90' lang='lat' dir='ltr'>quarn</span> <span class='ocrx_word' id='word_1_220' title='bbox 756 1696 958 1746; x_wconf 83' lang='lat' dir='ltr'>oportebat</span> <span class='ocrx_word' id='word_1_221' title='bbox 983 1695 1056 1732; x_wconf 91' lang='lat' dir='ltr'>hoc</span> <span class='ocrx_word' id='word_1_222' title='bbox 1087 1694 1423 1739; x_wconf 76' lang='lat' dir='ltr'>bienniofaceret,</span> <span class='ocrx_word' id='word_1_223' title='bbox 1446 1694 1609 1740; x_wconf 86' lang='lat' dir='ltr'>induxit,</span> <span class='ocrx_word' id='word_1_224' title='bbox 1628 1702 1681 1737; x_wconf 86' lang='lat' dir='ltr'>et,</span> 
     </span>
     <span class='ocr_line' id='line_1_26' title="bbox 218 1754 1683 1810; baseline -0.004 -12"><span class='ocrx_word' id='word_1_225' title='bbox 218 1773 297 1810; x_wconf 88' lang='lat' dir='ltr'>qua</span> <span class='ocrx_word' id='word_1_226' title='bbox 321 1766 380 1797; x_wconf 91' lang='lat' dir='ltr'>est</span> <span class='ocrx_word' id='word_1_227' title='bbox 407 1757 584 1804; x_wconf 88' lang='lat' dir='ltr'>audacia,</span> <span class='ocrx_word' id='word_1_228' title='bbox 611 1757 817 1806; x_wconf 86' lang='lat' dir='ltr'>quotannis</span> <span class='ocrx_word' id='word_1_229' title='bbox 847 1755 947 1793; x_wconf 84' lang='lat' dir='ltr'>senis</span> <span class='ocrx_word' id='word_1_230' title='bbox 976 1754 1133 1792; x_wconf 87' lang='lat' dir='ltr'>talentis</span> <span class='ocrx_word' id='word_1_231' title='bbox 1159 1754 1334 1792; x_wconf 71' lang='lat' dir='ltr'>aerarium</span> <span class='ocrx_word' id='word_1_232' title='bbox 1361 1755 1478 1805; x_wconf 17' lang='lat' dir='ltr'>quasi*</span> <span class='ocrx_word' id='word_1_233' title='bbox 1496 1755 1683 1793; x_wconf 81' lang='lat' dir='ltr'>mulctare</span> 
     </span>
     <span class='ocr_line' id='line_1_27' title="bbox 220 1815 1681 1868; baseline -0.003 -10"><span class='ocrx_word' id='word_1_234' title='bbox 220 1819 426 1863; x_wconf 80' lang='lat' dir='ltr'>sustinuit3</span> <span class='ocrx_word' id='word_1_235' title='bbox 458 1817 552 1868; x_wconf 90' lang='lat' dir='ltr'>quid</span> <span class='ocrx_word' id='word_1_236' title='bbox 582 1817 684 1855; x_wconf 88' lang='lat' dir='ltr'>enim</span> <span class='ocrx_word' id='word_1_237' title='bbox 717 1816 819 1854; x_wconf 90' lang='lat' dir='ltr'>aliud</span> <span class='ocrx_word' id='word_1_238' title='bbox 851 1816 988 1854; x_wconf 84' lang='lat' dir='ltr'>fecisse</span> <span class='ocrx_word' id='word_1_239' title='bbox 1018 1815 1204 1853; x_wconf 83' lang='lat' dir='ltr'>dicendus</span> <span class='ocrx_word' id='word_1_240' title='bbox 1235 1815 1306 1853; x_wconf 90' lang='lat' dir='ltr'>erit</span> <span class='ocrx_word' id='word_1_241' title='bbox 1335 1816 1381 1861; x_wconf 90' lang='lat' dir='ltr'>is,</span> <span class='ocrx_word' id='word_1_242' title='bbox 1410 1816 1474 1866; x_wconf 92' lang='lat' dir='ltr'>qui</span> <span class='ocrx_word' id='word_1_243' title='bbox 1500 1816 1609 1866; x_wconf 77' lang='lat' dir='ltr'>leges.</span> <span class='ocrx_word' id='word_1_244' title='bbox 1633 1815 1681 1854; x_wconf 88' lang='lat' dir='ltr'>de</span> 
     </span>
     <span class='ocr_line' id='line_1_28' title="bbox 221 1875 1682 1928; baseline -0.003 -9"><span class='ocrx_word' id='word_1_245' title='bbox 221 1881 342 1919; x_wconf 89' lang='lat' dir='ltr'>sacris</span> <span class='ocrx_word' id='word_1_246' title='bbox 377 1879 468 1917; x_wconf 89' lang='lat' dir='ltr'>tulit</span> <span class='ocrx_word' id='word_1_247' title='bbox 501 1891 580 1924; x_wconf 89' lang='lat' dir='ltr'>eas,</span> <span class='ocrx_word' id='word_1_248' title='bbox 609 1891 697 1928; x_wconf 89' lang='lat' dir='ltr'>quae</span> <span class='ocrx_word' id='word_1_249' title='bbox 725 1877 833 1927; x_wconf 83' lang='lat' dir='ltr'>leges</span> <span class='ocrx_word' id='word_1_250' title='bbox 863 1877 894 1914; x_wconf 89' lang='lat' dir='ltr'>si</span> <span class='ocrx_word' id='word_1_251' title='bbox 922 1876 1163 1921; x_wconf 89' lang='lat' dir='ltr'>obtinebunt,</span> <span class='ocrx_word' id='word_1_252' title='bbox 1192 1875 1326 1913; x_wconf 79' lang='lat' dir='ltr'>aerario</span> <span class='ocrx_word' id='word_1_253' title='bbox 1356 1888 1451 1913; x_wconf 90' lang='lat' dir='ltr'>sena</span> <span class='ocrx_word' id='word_1_254' title='bbox 1477 1877 1682 1926; x_wconf 83' lang='lat' dir='ltr'>quotannis</span> 
     </span>
     <span class='ocr_line' id='line_1_29' title="bbox 223 1935 1683 1990; baseline -0.006 -9"><span class='ocrx_word' id='word_1_255' title='bbox 223 1943 371 1981; x_wconf 86' lang='lat' dir='ltr'>talenta</span> <span class='ocrx_word' id='word_1_256' title='bbox 391 1947 503 1979; x_wconf 87' lang='lat' dir='ltr'>erunt</span> <span class='ocrx_word' id='word_1_257' title='bbox 522 1938 782 1990; x_wconf 88' lang='lat' dir='ltr'>impendenda</span> <span class='ocrx_word' id='word_1_258' title='bbox 799 1937 888 1988; x_wconf 90' lang='lat' dir='ltr'>plus</span> <span class='ocrx_word' id='word_1_259' title='bbox 907 1950 1023 1987; x_wconf 86' lang='lat' dir='ltr'>quam</span> <span class='ocrx_word' id='word_1_260' title='bbox 1044 1935 1274 1987; x_wconf 77' lang='lat' dir='ltr'>oportebat?</span> <span class='ocrx_word' id='word_1_261' title='bbox 1304 1935 1418 1985; x_wconf 91' lang='lat' dir='ltr'>idque</span> <span class='ocrx_word' id='word_1_262' title='bbox 1438 1942 1516 1973; x_wconf 88' lang='lat' dir='ltr'>tam</span> <span class='ocrx_word' id='word_1_263' title='bbox 1543 1936 1683 1986; x_wconf 89' lang='lat' dir='ltr'>impor-</span> 
     </span>
     <span class='ocr_line' id='line_1_30' title="bbox 222 1996 1683 2050; baseline -0.005 -9"><span class='ocrx_word' id='word_1_264' title='bbox 222 2010 320 2041; x_wconf 89' lang='lat' dir='ltr'>tuna</span> <span class='ocrx_word' id='word_1_265' title='bbox 347 2009 387 2040; x_wconf 93' lang='lat' dir='ltr'>et</span> <span class='ocrx_word' id='word_1_266' title='bbox 414 2001 510 2038; x_wconf 89' lang='lat' dir='ltr'>dura</span> <span class='ocrx_word' id='word_1_267' title='bbox 538 2005 780 2050; x_wconf 84' lang='lat' dir='ltr'>tempestate,</span> <span class='ocrx_word' id='word_1_268' title='bbox 800 2011 877 2048; x_wconf 88' lang='lat' dir='ltr'>qua</span> <span class='ocrx_word' id='word_1_269' title='bbox 903 2011 964 2035; x_wconf 92' lang='lat' dir='ltr'>res</span> <span class='ocrx_word' id='word_1_270' title='bbox 984 1997 1205 2047; x_wconf 83' lang='lat' dir='ltr'>pecuniaria</span> <span class='ocrx_word' id='word_1_271' title='bbox 1224 2003 1303 2033; x_wconf 89' lang='lat' dir='ltr'>tam</span> <span class='ocrx_word' id='word_1_272' title='bbox 1322 2004 1428 2035; x_wconf 88' lang='lat' dir='ltr'>arcta</span> <span class='ocrx_word' id='word_1_273' title='bbox 1446 2003 1517 2042; x_wconf 89' lang='lat' dir='ltr'>est,</span> <span class='ocrx_word' id='word_1_274' title='bbox 1537 1996 1683 2040; x_wconf 84' lang='lat' dir='ltr'>videns,</span> 
     </span>
     <span class='ocr_line' id='line_1_31' title="bbox 224 2056 1684 2103; baseline -0.005 -1"><span class='ocrx_word' id='word_1_275' title='bbox 224 2063 399 2102; x_wconf 85' lang='lat' dir='ltr'>aerarium</span> <span class='ocrx_word' id='word_1_276' title='bbox 429 2060 657 2098; x_wconf 83' lang='lat' dir='ltr'>exhaustum</span> <span class='ocrx_word' id='word_1_277' title='bbox 678 2067 719 2097; x_wconf 84' lang='lat' dir='ltr'>et</span> <span class='ocrx_word' id='word_1_278' title='bbox 738 2059 989 2103; x_wconf 86' lang='lat' dir='ltr'>exinanitum,</span> <span class='ocrx_word' id='word_1_279' title='bbox 1010 2056 1325 2095; x_wconf 73' lang='lat' dir='ltr'>Lacedaemonios</span> <span class='ocrx_word' id='word_1_280' title='bbox 1351 2057 1539 2095; x_wconf 87' lang='lat' dir='ltr'>minantes</span> <span class='ocrx_word' id='word_1_281' title='bbox 1558 2057 1596 2094; x_wconf 90' lang='lat' dir='ltr'>ni</span> <span class='ocrx_word' id='word_1_282' title='bbox 1617 2056 1684 2095; x_wconf 93' lang='lat' dir='ltr'>de-</span> 
     </span>
     <span class='ocr_line' id='line_1_32' title="bbox 223 2118 1684 2174; baseline -0.005 -12"><span class='ocrx_word' id='word_1_283' title='bbox 223 2125 310 2168; x_wconf 13' lang='lat' dir='ltr'>bita*</span> <span class='ocrx_word' id='word_1_284' title='bbox 328 2123 418 2174; x_wconf 89' lang='lat' dir='ltr'>ipsis</span> <span class='ocrx_word' id='word_1_285' title='bbox 445 2121 673 2165; x_wconf 14' lang='lat' dir='ltr'>totrtalenta</span> <span class='ocrx_word' id='word_1_286' title='bbox 698 2119 976 2170; x_wconf 83' lang='lat' dir='ltr'>dependamus,</span> <span class='ocrx_word' id='word_1_287' title='bbox 1002 2118 1159 2155; x_wconf 84' lang='lat' dir='ltr'>Boeotos</span> <span class='ocrx_word' id='word_1_288' title='bbox 1185 2126 1312 2154; x_wconf 84' lang='lat' dir='ltr'>autem</span> <span class='ocrx_word' id='word_1_289' title='bbox 1335 2123 1684 2168; x_wconf 74' lang='lat' dir='ltr'>corporaquetum</span> 
     </span>
     <span class='ocr_line' id='line_1_33' title="bbox 226 2178 1685 2228; baseline -0.006 -5"><span class='ocrx_word' id='word_1_290' title='bbox 226 2197 337 2222; x_wconf 87' lang='lat' dir='ltr'>serva</span> <span class='ocrx_word' id='word_1_291' title='bbox 355 2190 436 2221; x_wconf 91' lang='lat' dir='ltr'>tum</span> <span class='ocrx_word' id='word_1_292' title='bbox 454 2182 574 2220; x_wconf 89' lang='lat' dir='ltr'>libera</span> <span class='ocrx_word' id='word_1_293' title='bbox 592 2187 630 2218; x_wconf 87' lang='lat' dir='ltr'>et</span> <span class='ocrx_word' id='word_1_294' title='bbox 641 2183 819 2228; x_wconf 85' lang='lat' dir='ltr'>jumenta</span> <span class='ocrx_word' id='word_1_295' title='bbox 837 2186 1083 2228; x_wconf 84' lang='lat' dir='ltr'>armentaque</span> <span class='ocrx_word' id='word_1_296' title='bbox 1103 2185 1231 2215; x_wconf 90' lang='lat' dir='ltr'>nostra</span> <span class='ocrx_word' id='word_1_297' title='bbox 1250 2185 1289 2215; x_wconf 85' lang='lat' dir='ltr'>et</span> <span class='ocrx_word' id='word_1_298' title='bbox 1305 2178 1478 2228; x_wconf 85' lang='lat' dir='ltr'>plaustra</span> <span class='ocrx_word' id='word_1_299' title='bbox 1493 2185 1531 2216; x_wconf 91' lang='lat' dir='ltr'>et</span> <span class='ocrx_word' id='word_1_300' title='bbox 1545 2178 1685 2215; x_wconf 89' lang='lat' dir='ltr'>instru-</span> 
     </span>
     <span class='ocr_line' id='line_1_34' title="bbox 227 2237 1686 2289; baseline -0.004 -8"><span class='ocrx_word' id='word_1_301' title='bbox 227 2251 401 2281; x_wconf 84' lang='lat' dir='ltr'>mentum</span> <span class='ocrx_word' id='word_1_302' title='bbox 430 2254 543 2279; x_wconf 90' lang='lat' dir='ltr'>omne</span> <span class='ocrx_word' id='word_1_303' title='bbox 573 2241 758 2278; x_wconf 84' lang='lat' dir='ltr'>rusticum</span> <span class='ocrx_word' id='word_1_304' title='bbox 786 2253 833 2277; x_wconf 88' lang='lat' dir='ltr'>ex</span> <span class='ocrx_word' id='word_1_305' title='bbox 862 2239 964 2289; x_wconf 82' lang='lat' dir='ltr'>agris</span> <span class='ocrx_word' id='word_1_306' title='bbox 993 2239 1130 2276; x_wconf 87' lang='lat' dir='ltr'>nostris</span> <span class='ocrx_word' id='word_1_307' title='bbox 1159 2245 1331 2288; x_wconf 77' lang='lat' dir='ltr'>agenteS,</span> <span class='ocrx_word' id='word_1_308' title='bbox 1358 2237 1538 2283; x_wconf 85' lang='lat' dir='ltr'>ferentes,</span> <span class='ocrx_word' id='word_1_309' title='bbox 1556 2250 1686 2276; x_wconf 90' lang='lat' dir='ltr'>secum</span> 
     </span>
     <span class='ocr_line' id='line_1_35' title="bbox 227 2300 1687 2354; baseline -0.004 -11"><span class='ocrx_word' id='word_1_310' title='bbox 227 2306 433 2350; x_wconf 67' lang='lat' dir='ltr'>retinentes</span> <span class='ocrx_word' id='word_1_311' title='bbox 465 2316 535 2354; x_wconf 91' lang='lat' dir='ltr'>pro</span> <span class='ocrx_word' id='word_1_312' title='bbox 565 2302 676 2340; x_wconf 87' lang='lat' dir='ltr'>arrha</span> <span class='ocrx_word' id='word_1_313' title='bbox 702 2302 812 2351; x_wconf 87' lang='lat' dir='ltr'>quasi</span> <span class='ocrx_word' id='word_1_314' title='bbox 838 2301 1007 2339; x_wconf 91' lang='lat' dir='ltr'>luitionis</span> <span class='ocrx_word' id='word_1_315' title='bbox 1035 2301 1198 2337; x_wconf 89' lang='lat' dir='ltr'>duorum</span> <span class='ocrx_word' id='word_1_316' title='bbox 1227 2300 1455 2338; x_wconf 82' lang='lat' dir='ltr'>talentorum</span> <span class='ocrx_word' id='word_1_317' title='bbox 1485 2313 1572 2350; x_wconf 88' lang='lat' dir='ltr'>quae</span> <span class='ocrx_word' id='word_1_318' title='bbox 1598 2300 1687 2350; x_wconf 82' lang='lat' dir='ltr'>ipsis</span> 
     </span>
     <span class='ocr_line' id='line_1_36' title="bbox 229 2360 1689 2413; baseline -0.004 -9"><span class='ocrx_word' id='word_1_319' title='bbox 229 2366 413 2404; x_wconf 88' lang='lat' dir='ltr'>debemus</span> <span class='ocrx_word' id='word_1_320' title='bbox 438 2376 562 2413; x_wconf 88' lang='lat' dir='ltr'>neque</span> <span class='ocrx_word' id='word_1_321' title='bbox 589 2362 736 2400; x_wconf 87' lang='lat' dir='ltr'>reluere</span> <span class='ocrx_word' id='word_1_322' title='bbox 755 2361 925 2399; x_wconf 81' lang='lat' dir='ltr'>valemus</span> <span class='ocrx_word' id='word_1_323' title='bbox 943 2375 952 2405; x_wconf 96' lang='grc'><strong>;</strong></span> <span class='ocrx_word' id='word_1_324' title='bbox 985 2361 1120 2398; x_wconf 90' lang='lat' dir='ltr'>videns</span> <span class='ocrx_word' id='word_1_325' title='bbox 1141 2361 1305 2410; x_wconf 88' lang='lat' dir='ltr'>denique</span> <span class='ocrx_word' id='word_1_326' title='bbox 1324 2361 1474 2399; x_wconf 87' lang='lat' dir='ltr'>navalia</span> <span class='ocrx_word' id='word_1_327' title='bbox 1492 2368 1531 2399; x_wconf 90' lang='lat' dir='ltr'>et</span> <span class='ocrx_word' id='word_1_328' title='bbox 1549 2360 1689 2402; x_wconf 87' lang='lat' dir='ltr'>moenia</span> 
     </span>
     <span class='ocr_line' id='line_1_37' title="bbox 230 2421 1687 2478; baseline -0.004 -14"><span class='ocrx_word' id='word_1_329' title='bbox 230 2433 363 2478; x_wconf 81' lang='lat' dir='ltr'>nostra</span> <span class='ocrx_word' id='word_1_330' title='bbox 390 2426 439 2462; x_wconf 92' lang='lat' dir='ltr'>ob</span> <span class='ocrx_word' id='word_1_331' title='bbox 468 2424 668 2474; x_wconf 89' lang='lat' dir='ltr'>penuriam</span> <span class='ocrx_word' id='word_1_332' title='bbox 697 2423 819 2460; x_wconf 80' lang='lat' dir='ltr'>aerarii</span> <span class='ocrx_word' id='word_1_333' title='bbox 846 2422 885 2459; x_wconf 90' lang='lat' dir='ltr'>in</span> <span class='ocrx_word' id='word_1_334' title='bbox 914 2422 1039 2459; x_wconf 84' lang='lat' dir='ltr'>ruinas</span> <span class='ocrx_word' id='word_1_335' title='bbox 1069 2422 1296 2465; x_wconf 85' lang='lat' dir='ltr'>dilabentia;</span> <span class='ocrx_word' id='word_1_336' title='bbox 1334 2423 1399 2472; x_wconf 89' lang='lat' dir='ltr'>qui</span> <span class='ocrx_word' id='word_1_337' title='bbox 1426 2434 1538 2472; x_wconf 87' lang='lat' dir='ltr'>porro</span> <span class='ocrx_word' id='word_1_338' title='bbox 1570 2421 1687 2471; x_wconf 89' lang='lat' dir='ltr'>probe</span> 
     </span>
     <span class='ocr_line' id='line_1_38' title="bbox 231 2480 1687 2533; baseline -0.005 -8"><span class='ocrx_word' id='word_1_339' title='bbox 231 2493 366 2525; x_wconf 86' lang='lat' dir='ltr'>nosset</span> <span class='ocrx_word' id='word_1_340' title='bbox 398 2490 575 2523; x_wconf 89' lang='lat' dir='ltr'>senatum</span> <span class='ocrx_word' id='word_1_341' title='bbox 614 2483 727 2520; x_wconf 89' lang='lat' dir='ltr'>rebus</span> <span class='ocrx_word' id='word_1_342' title='bbox 766 2482 977 2520; x_wconf 87' lang='lat' dir='ltr'>identidem</span> <span class='ocrx_word' id='word_1_343' title='bbox 1007 2482 1280 2533; x_wconf 86' lang='lat' dir='ltr'>presidentem,</span> <span class='ocrx_word' id='word_1_344' title='bbox 1311 2482 1343 2519; x_wconf 93' lang='lat' dir='ltr'>si</span> <span class='ocrx_word' id='word_1_345' title='bbox 1381 2481 1472 2519; x_wconf 87' lang='lat' dir='ltr'>satis</span> <span class='ocrx_word' id='word_1_346' title='bbox 1505 2481 1555 2518; x_wconf 86' lang='lat' dir='ltr'>sit</span> <span class='ocrx_word' id='word_1_347' title='bbox 1582 2480 1687 2518; x_wconf 88' lang='lat' dir='ltr'>unde</span> 
     </span>
     <span class='ocr_line' id='line_1_39' title="bbox 233 2544 1688 2598; baseline -0.003 -12"><span class='ocrx_word' id='word_1_348' title='bbox 233 2553 411 2598; x_wconf 90' lang='lat' dir='ltr'>sumptus</span> <span class='ocrx_word' id='word_1_349' title='bbox 438 2546 477 2583; x_wconf 92' lang='lat' dir='ltr'>in</span> <span class='ocrx_word' id='word_1_350' title='bbox 504 2558 564 2582; x_wconf 85' lang='lat' dir='ltr'>res</span> <span class='ocrx_word' id='word_1_351' title='bbox 594 2551 781 2582; x_wconf 84' lang='lat' dir='ltr'>exsecutu</span> <span class='ocrx_word' id='word_1_352' title='bbox 807 2552 845 2582; x_wconf 91' lang='lat' dir='ltr'>et</span> <span class='ocrx_word' id='word_1_353' title='bbox 870 2545 1023 2594; x_wconf 89' lang='lat' dir='ltr'>provisu</span> <span class='ocrx_word' id='word_1_354' title='bbox 1053 2545 1290 2582; x_wconf 85' lang='lat' dir='ltr'>necessarias</span> <span class='ocrx_word' id='word_1_355' title='bbox 1316 2544 1447 2589; x_wconf 88' lang='lat' dir='ltr'>faciat,</span> <span class='ocrx_word' id='word_1_356' title='bbox 1465 2544 1571 2581; x_wconf 88' lang='lat' dir='ltr'>nulla</span> <span class='ocrx_word' id='word_1_357' title='bbox 1589 2544 1628 2581; x_wconf 91' lang='lat' dir='ltr'>in</span> <span class='ocrx_word' id='word_1_358' title='bbox 1648 2558 1688 2582; x_wconf 90' lang='lat' dir='ltr'>re</span> 
     </span>
     <span class='ocr_line' id='line_1_40' title="bbox 233 2603 1688 2660; baseline -0.003 -13"><span class='ocrx_word' id='word_1_359' title='bbox 233 2610 472 2660; x_wconf 86' lang='lat' dir='ltr'>delinquere,</span> <span class='ocrx_word' id='word_1_360' title='bbox 489 2607 547 2644; x_wconf 90' lang='lat' dir='ltr'>sin</span> <span class='ocrx_word' id='word_1_361' title='bbox 563 2612 691 2643; x_wconf 85' lang='lat' dir='ltr'>autem</span> <span class='ocrx_word' id='word_1_362' title='bbox 708 2612 909 2642; x_wconf 84' lang='lat' dir='ltr'>enervatus</span> <span class='ocrx_word' id='word_1_363' title='bbox 930 2611 1045 2655; x_wconf 85' lang='lat' dir='ltr'>atque</span> <span class='ocrx_word' id='word_1_364' title='bbox 1066 2604 1244 2642; x_wconf 91' lang='lat' dir='ltr'>subsidiis</span> <span class='ocrx_word' id='word_1_365' title='bbox 1264 2603 1468 2641; x_wconf 89' lang='lat' dir='ltr'>destitutus</span> <span class='ocrx_word' id='word_1_366' title='bbox 1487 2604 1547 2648; x_wconf 90' lang='lat' dir='ltr'>sit,</span> <span class='ocrx_word' id='word_1_367' title='bbox 1564 2605 1688 2643; x_wconf 87' lang='lat' dir='ltr'>facere</span> 
     </span>
     <span class='ocr_line' id='line_1_41' title="bbox 234 2664 1689 2720; baseline -0.002 -13"><span class='ocrx_word' id='word_1_368' title='bbox 234 2683 311 2708; x_wconf 89' lang='lat' dir='ltr'>non</span> <span class='ocrx_word' id='word_1_369' title='bbox 330 2681 445 2720; x_wconf 87' lang='lat' dir='ltr'>posse</span> <span class='ocrx_word' id='word_1_370' title='bbox 465 2667 671 2718; x_wconf 88' lang='lat' dir='ltr'>quominus</span> <span class='ocrx_word' id='word_1_371' title='bbox 691 2677 828 2703; x_wconf 89' lang='lat' dir='ltr'>causas</span> <span class='ocrx_word' id='word_1_372' title='bbox 850 2664 1001 2715; x_wconf 83' lang='lat' dir='ltr'>iniquas</span> <span class='ocrx_word' id='word_1_373' title='bbox 1024 2672 1064 2703; x_wconf 88' lang='lat' dir='ltr'>et</span> <span class='ocrx_word' id='word_1_374' title='bbox 1083 2673 1227 2716; x_wconf 87' lang='lat' dir='ltr'>turpes,</span> <span class='ocrx_word' id='word_1_375' title='bbox 1248 2664 1358 2703; x_wconf 90' lang='lat' dir='ltr'>titulo</span> <span class='ocrx_word' id='word_1_376' title='bbox 1385 2665 1689 2704; x_wconf 88' lang='lat' dir='ltr'>denunciationis</span> 
     </span>
     <span class='ocr_line' id='line_1_42' title="bbox 235 2726 1690 2777; baseline -0.003 -8"><span class='ocrx_word' id='word_1_377' title='bbox 235 2731 284 2769; x_wconf 87' lang='lat' dir='ltr'>ad</span> <span class='ocrx_word' id='word_1_378' title='bbox 304 2744 345 2768; x_wconf 90' lang='lat' dir='ltr'>se</span> <span class='ocrx_word' id='word_1_379' title='bbox 364 2728 527 2774; x_wconf 83' lang='lat' dir='ltr'>delatas,</span> <span class='ocrx_word' id='word_1_380' title='bbox 547 2727 719 2777; x_wconf 88' lang='lat' dir='ltr'>recipiat,</span> <span class='ocrx_word' id='word_1_381' title='bbox 738 2726 949 2776; x_wconf 89' lang='lat' dir='ltr'>civiumque</span> <span class='ocrx_word' id='word_1_382' title='bbox 974 2727 1234 2765; x_wconf 85' lang='lat' dir='ltr'>innocentium</span> <span class='ocrx_word' id='word_1_383' title='bbox 1255 2727 1356 2763; x_wconf 86' lang='lat' dir='ltr'>bona</span> <span class='ocrx_word' id='word_1_384' title='bbox 1375 2726 1572 2770; x_wconf 85' lang='lat' dir='ltr'>confiscet‚</span> <span class='ocrx_word' id='word_1_385' title='bbox 1594 2727 1690 2767; x_wconf 85' lang='lat' dir='ltr'>etin</span> 
     </span>
     <span class='ocr_line' id='line_1_43' title="bbox 235 2787 1692 2843; baseline -0.003 -14"><span class='ocrx_word' id='word_1_386' title='bbox 235 2797 425 2843; x_wconf 86' lang='lat' dir='ltr'>potestate</span> <span class='ocrx_word' id='word_1_387' title='bbox 455 2789 503 2827; x_wconf 87' lang='lat' dir='ltr'>sit</span> <span class='ocrx_word' id='word_1_388' title='bbox 531 2796 722 2826; x_wconf 86' lang='lat' dir='ltr'>oratorum</span> <span class='ocrx_word' id='word_1_389' title='bbox 752 2787 916 2839; x_wconf 88' lang='lat' dir='ltr'>pessima</span> <span class='ocrx_word' id='word_1_390' title='bbox 943 2801 1106 2838; x_wconf 83' lang='lat' dir='ltr'>quaeque</span> <span class='ocrx_word' id='word_1_391' title='bbox 1136 2787 1391 2825; x_wconf 86' lang='lat' dir='ltr'>suadentium.</span> <span class='ocrx_word' id='word_1_392' title='bbox 1450 2787 1692 2838; x_wconf 88' lang='lat' dir='ltr'>Quapropter</span> 
     </span>
     <span class='ocr_line' id='line_1_44' title="bbox 236 2848 1690 2903; baseline -0.003 -12"><span class='ocrx_word' id='word_1_393' title='bbox 236 2857 386 2903; x_wconf 88' lang='lat' dir='ltr'>oportet</span> <span class='ocrx_word' id='word_1_394' title='bbox 413 2862 494 2895; x_wconf 82' lang='lat' dir='ltr'>vos,</span> <span class='ocrx_word' id='word_1_395' title='bbox 518 2848 682 2898; x_wconf 88' lang='lat' dir='ltr'>judices,</span> <span class='ocrx_word' id='word_1_396' title='bbox 710 2861 785 2896; x_wconf 89' lang='lat' dir='ltr'>non</span> <span class='ocrx_word' id='word_1_397' title='bbox 815 2848 1052 2886; x_wconf 87' lang='lat' dir='ltr'>senatoribus</span> <span class='ocrx_word' id='word_1_398' title='bbox 1081 2860 1310 2885; x_wconf 86' lang='lat' dir='ltr'>succensere</span> <span class='ocrx_word' id='word_1_399' title='bbox 1338 2848 1544 2885; x_wconf 90' lang='lat' dir='ltr'>identidem</span> <span class='ocrx_word' id='word_1_400' title='bbox 1571 2861 1690 2899; x_wconf 86' lang='lat' dir='ltr'>remp.</span> 
     </span>
     <span class='ocr_line' id='line_1_45' title="bbox 238 2906 1692 2959; baseline -0.005 -7"><span class='ocrx_word' id='word_1_401' title='bbox 238 2906 604 2951; x_wconf 81' lang='lat' dir='ltr'>administrantibus.</span> <span class='ocrx_word' id='word_1_402' title='bbox 633 2909 698 2946; x_wconf 91' lang='lat' dir='ltr'>sed</span> <span class='ocrx_word' id='word_1_403' title='bbox 726 2909 784 2946; x_wconf 88' lang='lat' dir='ltr'>his</span> <span class='ocrx_word' id='word_1_404' title='bbox 816 2909 879 2959; x_wconf 82' lang='lat' dir='ltr'>qui</span> <span class='ocrx_word' id='word_1_405' title='bbox 910 2909 957 2946; x_wconf 87' lang='lat' dir='ltr'>ad</span> <span class='ocrx_word' id='word_1_406' title='bbox 988 2908 1177 2957; x_wconf 83' lang='lat' dir='ltr'>ejusmodi</span> <span class='ocrx_word' id='word_1_407' title='bbox 1209 2909 1344 2947; x_wconf 88' lang='lat' dir='ltr'>incitas</span> <span class='ocrx_word' id='word_1_408' title='bbox 1375 2917 1412 2946; x_wconf 87' lang='lat' dir='ltr'>et</span> <span class='ocrx_word' id='word_1_409' title='bbox 1439 2909 1614 2958; x_wconf 87' lang='lat' dir='ltr'>penurias</span> <span class='ocrx_word' id='word_1_410' title='bbox 1641 2909 1692 2946; x_wconf 86' lang='lat' dir='ltr'>rei</span> 
     </span>
    </p>
   </div>
  </div>
 </body>
</html>
