1822 3219
229 78 280 114 46
759 77 1126 116 ANTIPHONTIS

281 178 320 212 4.
352 176 550 214 Evehebar
570 176 964 228 Mitylena,1judices,
993 177 1129 216 eodem
1150 176 1186 213 in
1208 174 1374 225 navigio,
1395 186 1472 225 quo
1492 173 1672 212 Herodes

228 249 382 287 quoque
395 236 615 282 vehebatur,
629 237 730 275 idern
749 237 825 282 ille,
842 250 953 288 quem
973 238 1011 275 hi
1031 239 1138 276 aiunt
1157 249 1179 274 a
1198 249 1258 274 me
1274 233 1542 286 interemptum
1557 245 1670 276 esse:

226 297 480 336 tendebamus
514 298 560 335 ad
596 297 758 343 AEnum,
778 311 851 350 ego
870 298 1024 348 quidem
1055 298 1105 336 ad
1132 305 1293 348 patrem,
1311 303 1391 333 tum
1411 295 1461 332 ibi
1480 301 1674 346 agentem,

228 357 409 396 Herodes
430 364 557 396 autem
576 358 788 396 Thracibus
809 358 1037 409 quibusdam
1051 358 1241 409 mancipia
1260 355 1495 395 venditurus.
1551 354 1674 392 Thra-

228 431 293 457 ces
323 418 378 456 illi
410 418 482 468 ipsi
507 431 660 469 quoque
689 419 879 469 mancipia
910 419 983 456 ista
1009 419 1185 469 empturi,
1219 430 1296 455 una
1327 429 1419 457 cum
1445 415 1537 466 ipsis
1566 427 1674 453 man-

226 479 334 530 cipiis
352 479 565 526 venalibus,
583 479 721 518 eodem
741 479 893 531 navigio
912 479 1164 518 vehebantur.
1214 478 1429 517 Producam
1450 482 1570 516 testes
1589 475 1675 513 haec

229 539 537 578 confirmaturos.

844 647 1055 686 TESTES.

231 724 324 762 Erat
338 736 430 774 ergo
448 723 546 770 hoec,
567 736 682 774 quam
704 724 881 769 audistis,
903 730 1075 762 nostrum
1097 722 1235 773 cuique
1262 720 1517 771 navigationis
1535 732 1674 758 causa:

230 784 308 822 lter
327 798 394 835 per
414 797 518 822 mare
546 791 706 834 agentes
726 785 894 836 procella
913 797 983 821 nos
1017 783 1237 834 opprimens
1269 783 1437 833 cogebat
1469 782 1518 819 ad
1547 782 1675 820 locum

228 845 420 895 quendam
454 845 535 895 agri
565 845 821 895 Methymnaei
854 844 1062 895 appellere,
1095 844 1159 881 ubi
1192 844 1298 881 navis
1329 843 1395 880 illa
1424 843 1474 880 ad
1494 855 1674 880 ancoram

227 905 369 951 stabat,
390 905 427 941 in
446 918 560 954 quam
580 912 863 956 transgressum
884 905 1080 942 Herodem
1095 904 1203 942 aiunt
1221 904 1453 955 exspirasse.
1511 903 1585 942 Hic
1604 916 1673 942 vos

226 972 403 1016 reputare
421 965 534 1002 velim
565 974 682 1016 atque
711 965 943 1011 meminisse,
969 978 1048 1002 non
1077 965 1126 1002 de
1156 965 1317 1002 consilio
1345 965 1465 1010 istaec,
1486 965 1555 1003 sed
1581 977 1675 1002 casu

227 1025 383 1063 fortuito
413 1026 600 1063 evenisse.
657 1026 859 1075 Nusquam
879 1025 979 1063 enim
999 1038 1187 1075 coarguor
1213 1038 1271 1062 me
1299 1032 1496 1062 auctorem
1528 1025 1677 1063 Herodi

227 1087 375 1123 factum
388 1099 489 1135 esse,
504 1092 547 1122 ut
567 1097 724 1123 consors
751 1085 1007 1136 navigationis
1027 1084 1120 1122 mihi
1147 1085 1268 1130 fieret,
1290 1083 1359 1122 sed
1378 1090 1533 1122 constat
1551 1083 1676 1134 ipsum

229 1154 367 1198 sponte
386 1159 469 1192 sua,
488 1146 723 1197 privatorum
741 1159 894 1184 suorum
914 1145 1153 1195 negotiorum
1181 1145 1316 1195 gratia,
1346 1158 1430 1182 eam
1459 1145 1676 1195 ingressum

228 1219 338 1246 esse:
365 1213 474 1257 paret
491 1219 602 1257 porro
621 1219 748 1257 neque
768 1219 830 1244 me
850 1206 931 1243 sine
956 1205 1098 1243 idonea
1117 1218 1238 1242 causa
1268 1205 1338 1242 iter
1358 1205 1434 1243 hoc
1460 1205 1510 1243 ad
1535 1206 1677 1242 AEnum

228 1267 460 1318 suscepisse,
493 1279 617 1318 neque
649 1266 897 1304 fraudulenta
928 1265 1095 1315 quadam
1122 1265 1404 1303 machinatione
1433 1265 1489 1303 sic
1519 1278 1678 1317 compa-

228 1340 335 1366 rasse
355 1334 399 1365 ut
417 1327 466 1364 ad
485 1327 592 1365 illum
613 1327 740 1366 locum
763 1327 845 1377 agri
865 1326 1117 1377 Methymnaei
1138 1325 1420 1376 appelleremus
1441 1339 1593 1373 navem,
1606 1327 1677 1364 scd

228 1401 252 1426 a
270 1388 500 1425 necessitate
533 1388 773 1438 tempestatis
801 1387 975 1425 adversae
1007 1398 1078 1423 nos
1107 1385 1200 1423 illuc
1231 1386 1390 1424 adactos
1409 1399 1520 1424 esse:
1550 1400 1676 1437 neque

227 1454 409 1499 praeterea
430 1447 467 1484 in
493 1454 646 1498 portum
671 1447 827 1493 invecti,
858 1445 1248 1484 transscendebamus
1279 1446 1318 1483 in
1348 1447 1453 1484 aliud
1482 1447 1677 1498 navigium

223 1508 365 1547 callida
383 1507 551 1558 quadam
571 1520 656 1545 mea
671 1520 758 1546 cum
779 1507 863 1545 aliis
885 1506 1101 1545 subornatis
1123 1507 1410 1557 comparatione
1443 1520 1568 1558 neque
1596 1508 1675 1546 ullo

228 1571 319 1609 dolo
351 1570 468 1614 malo,
499 1570 568 1607 sed
601 1569 675 1607 hoc
706 1582 859 1620 quoque
892 1566 1112 1606 necessario
1147 1568 1276 1605 fiebat.
1335 1567 1542 1619 Navigium
1574 1568 1677 1619 enim

227 1631 338 1677 illud,
368 1643 445 1681 quo
476 1630 551 1668 huc
585 1630 752 1680 pervecti
785 1629 994 1673 fueramus,
1026 1635 1132 1666 tecto
1161 1629 1339 1672 carebat;
1369 1628 1475 1666 istud
1513 1619 1679 1667 alterum*

227 1697 369 1737 autem,
399 1691 437 1728 in
468 1690 570 1740 quod
602 1690 1008 1734 transscendebamus‚
1030 1695 1173 1727 tectum
1203 1695 1286 1726 erat
1314 1689 1500 1740 desuper:
1530 1696 1677 1728 tectum

227 1758 355 1789 autem
374 1757 418 1788 ut
437 1757 568 1801 aperto
588 1750 868 1801 praeferremus,
900 1751 1019 1789 imber
1051 1750 1280 1801 imperabat.
1340 1750 1468 1790 Etiam
1486 1751 1602 1802 hujus
1622 1752 1677 1790 rei

228 1819 348 1850 testes
362 1811 412 1849 ad
427 1824 494 1850 vos
514 1811 737 1862 producam.

842 1896 1056 1934 TESTES.

229 1983 497 2021 Transscensu
517 1984 570 2021 sic
589 1983 627 2020 in
648 1982 809 2020 alterum
827 1984 1023 2034 navigium
1043 1984 1160 2029 facto,
1180 1984 1423 2034 potabamus.
1481 1983 1546 2023 Sic
1565 1992 1679 2037 potus

229 2043 409 2082 Herodes
430 2043 530 2089 navi,
543 2056 629 2093 quae
650 2055 711 2079 res
732 2049 837 2080 certa
858 2050 929 2089 est,
945 2044 1048 2088 exiit,
1066 2044 1135 2081 sed
1156 2057 1234 2081 non
1255 2044 1388 2082 rediit:
1421 2057 1493 2095 ego
1511 2059 1600 2084 vero
1615 2047 1681 2085 illa

228 2111 343 2142 nocte
364 2117 519 2154 prorsus
540 2117 617 2140 non
637 2103 711 2140 exii
731 2115 750 2139 e
771 2103 870 2140 navi.
918 2103 1054 2141 Altero
1075 2103 1151 2149 die,
1172 2104 1302 2150 homo,
1322 2117 1510 2155 nusquam
1529 2108 1679 2158 copiam

229 2165 287 2202 sui
309 2164 509 2214 spectandi
526 2163 682 2208 faciens,
702 2163 821 2213 quaeri
841 2163 983 2214 coepit,
1000 2176 1077 2200 non
1099 2176 1122 2200 a
1139 2162 1295 2213 reliquis
1315 2166 1533 2204 vectoribus
1556 2169 1678 2220 magis

230 2237 344 2275 quam
367 2237 389 2261 a
410 2237 493 2261 me:
524 2223 584 2260 alii
605 2224 636 2261 si
661 2223 826 2273 cuipiam
847 2236 975 2260 eorum
1005 2236 1120 2274 grave
1141 2223 1264 2260 visum
1290 2224 1363 2262 fuit
1388 2225 1583 2265 Herodem
1610 2229 1677 2266 de-

229 2284 400 2330 siderari,
417 2296 530 2334 grave
550 2284 589 2320 id
610 2296 688 2321 non
707 2283 831 2321 minus
851 2284 942 2321 mihi
958 2297 1111 2334 quoque
1137 2283 1261 2321 visum
1282 2284 1365 2322 fuit.
1424 2287 1476 2324 Et
1501 2288 1677 2327 mittendi

227 2345 301 2383 hac
330 2345 378 2382 de
409 2358 448 2382 re
479 2344 528 2382 ad
560 2343 790 2395 Mitylenam
825 2343 953 2383 nuncii
986 2358 1060 2395 ego
1092 2352 1225 2383 auctor
1254 2358 1371 2391 eram,
1392 2353 1431 2384 et
1450 2347 1498 2386 de
1517 2351 1677 2390 consilio

228 2418 315 2444 meo
334 2405 571 2443 mittebatur.
628 2404 679 2442 Et
697 2418 784 2442 cum
806 2405 902 2443 alius
923 2418 1034 2443 nemo
1056 2406 1148 2444 illuc
1168 2406 1363 2445 ambulare
1381 2408 1510 2456 vellet,
1531 2423 1619 2448 nam
1639 2419 1678 2450 et

219 2465 282 2502 'illi
295 2471 468 2503 vectores
484 2464 533 2502 ad
553 2477 651 2514 quos
667 2477 954 2504 accesseramus
976 2466 1013 2503 in
1033 2479 1170 2504 novam
1184 2468 1310 2504 navim
1321 2471 1677 2520 transscendentes,

229 2533 268 2563 et
286 2525 429 2563 vetusti
449 2524 568 2562 nostri
589 2525 741 2562 sodales
770 2525 835 2575 qui
856 2526 1051 2564 Herodem
1073 2540 1095 2564 a
1114 2527 1303 2577 Mitylena
1321 2527 1412 2566 inde
1442 2529 1533 2568 illuc
1563 2534 1679 2571 comi-

230 2585 299 2622 tati
319 2585 482 2630 fuerant,
495 2584 569 2622 hoc
589 2584 756 2622 officium
776 2585 1070 2630 detrectabant;
1099 2599 1172 2637 ego
1193 2599 1318 2624 meum
1338 2587 1524 2627 famulum
1537 2594 1677 2632 nuncio

230 2645 458 2695 perferendo
494 2644 723 2683 offerebam:
753 2646 869 2695 atqui,
904 2646 1097 2684 Herodem
1130 2647 1160 2684 si
1200 2660 1272 2698 ego
1307 2650 1567 2698 peremissem,
1597 2667 1676 2692 non

231 2706 404 2756 profecto
423 2706 513 2744 data
533 2719 648 2757 opera
666 2705 753 2743 illuc
774 2705 939 2743 indicem
967 2707 1154 2745 misissem
1183 2721 1284 2753 eum,
1316 2709 1380 2759 qui
1406 2724 1465 2749 me
1486 2714 1679 2764 proderet,

233 2772 359 2804 certus
375 2773 413 2803 et
431 2766 660 2816 praevidens,
679 2767 758 2805 fore
780 2773 820 2804 ut
837 2766 900 2804 ille
921 2766 1069 2805 facinus
1091 2781 1218 2807 meum
1238 2769 1369 2809 amicis
1392 2771 1561 2813 Herodis
1579 2775 1678 2814 indi-
