1822 3219
241 167 319 204 310
877 172 1047 209 LYSlAE

865 321 1078 360 TESTES.

292 421 331 458 3.
360 417 520 459 Tenetis
544 420 627 472 jam
648 433 799 468 causas,
817 421 986 473 judices,
1012 421 1152 472 quibus
1183 435 1257 474 ego
1285 429 1414 461 motus
1442 435 1529 460 eum
1551 423 1589 461 in
1607 423 1694 463 foro

241 478 485 519 Polemarchi
513 481 550 519 in
570 483 636 533 jus
657 483 807 521 vocavi:
843 482 909 520 illo
936 488 1078 529 autem,
1107 483 1342 534 opponenda
1370 483 1594 534 exceptione
1622 484 1692 522 fori

239 538 344 577 haud
364 543 637 592 competentis,
655 542 732 581 hoc
751 542 942 593 judicium
961 542 1155 589 eludente,
1179 543 1279 593 coepi
1299 542 1421 580 multo
1441 543 1554 581 etiam
1576 555 1692 594 quam

240 608 330 639 ante
363 604 486 641 acrius
516 604 555 641 in
587 604 664 643 veri
695 605 841 643 fontem
874 604 1079 655 inquirere,
1113 604 1329 643 cavendum
1365 604 1454 642 mihi
1490 612 1609 652 τεῖος,
1645 618 1693 643 ne

237 662 417 713 cuiquam
457 665 679 715 arrogantia
714 671 754 702 et
788 665 980 716 protervia
1020 664 1146 703 elatus
1183 665 1465 703 contumeliosa
1501 664 1695 703 calumnia

239 722 432 761 hominem
455 724 648 763 insontem
666 737 805 763 vexare
832 726 955 776 magis
984 738 1097 776 quam
1128 727 1176 764 ab
1200 725 1354 763 inimico
1385 737 1516 775 poenas
1541 724 1692 773 injuria-

241 795 326 820 rum
357 784 449 821 mihi
479 785 630 823 debitas
662 792 830 836 repetere
857 786 1022 839 viderer3
1067 786 1237 823 omnium
1266 786 1394 836 itaque
1423 786 1586 836 primum
1616 785 1693 822 Eu·

237 843 458 895 thycritum,
474 858 589 896 quern
604 845 875 884 Plataeensium
891 858 1024 884 noram
1038 846 1354 891 vetustissimum,
1369 846 1590 896 suspicatus
1606 858 1693 883 eum

239 916 319 941 rem
340 904 481 955 optime
502 912 648 952 tenere,
675 906 977 957 interrogabam,
1003 919 1094 943 num
1115 919 1229 957 quem
1250 913 1380 944 nosset
1401 906 1698 956 Hipparmodori

240 964 360 1002 filium
380 965 642 1004 Pancleonem
658 966 941 1005 Plataeensem?
970 967 1069 1005 bene
1088 967 1260 1018 quidem,
1281 967 1408 1005 aiebat
1429 967 1697 1017 Euthycritus‚

243 1027 612 1078 Hipparmodorum,
629 1028 747 1066 filium
771 1034 900 1066 autem
915 1028 998 1079 ejus
1018 1041 1144 1079 neque
1161 1029 1423 1067 Pancleonem
1439 1041 1552 1066 nosse
1571 1039 1698 1078 neque

241 1087 316 1125 alio
334 1100 567 1139 quocunque
585 1089 739 1127 nomine
758 1088 1007 1140 appellatum.
1055 1091 1230 1140 Accepto
1249 1089 1323 1127 hoc
1344 1101 1545 1140 responso,
1563 1100 1698 1139 perge-

239 1148 329 1185 bam
350 1147 445 1186 alios
460 1162 616 1200 quoque
630 1162 727 1200 quos
743 1162 827 1187 esse
845 1148 1084 1187 Plataeenses
1104 1162 1237 1187 noram
1259 1149 1510 1200 interrogare.
1550 1148 1697 1186 Verum

240 1220 390 1255 omnes,
417 1217 606 1260 negantes
637 1222 678 1248 se
707 1222 848 1248 nomen
874 1209 951 1248 hoc
983 1222 1113 1256 nosse,
1141 1209 1373 1260 ablegabant
1401 1223 1476 1256 me,
1505 1209 1538 1246 si
1563 1208 1697 1246 vellem

240 1282 355 1319 quam
377 1270 661 1320 expeditissime
687 1277 800 1320 atque
829 1270 1131 1320 exploratissime
1160 1271 1300 1307 certior
1325 1270 1442 1322 hujus
1462 1270 1516 1307 rei
1535 1269 1630 1313 fieri,
1649 1262 1699 1306 ad

238 1329 363 1366 forum
388 1330 484 1367 illud
513 1330 578 1368 ubi
604 1342 740 1367 recens
763 1342 900 1368 caseus
921 1331 1056 1368 vaenit:
1087 1330 1179 1367 illuc
1209 1331 1310 1367 enim
1339 1330 1478 1368 mensis
1509 1329 1700 1380 cujusque

239 1389 424 1427 Calendis
442 1390 680 1427 Plataeenses
701 1402 833 1427 omnes
854 1391 1070 1428 convenire.
1118 1391 1278 1427 Servata
1297 1389 1370 1434 die,
1390 1389 1628 1427 Plataeenses
1649 1389 1701 1426 ibi

238 1461 467 1499 congressos
482 1448 728 1499 interrogavi,
745 1462 835 1486 num
851 1463 965 1499 quem
982 1456 1142 1487 nossent
1156 1449 1276 1487 civem
1293 1463 1405 1487 suum
1422 1449 1700 1487 Pancleonem.

240 1509 416 1560 Reliquis
454 1518 534 1547 tum
572 1509 747 1546 omnibus
778 1509 1041 1555 infitiantibus,
1073 1510 1232 1547 tandem
1269 1517 1397 1547 tamen
1434 1522 1535 1547 unus
1568 1523 1701 1548 eorum

240 1570 377 1620 aliquis
397 1569 488 1607 mihi
507 1569 774 1616 confirmabat,
793 1570 916 1607 civem
935 1571 1091 1620 quidem
1112 1583 1152 1607 se
1173 1570 1321 1607 nullum
1339 1583 1450 1608 nosse
1471 1570 1526 1608 sic
1541 1570 1702 1617 dictum,

239 1637 280 1668 at
306 1643 391 1668 esse
419 1631 490 1668 sibi
518 1643 671 1668 servum
690 1629 894 1681 fugitivum
913 1630 989 1667 hoc
1011 1632 1185 1669 nomine:
1217 1631 1387 1669 addebat
1406 1630 1519 1668 dictis
1547 1637 1701 1669 aetatem

239 1697 279 1728 et
306 1697 492 1729 staturam
524 1691 689 1728 hominis
723 1698 919 1740 artemque
951 1703 1065 1740 quarn
1100 1691 1305 1729 factitaret.
1365 1690 1463 1729 Haec
1493 1703 1584 1742 vera
1613 1704 1702 1730 esse

240 1763 316 1800 quo
337 1751 432 1788 certi
452 1750 547 1797 sitis,
569 1750 918 1801 Euthycritumque
945 1763 1058 1800 quem
1086 1751 1249 1801 primum
1271 1757 1517 1801 percontatus
1539 1764 1639 1798 sum,
1659 1751 1698 1790 e't

241 1810 474 1861 reliquorum
494 1811 771 1849 Plataeensium
790 1810 839 1848 ad
857 1823 1112 1861 quoscunque
1130 1811 1219 1858 adii,
1240 1818 1279 1849 et
1297 1812 1404 1849 illum
1433 1811 1558 1863 ipsum
1585 1811 1702 1862 Nico-

239 1873 393 1910 medem
413 1872 478 1923 qui
504 1886 545 1912 se
566 1872 762 1910 dominum
784 1871 1014 1909 Pancleonis
1036 1872 1135 1918 tulit,
1165 1878 1285 1911 testes
1306 1872 1508 1911 exhibebo.
1567 1872 1702 1911 lnhibe

242 1939 283 1971 tu
304 1945 456 1984 aquam.

864 2062 1080 2102 TESTES.

295 2160 335 2194 4.
366 2157 514 2195 Diebus
534 2156 640 2194 haud
660 2157 789 2194 multis
809 2164 899 2208 post
915 2157 1051 2195 videns
1067 2168 1139 2206 ego
1156 2155 1416 2194 Pancleonem
1437 2154 1542 2193 hunc
1561 2157 1611 2194 ab
1629 2155 1703 2194 hoc

244 2218 328 2268 ipso
346 2217 651 2268 Nicomede,qui
671 2218 786 2256 modo
806 2224 970 2255 testatus
991 2224 1050 2254 est
1070 2229 1112 2255 se
1132 2216 1330 2254 dominum
1349 2216 1432 2267 ejus
1454 2229 1551 2262 esse,
1567 2217 1605 2253 in
1624 2229 1703 2254 ser-

244 2279 402 2316 vitutem
425 2278 559 2329 redigi,
579 2279 712 2317 volens
738 2290 975 2329 cognoscere
995 2277 1087 2328 quid
1107 2277 1160 2314 rei
1182 2283 1296 2321 esset,
1316 2275 1476 2314 accessi.
1531 2277 1704 2327 Longam

246 2345 286 2377 et
311 2352 437 2377 acrem
459 2344 550 2389 post
577 2339 710 2385 rixam,
731 2345 840 2376 erant
859 2339 924 2388 qui
946 2338 1178 2375 affirmarent
1198 2336 1409 2375 Pancleoni
1429 2336 1584 2374 fratrem
1606 2349 1704 2383 esse,

244 2400 309 2449 qui
329 2411 414 2436 eum
436 2398 473 2435 in
494 2398 709 2436 libertatem
730 2404 835 2436 esset
852 2396 1138 2435 vindicaturus:
1177 2410 1290 2447 super
1310 2397 1384 2434 hoc
1406 2397 1580 2447 praestito
1601 2397 1705 2434 vadi-

243 2463 373 2500 monio
393 2461 583 2499 hominem
603 2460 913 2510 quandocunque
936 2459 1151 2509 postuletur
1177 2458 1388 2496 exhibitum
1409 2457 1466 2502 iri,
1487 2457 1703 2494 discessum

246 2523 364 2562 estin
385 2523 521 2560 forum.
577 2521 740 2559 Postero
761 2521 821 2558 die
848 2532 922 2571 ego
944 2532 1098 2570 quoque
1127 2519 1162 2556 in
1192 2519 1276 2556 soro
1305 2518 1461 2556 aderam
1487 2529 1575 2555 cum
1597 2518 1704 2555 testi-

245 2585 332 2629 bus,
351 2596 437 2621 cum
464 2581 750 2633 protestationis
780 2593 872 2631 ergo
899 2593 976 2630 qua
1004 2580 1201 2618 Pancleon
1230 2579 1422 2617 actionem
1450 2579 1487 2616 in
1515 2591 1558 2616 se
1579 2591 1704 2616 meam

246 2644 445 2682 amolitum
473 2643 578 2686 ierat,
609 2650 690 2679 tum
723 2641 884 2679 actionis
920 2654 995 2691 qua
1029 2639 1260 2678 Nicomedes
1295 2652 1380 2677 eum
1413 2639 1448 2675 in
1478 2639 1702 2677 servitutem

247 2705 441 2742 redactum
474 2703 565 2748 ibat,
595 2715 672 2752 quo
703 2714 976 2752 cognoscerem
1001 2701 1066 2751 qui
1101 2713 1228 2738 causae
1259 2700 1374 2750 hujus
1410 2706 1514 2736 esset
1546 2699 1699 2737 futurus

242 2771 416 2809 eventus,
435 2771 473 2803 et
492 2764 667 2814 quisnam
689 2775 774 2800 eum
796 2768 899 2800 esset
919 2762 955 2798 in
984 2761 1195 2799 libertatem
1218 2760 1478 2797 vindicaturus
1499 2766 1538 2797 et
1557 2760 1700 2810 quibus

243 2826 490 2876 argumentis.
561 2820 705 2862 Verum
741 2836 862 2873 neque
896 2829 1109 2872 praeteusus
1141 2822 1203 2859 ille
1237 2822 1353 2858 frater
1387 2821 1535 2865 aderat,
1571 2833 1698 2871 neque

241 2886 513 2937 fidejussorum
534 2886 736 2936 quisquam
757 2884 820 2934 qui
843 2896 908 2934 pro
928 2895 974 2921 eo
994 2888 1174 2920 caverant
1195 2890 1233 2919 et
1252 2894 1413 2931 quorum
1434 2883 1482 2918 ob
1506 2888 1697 2932 speratam
