1822 3219
484 125 770 164 ADVERSUS
802 122 1154 161 FAMILIARES.
1467 123 1540 160 201

92 229 284 281 cupamini
317 229 560 268 occasionem
589 242 648 266 me
679 226 818 278 injuria
854 224 1057 263 afficiendi.
1115 223 1332 273 Oportebat
1361 236 1453 274 ergo
1483 236 1544 262 me

93 297 185 329 tunc
207 291 335 329 statim
357 290 538 335 sensisse,
570 297 708 327 sortem
729 288 830 325 hanc
850 284 1104 324 inevitabilem
1125 297 1185 321 me
1205 298 1358 334 quoque
1379 298 1546 331 manere,

93 359 136 389 ut
155 352 235 390 istis
257 352 380 390 modis
397 351 542 390 a'vobis
566 357 763 395 tractaret,
780 362 867 386 cum
889 348 982 385 ali0s
999 346 1111 384 vestri
1129 346 1298 383 sodalitii
1314 347 1439 384 verbis
1455 360 1548 386 con-

96 414 305 452 tumeliosis
337 413 601 451 traduceretis.
658 411 783 448 Etiam
813 410 861 447 de
887 408 1059 459 Polycle‚
1086 406 1147 444 cui
1167 419 1271 443 nunc
1291 414 1434 456 praesto
1454 408 1547 445 estis

94 486 239 518 omnes,
272 486 336 510 vos
364 473 493 511 docui.
551 471 700 521 Ecquid
731 470 845 521 igitur
874 470 981 506 istaec
1011 481 1084 518 ego
1111 480 1190 504 non
1210 467 1324 504 cavi?
1381 467 1548 505 Humani

93 547 228 585 nempe
247 533 340 584 quid
361 534 544 584 patiebar.
602 533 691 576 Qua
710 544 814 569 eram
832 529 947 568 animi
967 528 1210 580 simplicitate
1229 535 1344 578 atque
1366 527 1548 565 tarditate

95 594 252 646 ingenii,
287 595 488 644 sperabam
521 593 694 631 delectus
725 591 833 629 vobis
862 590 1010 628 amicus
1040 602 1139 634 esse,
1162 602 1276 639 quem
1295 589 1333 625 in
1355 589 1477 626 oculis
1498 590 1546 626 si-

96 669 223 707 nuque
243 655 391 692 ferretis
422 655 689 692 absconditum
720 659 758 690 et
776 659 900 690 tutum
922 663 944 688 a
963 650 1048 688 telis
1080 650 1360 687 maledicentiae
1394 657 1548 698 vestrae,

94 725 297 769 propterea
328 716 434 767 quod
463 730 566 767 saepe
596 729 661 754 vos
696 715 891 753 audissem
920 711 968 751 de
1001 712 1084 750 aliis
1111 712 1209 750 male
1240 725 1370 750 coram
1401 725 1460 750 me
1491 711 1549 748 lo-

93 784 277 828 quentes:
304 791 391 828 quae
411 790 484 828 ego
509 784 637 815 vestra
664 775 868 814 maledicta
891 774 937 812 de
960 780 1127 811 vestrum
1158 786 1390 824 unoquoque
1417 779 1549 811 mutuo

87 838 236 888 jactata
255 852 324 890 pro
343 839 456 877 arrha
474 845 612 877 vestrae
631 851 723 889 erga
743 850 804 875 me
823 836 913 874 fidei
931 835 1135 873 habebam.

148 901 185 938 6.
215 899 329 938 Ultro
357 899 473 950 igitur
502 913 576 950 ego
608 906 775 938 vestram
801 897 907 935 vobis
937 896 1089 934 remitto
1121 896 1327 934 amicitiam
1352 896 1464 946 eique
1490 909 1549 934 re-

94 961 245 1007 nuntio,
263 974 339 999 non
360 961 593 1011 intelligens,
609 960 662 999 ita
681 974 740 998 me
762 959 813 996 dii
835 965 978 1002 ament,
1000 956 1195 1007 quodnam
1214 958 1359 995 bonum
1380 957 1549 995 decusve

95 1022 186 1058 mihi
206 1035 273 1072 per
292 1021 562 1059 abstinentiam
580 1034 602 1058 a
619 1021 757 1059 vestris
774 1018 1045 1068 congressibus
1067 1017 1314 1054 decessurum
1335 1017 1401 1056 sit:
1425 1031 1550 1070 neque

95 1082 194 1120 enim
215 1082 336 1120 ullum
357 1082 406 1120 ad
425 1095 486 1120 me
505 1082 648 1119 bonum
670 1094 693 1118 a
711 1093 797 1118 mea
811 1080 1008 1117 vobiscum
1029 1078 1313 1115 consuetudine
1335 1078 1551 1129 profectum

95 1150 166 1180 est.
225 1143 370 1194 Egone,
392 1143 424 1181 si
443 1155 519 1193 quo
537 1143 604 1180 fiat
624 1148 667 1179 ut
685 1141 858 1192 implicer
877 1152 1004 1177 causae
1032 1139 1195 1176 forensis
1215 1139 1447 1184 discrimine,
1467 1146 1550 1177 turn

95 1216 215 1240 unum
235 1210 404 1242 vestrum
423 1204 589 1247 habebo,
609 1202 671 1252 qui
685 1213 755 1253 pro
775 1215 835 1239 me
855 1201 971 1239 verba
989 1200 1105 1237 faciat
1122 1199 1320 1250 injudicio
1337 1199 1550 1238 advocatus

96 1273 164 1302 aut
175 1265 393 1302 testimonio
408 1278 470 1302 me
487 1277 556 1302 suo
570 1262 777 1301 sublevet?
816 1261 905 1298 Non
921 1275 943 1299 a
957 1261 1167 1312 patrocinio
1180 1273 1306 1298 causae
1319 1274 1416 1298 meae
1433 1263 1553 1300 susci-

93 1324 233 1375 piendo
252 1331 401 1363 tantum
418 1324 572 1370 abestis,
592 1331 635 1362 ut
653 1323 779 1375 potius
799 1336 868 1373 pro
890 1335 950 1359 me
970 1322 1098 1360 dicere
1119 1329 1271 1373 paratos
1291 1323 1553 1373 prohibeatis?

93 1386 180 1425 loco
212 1386 340 1425 auxilii
374 1394 487 1437 atque
515 1386 721 1424 testimonii
745 1385 858 1422 vestri
887 1384 979 1421 mihi
1004 1385 1116 1422 rebus
1147 1384 1185 1421 in
1205 1385 1327 1434 aequis
1348 1392 1462 1436 atque
1483 1386 1553 1424 ho-

95 1448 216 1486 nestis
236 1447 455 1498 praestandi,
487 1447 627 1485 adestis
650 1446 874 1485 adversariis
895 1445 988 1483 meis
1017 1445 1194 1483 advocati
1214 1458 1359 1497 eosque
1379 1447 1555 1485 testimo-

94 1511 158 1549 nio
178 1510 377 1562 adjuvatis.
435 1510 567 1547 Vosne
587 1508 635 1546 de
653 1521 713 1546 me
732 1507 955 1550 honorifice,
975 1507 1014 1544 id
1033 1506 1137 1557 quod
1155 1506 1361 1544 benevolos
1380 1506 1555 1546 homines

95 1571 247 1621 meique
281 1569 473 1609 studiosos
505 1570 632 1615 decet,
663 1568 910 1620 praedicetis?
967 1568 1034 1606 Me
1067 1567 1313 1606 solummodo
1339 1568 1555 1608 maledictis

96 1644 201 1670 nunc
221 1631 435 1682 exagitatis,
454 1632 559 1669 brevi
587 1638 672 1682 post
693 1637 820 1668 autem
839 1630 913 1680 ipsi
931 1636 1081 1667 vosmet
1098 1628 1312 1666 maledictis
1332 1630 1475 1667 mutuis
1496 1630 1554 1667 di-

95 1694 314 1737 laniabitis;
342 1707 466 1744 neque
499 1694 600 1731 enim
634 1705 706 1744 ego
737 1691 998 1729 intercedam:
1029 1691 1211 1742 quoniam
1245 1690 1376 1729 soletis
1403 1704 1556 1743 semper

98 1767 217 1792 unum
238 1754 400 1805 aliquem
429 1754 682 1798 familiarium,
715 1765 987 1804 quemcunque
1020 1752 1194 1796 tandem,
1226 1752 1441 1791 maledictis
1467 1767 1556 1805 pro-

100 1815 275 1854 scindere
293 1815 512 1867 injuriisque
530 1828 683 1863 vexare,
715 1816 893 1866 (accipite
915 1821 1038 1853 sortes
1059 1821 1205 1852 vestras
1224 1828 1246 1852 a
1265 1828 1324 1853 me
1343 1823 1430 1854 vate
1451 1830 1555 1855 nunc

99 1877 291 1925 edendas)
311 1877 377 1915 ubi
397 1891 469 1929 ego
487 1877 601 1915 index
621 1877 745 1915 factus
770 1876 983 1914 animorum
1004 1882 1217 1914 vestrorum
1236 1876 1366 1914 ulcera
1395 1877 1556 1915 clande-

91 1939 193 1978 stina
211 1938 458 1977 denudavero
473 1953 482 1982 ;
504 1951 618 1977 nemo
637 1937 739 1976 enim
754 1944 924 1976 vestrum
937 1944 1010 1984 est,
1026 1937 1090 1988 qui
1107 1950 1185 1975 non
1200 1937 1310 1975 alteri
1327 1937 1550 1989 cuicunque

99 2000 213 2040 vestri
235 2000 403 2039 sodalitii
427 2000 526 2037 male
550 1999 643 2037 velit
671 1999 783 2050 eique
810 1999 1037 2042 detraxerit;
1066 1999 1133 2035 fiet
1158 1998 1246 2047 hoc,
1276 2005 1319 2036 ut
1347 1999 1385 2036 in
1405 2006 1558 2037 vosmet

97 2063 170 2115 ipsi
198 2061 350 2100 tandem
369 2060 669 2099 convertamini:
702 2061 755 2098 sic
785 2060 1032 2110 dissipabitur
1050 2067 1219 2097 vestrum
1239 2059 1459 2109 collegium,
1480 2060 1556 2098 sin-

95 2125 198 2177 gulis
215 2125 433 2175 quibusque
457 2123 496 2160 in
517 2123 656 2161 alteros
677 2122 817 2160 infesta
835 2121 938 2159 rabie
960 2121 1232 2159 saevientibus:
1254 2121 1319 2171 qui
1334 2127 1554 2171 postremus

98 2186 294 2237 supererit,
314 2186 354 2222 in
382 2192 505 2223 semet
531 2183 703 2234 linguam
724 2183 869 2221 laxabit
893 2182 1138 2228 maledicam,
1159 2182 1242 2232 ipse
1266 2195 1336 2219 sua
1363 2182 1558 2233 discerpet

96 2247 259 2286 viscera.
320 2246 401 2296 Ego
427 2258 533 2291 vero,
564 2245 630 2295 qui
656 2244 800 2296 primus
828 2244 996 2281 omnium
1028 2257 1049 2281 a
1081 2242 1189 2280 vobis
1212 2243 1454 2288 secesserim,
1480 2243 1556 2282 hoc

97 2320 274 2346 secessus
292 2306 396 2344 initio
415 2306 594 2344 faciendo
614 2305 973 2357 compendifaciam,
994 2313 1036 2342 ut
1056 2304 1247 2341 molestias
1274 2317 1296 2342 a
1326 2304 1433 2342 vobis
1454 2304 1555 2342 acci-

97 2370 201 2421 piam
222 2374 262 2406 et
288 2367 462 2405 minimas
484 2374 523 2404 et
540 2379 700 2404 numero
717 2367 969 2417 paucissimas
987 2379 995 2404 :
1031 2372 1223 2416 quotquot
1243 2365 1344 2402 enim
1363 2366 1470 2403 vobis
1497 2366 1553 2402 fa-

98 2428 292 2467 miliariter
319 2435 493 2475 utuntur,
525 2440 592 2465 eos
624 2440 758 2464 omnes
786 2433 826 2465 et
856 2425 981 2464 verbis
1011 2433 1051 2463 et
1080 2425 1193 2463 factis
1222 2425 1324 2463 male
1350 2425 1553 2475 mulcati5;

101 2490 236 2540 quibus
258 2496 382 2527 autern
403 2490 532 2528 nullus
553 2496 612 2527 est
630 2487 745 2526 vestri
765 2500 872 2534 usus,
898 2500 1026 2527 eorum
1046 2486 1142 2525 nulli
1160 2498 1330 2537 unquam
1348 2486 1554 2536 quiequam

102 2550 462 2591 incommodavistis.

792 2928 815 2962 ῒῦ

846 2937 873 2961 J)
