1822 3219
669 129 741 166 DE
770 127 1072 166 MYSTERIIS.
1516 127 1590 164 115

160 231 327 271 studium
359 233 616 270 demonstrare
645 232 833 270 civitatem
863 238 1026 268 vestram
1065 230 1212 268 civibus
1248 231 1471 277 instruendi,
1501 231 1589 269 viris

158 294 408 338 exhaustam
437 294 536 332 cives
567 301 691 332 autem
717 300 863 332 vestros
893 292 956 342 qui
981 292 1060 342 jam
1093 299 1183 329 sunt
1209 293 1379 342 perdere,
1400 293 1465 343 qui
1485 293 1587 332 cives

160 355 240 393 sine
260 356 514 393 controversia
531 363 632 401 sunt,
651 363 687 392 et
707 355 844 405 quibus
864 353 1040 391 convenit
1058 353 1145 391 viris
1165 353 1407 403 bonisatque
1427 354 1587 393 fortibus

158 429 258 462 esse,
277 416 456 467 quoniam
487 417 652 467 ipsorum
686 416 844 452 interest
867 427 933 452 eos
960 428 1058 460 esse,
1078 421 1117 452 et
1135 415 1200 464 qui
1235 427 1322 452 esse
1352 428 1438 452 cum
1458 416 1588 462 velint,

161 485 240 515 tum
259 479 370 515 etiam
390 484 579 529 poterunt,
593 476 700 514 vobis
716 476 869 526 quidem
885 475 1110 513 sinentibus.
1157 476 1403 525 Neutiquam,
1419 476 1591 522 obsecro,

160 541 380 591 neutiquam
405 540 476 578 hac
500 546 606 576 tanta
631 546 778 576 vosmet
808 539 969 589 polluite
1003 539 1217 588 iniquitate,
1238 546 1281 576 ut
1312 538 1382 576 hos
1407 539 1589 590 perdatis.

162 601 285 639 Etiam
305 601 375 638 hoc
393 612 460 637 vos
479 611 586 649 rogo,
607 606 648 636 ut
677 599 863 636 beneficia
894 611 917 635 a
948 611 1008 635 me
1030 598 1110 649 jam
1145 599 1192 636 ad
1225 612 1290 637 vos
1322 599 1505 649 profecta,
1525 608 1592 637 aut

159 662 281 700 adhuc
300 659 498 710 speranda,
512 659 655 697 honore
674 659 764 696 mihi
783 659 961 697 habendo
980 658 1151 698 reluatis.
1196 660 1290 697 Mihi
1310 660 1409 698 enim
1430 661 1461 697 si
1480 662 1589 698 obse-

159 720 386 766 cundabitis,
400 733 475 757 non
489 719 754 758 fraudabimini
770 721 880 758 bonis
901 733 988 770 quae
1008 733 1030 757 a
1050 733 1110 758 me
1130 721 1178 758 ad
1197 734 1267 759 vos
1285 722 1469 772 proficisci
1485 730 1590 772 pote-

159 788 269 823 runt:
301 780 358 818 sin
390 789 530 827 autem,
551 781 712 818 inimicis
745 781 836 819 meis
866 794 1006 818 morem
1039 789 1230 831 gerentes,
1256 795 1315 819 me
1348 783 1589 827 sustuleritis,

157 842 374 893 poenitendo
403 842 455 879 nil
487 843 694 893 quicquam
723 841 972 893 profeceritis,
991 855 1039 879 ne
1066 842 1095 879 si
1119 842 1273 892 quidem
1305 850 1473 894 tempore
1504 852 1592 895 post

157 903 224 941 fiat
243 910 286 941 ut
305 903 515 941 severitatis
537 911 674 941 vestrae
692 916 761 941 vos
780 903 974 954 poeniteat.
1034 904 1171 954 Neque
1200 904 1315 955 igitur
1346 912 1492 943 vosmet
1520 905 1590 956 ipsi

158 976 227 1015 spe
244 965 429 1002 bonorum
451 978 473 1002 a
492 978 551 1002 me
571 964 890 1016 impetrandorum
910 964 1070 1016 private,
1093 979 1216 1016 neque
1235 980 1296 1004 me
1316 980 1383 1018 spe
1402 968 1590 1006 bonorum

158 1037 182 1062 a
200 1024 308 1062 vobis
325 1033 651 1075 proventurorum.
708 1025 882 1062 Tandem
902 1025 972 1062 hos
992 1038 1065 1075 ego
1086 1027 1199 1071 viros,
1231 1027 1296 1077 qui
1326 1028 1473 1066 virtutis
1504 1028 1590 1065 illu-

161 1085 358 1124 strissimae
378 1085 661 1136 voluntatisque
695 1099 785 1137 erga
816 1086 964 1137 plebem
998 1094 1163 1124 vestram
1191 1088 1454 1137 prolixissimae
1474 1090 1593 1127 docu-

159 1154 288 1185 menta
305 1147 538 1191 ediderunt,
569 1160 677 1197 rogo,
711 1155 755 1185 ut
788 1147 889 1184 hunc
923 1148 960 1184 in
994 1156 1219 1197 suggestum
1258 1148 1509 1194 adscendunt,
1543 1163 1591 1187 ex

159 1220 283 1257 eoque
301 1220 369 1245 vos
391 1207 437 1244 de
457 1220 515 1244 me
547 1207 638 1256 quid
667 1207 738 1244 sibi
758 1207 929 1244 videatur
949 1207 1117 1244 doceant
1145 1208 1466 1259 consiliorumque
1484 1211 1592 1248 vobis

149 1276 336 1307 -auctores
366 1269 474 1306 fiant.
532 1268 619 1305 Huc
649 1268 741 1306 ades
773 1268 914 1319 Anyte,
933 1269 1006 1305 huc
1038 1268 1223 1319 Cephale,
1258 1270 1332 1307 huc
1362 1271 1491 1309 adeste
1523 1284 1590 1309 vos

158 1332 317 1370 tribules
336 1332 400 1382 qui
420 1345 443 1370 a
462 1332 559 1369 tribu
581 1344 663 1369 mea
691 1331 829 1369 delecti
847 1332 938 1370 estis
958 1331 1007 1368 ad
1026 1344 1181 1370 eausam
1202 1346 1324 1371 meam
1344 1347 1493 1372 mecum
1523 1335 1590 1372 de-

160 1393 405 1439 fendendam,
425 1400 479 1440 tu,
499 1401 605 1445 puta,
626 1393 826 1444 Thrasylle
845 1401 884 1431 et
902 1401 1091 1444 quotquot
1110 1394 1201 1432 estis
1221 1395 1365 1446 reliqui.
