1822 3219
446 114 668 151 CONTRA
697 113 1123 152 THEOMNESTUM
1158 115 1188 151 Ι.
1471 113 1549 149 209

759 250 878 289 LEX.

146 326 184 362 5.
215 325 446 376 Intelligitis,
466 326 502 363 ni
522 327 813 378 fallor,judices
833 327 883 365 ad
904 339 1022 363 unum
1043 339 1189 370 omnes,
1205 338 1266 363 me
1286 326 1443 376 quidem
1458 338 1549 363 con-

94 395 280 426 sentanea
299 388 494 438 disputare
522 395 560 426 et
590 389 627 425 in
658 389 764 438 leges
793 389 1105 439 interpretatione
1132 396 1235 425 recte
1254 387 1418 430 versari;
1449 387 1550 425 hunc

95 456 224 486 autem
244 449 542 487 Theomnestum
571 457 648 486 tam
680 463 767 487 esse
797 450 964 496 tardum,
986 456 1028 487 ut
1050 462 1175 500 neque
1200 448 1298 499 legis
1323 448 1552 486 sententiam

92 511 296 562 perspiciat
310 525 433 562 neque
449 524 544 548 meae
559 511 827 562 disputationis
845 511 1075 550 evidentiam
1094 512 1236 563 capiat.
1290 510 1411 547 Juvat
1424 509 1552 558 itaque

93 571 178 609 aliis
199 585 352 623 quoque
373 585 421 609 ex
443 572 595 622 legibus
624 585 710 609 eum
740 573 893 618 docere,
914 573 944 610 si
964 573 1062 610 forte
1089 573 1169 622 fiat,
1189 579 1244 618 ut,
1265 571 1297 609 si
1326 584 1401 612 uon
1428 570 1553 614 citius,

95 632 219 670 saltim
241 646 343 670 nunc
363 632 752 683 tandem,aliquando
781 647 896 684 super
922 640 1113 684 suggestu
1132 632 1326 672 communi
1346 644 1464 669 sensu
1483 630 1554 667 im-

92 693 234 731 buatur
246 694 435 745 vobisque
456 695 706 746 imposterum
723 695 878 733 desinat
895 695 1193 732 incommodare.
1251 693 1390 732 Recita
1405 700 1446 730 tu
1464 691 1556 729 mihi

92 754 238 806 priscas
257 755 374 794 hasce
393 756 547 794 Solonis
567 757 689 807 leges,

765 876 881 914 LEX.

137 960 200 990 Per
213 960 350 1000 quinque
368 961 435 991 dies
455 963 563 1003 pedem
578 962 608 991 in
629 962 788 1003 ποδοκάκκῃ
805 963 938 992 vinctum
960 963 1083 997 habeto,
1100 961 1159 991 nisi
1181 961 1207 991 si
1224 961 1357 996 Hefiaea,
1373 965 1486 1000 praeter
1501 960 1558 989 hoc

97 1012 280 1052 supplicium
305 1024 439 1053 corpore
460 1014 662 1049 tolerandum,
684 1015 782 1044 adhuc
804 1015 892 1044 aliam
915 1015 1058 1044 mulctam
1083 1013 1288 1053 pecuniariam
1308 1012 1457 1051 judicarit
1481 1012 1559 1042 irro-

97 1063 236 1101 gandam.

99 1130 246 1177 Audin,
267 1132 541 1178 Theomneste,
562 1132 629 1169 tibi
657 1132 756 1179 dico,
777 1139 820 1170 ut
845 1146 891 1170 ne
917 1133 1081 1178 nescias,
1102 1131 1206 1182 quod
1232 1131 1295 1168 lex
1323 1129 1493 1181 appellat
1519 1130 1560 1167 ἐν

97 1191 300 1247 ποδοκάκκῃ
316 1193 463 1238 vinciri,
481 1193 519 1230 id
539 1193 641 1230 idern
663 1207 733 1231 nos
750 1207 854 1231 nunc
866 1194 982 1244 vulgo
1002 1205 1230 1243 usurpamus
1251 1192 1290 1229 ἐν
1305 1192 1395 1242 ξύλῳ
1411 1190 1560 1250 vinciri.

98 1253 214 1296 Quod
245 1253 276 1290 si
306 1267 398 1304 ergo
422 1255 518 1291 forte
547 1254 627 1301 fiat,
653 1261 698 1291 ut
723 1254 874 1304 aliquis,
903 1254 942 1292 ἐν
974 1255 1066 1305 ξύλῳ
1101 1266 1235 1297 nexus,
1261 1265 1348 1289 cum
1379 1264 1510 1288 rursus
1541 1264 1561 1287 e

98 1316 278 1353 custodia
309 1317 347 1354 in
380 1317 596 1354 libertatem
632 1317 781 1362 exierit,
818 1316 1116 1360 undecimviros,
1148 1328 1171 1353 a
1198 1315 1340 1365 quibus
1375 1313 1561 1351 custodiae

96 1377 302 1415 mandatus
318 1378 471 1423 fuisset,
489 1377 717 1428 adjudices,
735 1391 864 1416 coram
879 1378 1018 1428 quibus
1039 1376 1312 1415 undecimviris
1333 1375 1562 1425 magistratu

97 1438 291 1475 defunctis
323 1439 489 1476 rationes
521 1446 694 1476 actorum
726 1439 939 1477 reddendae
972 1447 1075 1484 sunt,
1096 1446 1256 1476 accuset
1285 1437 1332 1475 de
1363 1437 1467 1474 facta
1491 1435 1562 1473 sibi

97 1499 248 1550 injuria,
266 1499 332 1550 qui
350 1500 444 1550 ξύλῳ
464 1513 504 1537 se
524 1500 803 1546 innexuissent,
821 1500 925 1551 quod
947 1514 1015 1550 per
1033 1501 1158 1551 legem
1180 1499 1306 1536 minus
1326 1497 1454 1541 liceat,
1474 1510 1563 1547 quae

98 1559 161 1597 lex
179 1560 271 1597 velit
290 1573 375 1598 reos
396 1561 433 1596 in
455 1560 659 1615 ποδοκάκκῃ
678 1561 824 1606 vinciri,
845 1562 892 1598 de
912 1562 1005 1613 ξύλῳ
1026 1568 1165 1606 taceat,
1187 1573 1263 1597 non
1287 1560 1339 1597 illi
1368 1567 1562 1610 stuporem

98 1621 264 1660 hominis
285 1621 497 1659 ridebunt?
527 1635 604 1659 non
624 1635 822 1660 vervecem
844 1622 1004 1660 dicent?
1054 1622 1162 1660 Cedo
1183 1622 1297 1659 aliam
1317 1621 1459 1672 legem.

773 1742 891 1779 LEX.

145 1832 307 1873 Ἐπεγγυᾷἷν
321 1832 349 1863 δὲ
365 1832 578 1874 ἐπιορκήσαντα
592 1834 640 1864 τὶν
654 1833 800 1865 Ἀπόλλω.
813 1836 886 1865 item
902 1834 1012 1865 δεδιέτα
1028 1835 1055 1866 δὲ
1072 1835 1146 1870 δίκης
1161 1835 1237 1866 ἕνεκα
1253 1834 1430 1875 &gno-mistav.

102 1900 252 1937 Horum
269 1901 544 1938 vocabulorum
562 1901 666 1939 istud
682 1903 952 1953 ἐπιορκήσαντα
969 1903 1041 1941 hac
1057 1903 1094 1940 in
1110 1902 1197 1954 lege
1212 1917 1289 1940 non
1305 1903 1344 1940 id
1361 1903 1566 1953 significat,

101 1961 207 2012 quod
233 1962 342 1999 nobis
369 1976 472 2000 nunc
492 1963 642 2013 vulgari
673 1964 858 2013 loquendi
887 1978 992 2002 more
1015 1964 1218 2015 significat,
1237 1964 1431 2002 hominem
1459 1972 1566 2015 puta,

100 2023 166 2073 qui
182 2023 374 2071 pejerarit,
394 2024 461 2061 sed
482 2024 703 2074 simpliciter
722 2037 821 2069 eum,
841 2025 904 2076 qui
926 2026 1115 2075 (lejerarit,
1137 2039 1203 2063 seu
1221 2025 1492 2076 jusjurandum
1513 2025 1569 2062 di-

100 2084 200 2121 xerit
219 2097 287 2134 per
305 2098 449 2122 numen
470 2085 661 2135 Apollinis
683 2094 939 2137 conceptum3
972 2087 1037 2124 illa
1056 2087 1157 2124 enim
1177 2088 1305 2138 prisca
1324 2087 1471 2137 lingua,
1491 2099 1568 2137 qua

100 2146 256 2183 Solonis
277 2147 446 2197 aequales
466 2149 686 2193 utebantur,
704 2149 888 2199 ἐπιορκεῖν
909 2149 1028 2187 nihilo
1050 2149 1136 2200 plus
1152 2149 1317 2194 valebat,
1331 2162 1446 2199 quam
1464 2162 1566 2187 nunc

102 2207 404 2258 dpvzfivmjurare
425 2209 610 2260 simplex:
640 2210 721 2261 pari
743 2211 859 2248 modo
884 2211 947 2248 isti
976 2211 1194 2261 δρασκάζειν
1219 2211 1266 2249 de
1291 2211 1428 2249 eodem
1456 2225 1566 2249 usur-

101 2269 260 2319 pabant,
282 2270 332 2307 de
350 2284 427 2321 quo
448 2284 518 2308 nos
538 2271 653 2309 hodie
675 2272 959 2323 ἀποδιδράσκειν
979 2286 1224 2324 usurpamus.

145 2346 176 2376 Si
191 2347 258 2385 quis
274 2347 333 2387 (ait
346 2358 440 2386 porro
455 2349 630 2389 legislator)
648 2350 757 2387 furem,
771 2352 821 2391 qui
835 2351 913 2381 intra
930 2352 1051 2381 domum
1069 2352 1120 2388 sit,
1135 2350 1245 2392 ἀπίλλῃ
1258 2351 1294 2392 τῇ
1306 2350 1384 2390 Θύξᾳ,
1397 2352 1567 2391 significare

104 2397 242 2434 volebat,
259 2398 409 2438 praeclusa
420 2398 513 2440 janua
529 2400 715 2440 intercipiat,
734 2402 794 2437 vel,
811 2403 897 2432 exitu
914 2408 1024 2432 arceat.

102 2463 345 2504 Vocabulum
376 2468 564 2514 ιῖπίλλειν,
599 2469 704 2519 quod
734 2470 850 2507 hodie
878 2471 990 2520 pauci
1023 2478 1114 2509 sunt
1143 2472 1207 2522 qui
1237 2472 1465 2522 intelligant,
1484 2477 1566 2508 tum

105 2527 285 2576 temporis
314 2528 415 2566 idem
444 2530 612 2575 valebat,
643 2540 758 2582 atque
788 2531 903 2569 hodie
929 2532 1032 2570 valet
1062 2533 1287 2577 ἀποκλείειν,
1310 2546 1434 2583 neque
1461 2532 1567 2582 quod

108 2597 202 2624 sono
222 2589 318 2627 inter
338 2604 380 2628 se
401 2591 476 2629 ista
495 2592 691 2639 differunt,
710 2594 798 2632 ideo
820 2609 858 2634 re
879 2608 1030 2646 quoque
1052 2595 1245 2633 differunt.

152 2662 208 2692 AEs
223 2670 326 2696 mutuo
341 2667 444 2698 datum
461 2669 537 2710 (ait)
553 2671 700 2700 hactenus
717 2676 783 2701 esto
797 2673 958 2712 στάσιμον,
975 2678 1122 2712 quatenus
1140 2672 1273 2702 creditor
1291 2671 1365 2701 vult.

106 2728 294 2782 Στάσιμον
310 2746 387 2772 non
407 2735 598 2786 significat
616 2737 677 2775 hic
694 2738 769 2777 loci
788 2739 975 2783 librabsse,
991 2740 1059 2777 sed
1074 2738 1148 2776 hoc
1164 2738 1338 2789 praecipit
1355 2737 1566 2788 legislator,

107 2797 152 2828 ut
170 2792 347 2831 creditori
371 2794 483 2834 liceat
503 2810 525 2835 a
545 2798 720 2837 debitore
743 2800 869 2838 foenus
895 2801 1049 2850 exigere
1077 2806 1265 2849 quantum
1291 2800 1371 2851 ipse
1393 2798 1565 2837 voluerit-

106 2852 244 2892 Recita
263 2853 360 2905 legis
379 2856 480 2896 hanc
500 2859 724 2899 clausulam.

795 2924 865 2959 ΞΕ
