1822 3219
557 139 780 178 CONTRA
811 136 1169 175 ALCIBIADEM.
1511 133 1584 172 139

139 252 310 297 acceptae
329 247 571 285 contumeliae
589 246 813 297 indignitate
834 245 883 283 ad
897 243 1082 282 ultionem
1102 239 1264 292 profecit
1281 253 1290 282 ;
1313 238 1466 290 judices
1482 239 1583 277 enim

140 308 370 353 certaminis,
397 307 460 345 alii
481 316 581 345 metu
603 306 826 353 Alcibiadis,
853 306 914 344 alii
935 304 1058 356 gratia
1078 302 1179 346 victi,
1201 301 1382 337 victorem
1409 313 1495 338 eum
1516 300 1583 338 de-

140 368 343 414 clararunt,
361 369 477 419 pluris
494 382 578 406 eum
598 369 794 414 facientes,
809 380 924 418 quam
940 364 1211 418 jusjurandum
1226 373 1301 411 quo
1321 373 1404 398 sese
1421 361 1585 399 obstrin-

140 439 287 468 xerant.
344 431 394 467 Et
422 437 523 468 recte
541 430 692 480 quidem
712 437 826 480 atque
844 435 1100 467 consentanee
1126 424 1280 476 judices
1299 422 1390 460 mihi
1409 423 1585 460 videntur

142 490 354 529 Alcibiadis
384 492 542 541 gratiam
571 490 755 528 eblandiri
775 491 955 535 voluisse,
986 489 1173 531 videntes,
1201 485 1388 522 Tauream
1416 484 1582 534 quidem,

139 552 310 602 quamvis
329 559 474 590 tantam
493 552 664 602 pecuniae
685 565 871 590 summam
893 552 931 589 in
957 550 1061 589 chori
1081 548 1137 587 sui
1157 546 1447 584 instructionem
1467 553 1582 594 atque

134 614 405 651 institutionem
437 620 475 649 et
499 613 769 651 exhibitionem
790 612 1035 663 profudisset,
1058 617 1185 647 tamen
1208 607 1328 645 inulta
1346 606 1579 644 contumelia.

138 673 340 716 affectum:
370 673 591 711 violatorem
611 674 738 724 legum
764 680 905 718 autem,
925 679 1003 710 tarn
1032 669 1235 709 enormiter
1255 668 1404 718 legibus
1423 666 1582 704 illudere

137 745 281 778 ausum,
304 733 553 772 immoderata
573 735 793 772 abutentem
813 733 985 785 potentia.
1010 739 1125 782 atque
1146 736 1400 781 grassantem.
1456 727 1584 778 Culpa

135 800 252 831 tantae
291 796 553 845 repugnantiae
591 809 708 847 penes
741 809 810 833 vos
848 795 984 843 haeret,
1013 794 1078 844 qui
1115 805 1247 843 poenas
1284 789 1508 842 petulantiae
1542 795 1582 827 et

133 855 361 904 arrogantiae
393 856 649 906 dispensatis:
698 857 795 894 clam
834 856 947 894 enim·
969 861 1175 906 peccantes
1212 852 1422 904 castigatis,
1453 851 1581 902 palam

133 921 260 953 autem
280 915 519 954 lascivientes
550 916 754 968 suspicitis.
813 917 888 960 Qui
912 917 1058 955 fructus
1088 922 1178 952 sunt
1200 914 1313 965 hujus
1346 919 1483 951 vestrae
1510 920 1587 950 tur-

129 976 296 1026 pissimae
321 977 576 1015 conniventiae
596 985 635 1015 et
663 978 796 1029 gratiae
827 979 875 1015 ad
903 978 1094 1015 servitutis
1115 976 1368 1013 humilitatem
1389 973 1579 1023 abjectae?

133 1036 185 1074 Hi
213 1050 364 1088 nempe.
438 1038 583 1075 Contra
611 1039 708 1076 fiunt
735 1039 875 1083 omnia,
905 1046 1018 1089 atque
1047 1050 1114 1088 per
1142 1042 1316 1074 naturam
1345 1048 1468 1072 rerum
1497 1035 1578 1073 fieri

131 1101 355 1151 oportebat:
396 1114 543 1139 summa
571 1101 653 1139 imis
681 1108 891 1139 vertuntur.
961 1100 1241 1138 Adolescentes
1280 1099 1396 1136 vestri
1435 1111 1510 1136 non
1538 1099 1576 1136 in

132 1163 340 1213 gymnasiis
372 1164 440 1200 sed
473 1163 511 1200 in
545 1163 797 1202 tribunalibus
830 1163 1018 1208 habitant,
1046 1169 1085 1200 et
1110 1162 1276 1199 seniores
1303 1172 1407 1198 arma
1439 1166 1578 1210 gerunt

132 1223 350 1274 militiaeque
389 1224 600 1274 funguntur
639 1225 799 1267 muniis;
835 1224 1005 1272 juniores
1049 1228 1175 1259 autem
1208 1220 1452 1258 orationibus*
1484 1232 1577 1257 con·

131 1283 300 1333 siliisque
338 1283 417 1321 suis
455 1283 750 1322 deliberationes
787 1284 835 1321 de
872 1297 954 1334 rep.
989 1282 1248 1325 moderantur,
1280 1280 1454 1331 exemplo
1491 1280 1575 1318 freti

130 1344 354 1390 Alcibiadis,
375 1345 439 1395 qui
470 1345 676 1383 sceleribus
704 1345 989 1383 committendis
1019 1357 1177 1394 prorsus
1201 1342 1417 1382 immaniter
1436 1349 1476 1379 et
1494 1341 1576 1380 bel·

129 1404 275 1442 luinum
301 1406 337 1442 in
365 1405 518 1443 modum
547 1412 744 1456 grassatur
772 1407 940 1443 etsfurit.
996 1405 1169 1454 Exempli
1197 1416 1328 1449 causa,
1352 1404 1390 1440 in
1417 1403 1480 1441 illa
1505 1403 1574 1440 de—

130 1466 366 1511 liberatione,
396 1480 483 1518 quae
516 1467 564 1505 de
594 1481 708 1519 poena
741 1480 764 1505 a
798 1468 926 1506 Meliis
961 1467 1144 1505 sumenda
1175 1466 1306 1504 habita
1337 1472 1409 1510 est,
1439 1471 1573 1503 auctor

129 1527 253 1565 fuerat
272 1528 502 1574 Alcibiades,
520 1535 563 1566 ut
592 1542 658 1579 pro
685 1529 882 1580 mancipiis
903 1529 1110 1566 vaenirent:
1141 1528 1325 1564 vaeniere:
1368 1526 1529 1564 redemit
1551 1540 1572 1565 e

126 1588 281 1638 captivis
301 1589 520 1627 Alcibiades
540 1589 737 1628 mulierem
757 1591 921 1641 aliquam
940 1590 1095 1627 Meliam
1116 1603 1135 1627 e
1151 1602 1227 1637 qua
1248 1588 1365 1625 fllium
1386 1589 1570 1639 suscepit,

127 1650 311 1688 nascendi
331 1658 432 1688 sorte
449 1664 557 1688 usum
575 1652 690 1702 ajure
702 1660 847 1689 naturae
860 1651 933 1689 hoc
949 1651 1231 1689 abhorrentiore
1246 1662 1360 1699 quam
1374 1648 1571 1699 AEgisthus

126 1710 217 1747 olim
245 1723 336 1748 usus
365 1712 449 1757 fuit,
471 1712 576 1762 quod
601 1719 715 1750 natus
737 1713 807 1750 fuit
837 1727 857 1750 e
883 1713 961 1763 pari
982 1712 1178 1750 hominum
1207 1712 1305 1748 inter
1329 1723 1412 1747 sese
1438 1717 1571 1748 mutuo

125 1771 338 1821 capitaliter
357 1785 583 1810 exosorum:
612 1773 699 1811 huic
721 1774 785 1811 uni
806 1774 978 1824 contigit,
997 1781 1038 1811 ut
1056 1774 1093 1810 in
1115 1772 1334 1811 necessariis
1362 1771 1570 1808 arctissime

125 1846 255 1871 secum
274 1829 461 1884 copulatis
481 1834 640 1872 haberet
665 1848 743 1880 eos,
760 1849 919 1886 quorum
948 1835 1043 1873 alter
1068 1834 1175 1872 alteri
1205 1832 1362 1884 injurias
1384 1832 1573 1870 intulisset

124 1907 188 1932 eas
208 1895 351 1945 quaein
371 1895 547 1934 humanis
576 1896 787 1947 excogitari
819 1902 980 1947 possunt
1011 1902 1203 1939 extremae,
1226 1894 1346 1931 altera
1374 1893 1423 1930 ab
1450 1893 1570 1931 altero

125 1957 278 1994 easdem
302 1965 480 2008 acceptas
501 1953 756 2008 pertulisset,--
801 1958 976 1996 Mentem
997 1971 1056 1995 me
1076 1970 1199 1994 meam
1220 1954 1425 1993 dilucidius
1444 1955 1568 1993 verbis

128 2018 324 2055 declarare
354 2030 422 2068 par
450 2024 521 2064 est,
554 2026 592 2056 et
623 2017 832 2056 Alcibiadis
863 2019 1127 2056 crudelitatem
1158 2017 1327 2067 pluribus
1362 2028 1567 2066 exponere.

122 2079 278 2117 Liberos
299 2078 474 2130 quaesivit
493 2093 539 2117 ex
558 2094 602 2118 ea
616 2081 789 2125 muliere,
805 2093 918 2130 quam
938 2080 1111 2117 libertate
1132 2078 1318 2128 privasset
1337 2084 1375 2113 et
1395 2076 1432 2113 in
1455 2076 1570 2114 servi-

121 2147 238 2178 tutem
259 2140 495 2187 detrusisset,
515 2142 625 2192 cujus
653 2148 872 2192 patremque
891 2141 1201 2189 necessariosque
1218 2137 1436 2183 occidisset,
1458 2138 1567 2189 cujus

120 2201 280 2251 patriam
302 2201 566 2240 desolavisset.
624 2202 683 2239 Ex
704 2202 888 2250 ejusmodi
915 2201 1068 2239 muliere
1098 2212 1212 2251 quem
1241 2210 1392 2249 sperare
1419 2204 1568 2248 poterat

121 2262 192 2299 sibi
219 2262 336 2299 filium
371 2263 634 2301 nasciturum?
672 2264 866 2302 inimicum
895 2276 1031 2314 nempe
1063 2262 1206 2312 sibique
1238 2269 1276 2298 et
1303 2260 1390 2297 huic
1422 2259 1566 2298 civitati

120 2336 235 2374 quam
254 2323 334 2360 fieri
353 2332 482 2374 posset
500 2325 810 2363 infestissimum:
831 2331 888 2362 tot
900 2325 1000 2362 enim
1020 2324 1210 2374 tantisque
1229 2321 1292 2359 ille
1305 2321 1404 2358 filius
1421 2321 1563 2361 nothus

118 2385 326 2423 Alcibiadis
353 2393 503 2424 tenetur
535 2388 764 2425 constrictus
796 2387 1087 2425 necessitatibus
1117 2385 1191 2423 odii
1217 2397 1310 2434 erga
1338 2390 1562 2434 patremque

119 2447 355 2497 patriamque
374 2447 547 2485 Athenas
576 2448 792 2486 exercendi.
850 2449 900 2485 At
926 2449 1023 2485 enim
1043 2460 1133 2485 vero
1154 2459 1221 2484 vos
1248 2445 1339 2483 talia
1363 2445 1506 2482 scelera
1523 2444 1560 2481 in

117 2507 255 2546 fabulis
274 2508 426 2559 quidem
443 2510 672 2560 tragicorum
688 2510 860 2548 videntes
876 2510 912 2546 in
930 2523 1080 2547 scenam
1100 2509 1290 2560 producta
1305 2506 1562 2551 detestamini,

119 2569 262 2607 atrocia
295 2570 479 2609 ducentes
513 2579 626 2622 atque
663 2571 820 2609 infanda
850 2578 1046 2622 portenta;
1090 2577 1289 2609 cernentes
1326 2573 1453 2604 autem
1488 2567 1560 2617 ipsi

118 2631 253 2668 vestris
291 2633 411 2671 oculis
451 2646 539 2671 cum
570 2635 667 2672 intra
703 2634 841 2672 moenia
868 2641 997 2672 vestra
1031 2635 1141 2679 fiunt,
1173 2631 1280 2684 pensi
1312 2643 1388 2667 non
1420 2629 1559 2668 facitis-

119 2692 348 2740 Quanquam
374 2693 439 2731 illa
463 2694 612 2745 quidem
640 2696 786 2746 tragica
810 2695 954 2733 scelera
984 2708 1059 2733 non
1091 2695 1210 2732 nostis
1240 2703 1374 2729 verene
1412 2697 1560 2740 patrata

118 2753 310 2803 quondam
331 2754 483 2802 fuerint,
511 2770 559 2794 an
589 2757 828 2795 solummodo
848 2770 870 2794 a
889 2757 1008 2807 poetis
1029 2754 1215 2793 illusionis
1235 2759 1274 2790 et
1293 2751 1557 2789 oblectationis

116 2826 207 2864 ergo
235 2815 418 2853 conficta:
448 2817 531 2855 haec
558 2825 686 2856 autem
712 2826 817 2856 certo
847 2831 932 2855 cum
963 2816 1090 2855 sciatis
1119 2815 1212 2860 fieri,
1232 2820 1271 2852 et
1293 2812 1373 2850 fieri
1404 2813 1555 2863 quidem

118 2882 251 2913 contra
265 2875 328 2925 jus
349 2883 388 2914 et
407 2877 477 2923 fas,
496 2883 622 2916 tamen
644 2892 753 2929 aequo
774 2880 877 2918 fertis
898 2878 1035 2916 animo.
