1822 3219
570 158 642 195 DE
671 158 830 196 CAEDE
862 157 1118 197 HERODIS.
1515 163 1562 198 51

126 252 300 291 conscios
315 260 353 291 et
372 255 608 295 consiliarios
628 255 890 294 adscivissem.
947 256 1067 295 Porro
1095 257 1283 302 Herodes,
1314 264 1357 295 ut
1379 257 1418 295 hi
1447 258 1565 302 aiunt,

125 314 329 352 adversarii
351 317 438 361 mei,
460 317 630 356 occissus
650 323 708 355 est
727 329 843 368 prope
861 330 980 363 mare,
1007 318 1114 356 haud
1144 318 1278 370 procul
1307 319 1468 357 navibus
1496 333 1566 357 nu-

124 386 231 418 mero
251 377 523 427 compluribus,
543 378 581 414 in
599 377 736 428 quibus
755 378 929 416 homines
949 385 1059 416 erant
1076 379 1138 428 qui
1168 391 1390 416 succurrere
1419 379 1566 429 pericli—

122 437 218 474 tanti
249 439 486 487 potuissent:
518 445 658 483 tamen,
677 452 764 476 cum
787 440 834 476 ab
854 453 930 477 uno
946 440 1100 477 homine
1120 447 1331 484 necaretur,
1359 453 1484 490 neque
1504 454 1569 479 vo-

123 496 301 536 ciferatus
322 504 381 536 est
399 512 525 549 neque
547 499 624 535 ullo
644 499 719 536 alio
739 501 917 550 quopiam
950 500 1090 538 indicio
1117 501 1285 551 prodidit
1314 500 1428 537 vitam
1456 514 1564 539 suam

122 559 158 595 in
190 560 391 598 discrimen
404 560 626 598 ¹'adductam
647 574 731 599 esse
751 568 817 599 aut
835 575 876 600 se
903 562 977 599 vim
997 563 1173 600 inferenti
1192 574 1453 613 repugnasse;
1485 576 1566 601 sen-

123 633 206 656 sum
235 621 294 658 sui
330 633 482 670 prorsus
518 621 665 658 nullum
702 622 807 659 dedit
833 635 955 672 neque
1002 623 1039 659 in
1076 622 1293 660 continente
1321 624 1564 661 versantibus

122 692 246 730 neque
264 680 301 717 in
322 681 494 718 navibus.
563 681 682 719 Porro
702 689 746 718 ut
764 689 907 719 erretur
934 689 1065 726 noctu,
1085 683 1204 720 multo
1223 689 1260 720 et
1282 683 1323 720 fit
1339 683 1508 721 crebrius
1528 692 1566 722 et

119 746 179 777 est
192 740 294 777 factu
314 740 476 786 facilius,
493 754 608 791 quam
630 742 677 779 de
698 741 785 784 die;
815 748 857 779 ut
882 742 919 779 in
950 743 1072 787 litore,
1089 756 1204 791 quam
1229 743 1267 780 in
1301 744 1419 780 urbe:
1449 744 1563 790 adde,

118 800 223 848 quod
242 813 262 837 e
282 802 368 838 navi
383 802 629 840 exscendisse
651 802 758 839 aiunt
778 801 970 839 Herodem
989 803 1207 840 hominibus
1226 803 1354 841 adhuc
1374 803 1564 852 vigilanti-

115 859 210 903 bus:
240 868 279 897 et
298 861 542 900 nihilominus
563 870 691 900 tamen
711 862 888 906 hominis,
908 862 972 912 qui
994 863 1031 899 in
1052 870 1151 900 terra
1173 864 1564 914 continentejugula-

116 926 215 957 retur
231 933 351 971 eoque
369 921 474 959 facto
505 923 542 959 in
568 936 703 961 navem
736 923 950 968 inferretur,
970 936 1093 973 neque
1113 922 1150 960 in
1173 930 1274 961 terra
1290 937 1413 974 neque
1442 924 1480 962 in
1499 939 1564 964 na-

116 980 219 1030 vigio
237 994 349 1019 cruor
369 995 537 1033 sparsus,
565 983 716 1022 aliudve
748 983 930 1022 indicium
966 984 1212 1034 repugnantis
1241 993 1306 1022 aut
1335 985 1561 1036 exspirantis

114 1040 392 1091 deprehensum
412 1044 496 1081 fuit.
555 1044 766 1082 Videturne
791 1045 897 1082 vobis
916 1045 1044 1088 homo,
1063 1045 1179 1082 alium
1195 1058 1336 1083 necans
1351 1053 1390 1083 et
1410 1047 1561 1097 navigio

115 1101 315 1152 imponens
340 1105 612 1151 exanimatum,
632 1106 746 1156 idque
764 1115 895 1151 noctu,
920 1106 958 1143 in
989 1113 1097 1144 tanta
1115 1107 1373 1153 contentione,
1393 1109 1561 1158 potuisse

114 1168 192 1198 tam
213 1163 345 1201 sedate
361 1172 473 1214 atque
494 1173 571 1202 tam
591 1166 868 1216 circumspecte
889 1179 1019 1216 agere,
1041 1173 1083 1203 ut
1101 1166 1240 1203 indicia
1259 1167 1412 1205 sceleris
1434 1169 1561 1206 omnia

113 1222 260 1260 curiose
279 1225 441 1268 tolleret,
454 1239 500 1262 ex
518 1226 634 1262 humo
654 1227 734 1264 sica
753 1226 968 1270 abraderet,
986 1240 1005 1264 e
1021 1226 1174 1275 navigio
1190 1227 1353 1277 spongia
1364 1228 1563 1279 absterge-

113 1282 195 1319 ret?
223 1296 309 1332 quae
327 1297 371 1321 ne
392 1285 452 1322 die
471 1286 623 1335 quidem
645 1293 698 1331 tn,
713 1286 861 1324 etiamsi
877 1299 952 1324 non
966 1286 1175 1336 trepidans,
1196 1286 1264 1324 sed
1284 1287 1418 1325 sedata
1433 1296 1560 1327 mente

109 1355 134 1379 a
153 1343 335 1394 nulloque
354 1352 457 1383 metu
478 1352 712 1392 exsternata,
742 1346 863 1396 possis
890 1347 1016 1384 omnia
1043 1347 1274 1385 obliterare?
1331 1348 1431 1387 Haec
1449 1351 1560 1400 ecqui

110 1403 186 1440 sint
204 1417 338 1453 quaeso
355 1406 604 1444 verisimilia?
623 1420 691 1444 vos
720 1413 903 1451 antestor,
919 1407 1086 1457 jud1ces.
1145 1407 1262 1451 Quod
1281 1415 1409 1446 autem
1431 1409 1560 1460 impri-

110 1465 179 1502 mis
197 1473 348 1515 oportet
366 1480 434 1504 vos
455 1467 561 1505 vobis
578 1468 627 1505 ad
640 1474 807 1505 mentem
828 1481 1008 1506 revocare
1023 1491 1075 1496 —
1089 1474 1128 1505 et
1152 1468 1268 1505 nolim
1290 1469 1463 1519 profecto
1491 1482 1560 1510 vos

108 1525 198 1561 mihi
217 1538 445 1564 succensere
461 1528 597 1565 iterum
613 1535 727 1577 atque
746 1527 882 1564 iterum
903 1528 1039 1565 eadem
1059 1527 1288 1565 inculcanti:
1319 1540 1459 1577 magno
1473 1542 1557 1567 ver-

109 1598 172 1623 sor
190 1587 228 1623 in
247 1587 476 1634 discrimine,
491 1590 602 1638 cujus
619 1589 743 1626 exitus
764 1588 802 1625 in
820 1594 957 1626 vestrae
977 1588 1178 1625 sententiae
1204 1588 1358 1625 fortuna
1371 1588 1553 1632 libratur:

106 1653 210 1685 recta
224 1647 324 1685 enIm
342 1655 380 1685 et
399 1649 568 1698 aequarsi
600 1662 670 1686 vos
699 1648 939 1693 censueritis,
970 1648 1097 1686 salvus
1128 1661 1226 1692 sum,
1255 1661 1278 1686 a
1307 1661 1397 1686 vero
1426 1655 1556 1687 autem

106 1707 369 1746 aberrantibus
384 1709 505 1754 vobis,
522 1708 632 1759 perii.
670 1708 869 1746 Mentibus
889 1708 1017 1757 itaque
1032 1708 1106 1746 hoc
1119 1708 1217 1746 elabi
1237 1714 1303 1746 aut
1321 1721 1344 1746 a
1363 1721 1556 1758 quoquam

89 1765 196 1817 ¹eripi
223 1781 284 1813 ne,
304 1782 448 1818 quaeso,
470 1770 593 1814 sinite,
624 1769 788 1806 indicem
823 1770 871 1805 ab
898 1768 957 1805 his
991 1768 1041 1805 de
1074 1768 1201 1806 medio
1231 1769 1424 1806 sublatum
1456 1782 1554 1815 esse,

104 1827 241 1876 quibus
259 1842 336 1866 una
349 1842 395 1866 ea
415 1837 517 1867 esset
535 1830 743 1874 contentio,
758 1835 801 1866 ut
820 1829 1060 1879 impedirent,
1080 1829 1283 1879 quominus
1302 1836 1341 1867 et
1358 1830 1421 1867 ille
1440 1830 1555 1871 index

104 1888 142 1924 in
158 1896 404 1939 conspectum
425 1897 594 1928 vestrum
613 1890 901 1940 produceretur,
916 1896 955 1926 et
975 1902 1047 1939 ego
1076 1891 1186 1939 copia
1213 1891 1353 1941 potirer
1377 1891 1483 1929 illum
1504 1892 1553 1929 ad

104 1961 172 1986 vos
188 1950 406 1987 adducendi
426 1951 536 2000 eique
555 1958 745 1988 tormenta
764 1949 1010 1994 admovendi,
1030 1948 1204 1999 quamvis
1225 1948 1446 1997 praedicatio
1467 1950 1550 2001 ejus

103 2009 254 2047 illorum
293 2024 450 2048 causam
485 2011 713 2056 sublevaret,
749 2022 874 2047 meam
911 2015 1109 2058 premeret.
1164 2008 1253 2045 Jam
1289 2021 1378 2045 vero
1407 2021 1549 2059 corpus

103 2070 178 2108 hoc
207 2071 356 2116 servile,
396 2084 483 2108 cum
512 2084 536 2108 a
568 2070 724 2108 domino
749 2071 830 2120 ejus
865 2082 940 2106 aere
973 2081 1042 2105 suo
1079 2067 1276 2113 emissent,
1311 2081 1386 2117 quo
1417 2068 1455 2104 in
1483 2082 1554 2118 po—

103 2137 241 2168 testate
274 2131 442 2182 ipsorum
474 2138 587 2175 esset,
617 2131 798 2169 adactum
821 2143 843 2167 a
875 2142 915 2167 se
941 2141 987 2166 eo
1016 2135 1059 2165 ut
1084 2135 1218 2165 contra
1249 2140 1309 2166 me
1331 2135 1550 2175 testaretur,

101 2192 275 2241 privatim
307 2199 444 2243 sponte
478 2204 548 2230 sua
572 2191 822 2235 sustulerunt,
852 2202 1072 2240 quanquam
1101 2201 1226 2238 neque
1248 2188 1380 2226 civitas
1411 2190 1445 2226 ei
1476 2203 1544 2227 ne-

101 2265 184 2291 cem
220 2254 372 2304 publice
408 2254 642 2292 decrevisset
675 2264 801 2302 neque
843 2252 924 2301 ipse
958 2250 1152 2287 Herodem
1191 2256 1393 2289 necasset:
1440 2250 1545 2289 hunc

99 2313 292 2352 hominem
308 2315 508 2364 oportebat
530 2314 661 2363 utique
676 2313 712 2350 in
734 2311 911 2350 custodia
929 2311 1098 2361 ipsorum
1119 2310 1321 2356 asservari,
1340 2316 1408 2347 aut
1420 2310 1565 2349 amicis-

100 2374 193 2412 meis
218 2375 255 2412 in
275 2374 388 2412 fidem
408 2381 522 2425 atque
542 2373 758 2411 custodiam
785 2371 899 2416 tradi,
932 2377 970 2408 et
990 2370 1178 2421 judicium
1208 2371 1256 2407 de
1276 2382 1322 2407 eo
1341 2370 1552 2421 legitimum

99 2435 241 2473 haberi.
297 2435 386 2472 Jam
398 2447 486 2472 vero
506 2447 588 2479 vos,
607 2432 812 2471 adversarii
831 2431 921 2476 mei,
942 2437 1076 2481 sponte
1106 2438 1245 2476 vestra,
1269 2430 1400 2468 insciis
1429 2431 1551 2469 omni-

99 2496 170 2532 bus
188 2495 286 2539 aliis,
307 2495 422 2532 tacite
442 2501 480 2532 et
505 2494 619 2538 clam,
642 2493 788 2543 judicio
808 2499 933 2530 vestro
949 2491 1098 2540 privato
1119 2492 1232 2528 morti
1251 2491 1463 2535 addictum,
1482 2504 1550 2528 ne-

100 2555 239 2600 castis;
260 2556 396 2606 privati
414 2555 478 2605 qui
498 2554 647 2599 essetis,
669 2552 774 2590 haud
792 2552 1062 2601 recogitantes,
1082 2563 1130 2588 ne
1146 2551 1290 2589 civitati
1309 2551 1464 2600 quidem
1485 2551 1552 2589 ulli

102 2615 249 2654 Graecae
276 2617 449 2653 universe
479 2615 591 2652 licere
616 2625 850 2664 quenquam,
882 2612 1020 2649 nesciis
1042 2611 1340 2648 Atheniensibus
1368 2616 1407 2647 et
1435 2624 1474 2648 re
1501 2612 1551 2649 ad

101 2687 230 2712 eorum
249 2676 507 2726 cognitionem
538 2687 616 2711 non
643 2673 762 2711 relata
790 2672 978 2722 veniaque
1004 2672 1052 2709 ab
1086 2671 1178 2721 ipsis
1208 2670 1549 2720 nullaimpetrata,

101 2737 210 2773 morti
229 2737 332 2774 dare.
389 2736 713 2773 Praedicationum
733 2734 888 2784 quidem
921 2735 968 2771 ab
998 2733 1072 2771 hoc
1091 2745 1199 2771 servo
1226 2731 1413 2768 editarum
1440 2733 1548 2771 volu-

100 2798 182 2835 istis
211 2798 281 2835 hos
312 2812 397 2836 esse
423 2798 592 2848 judices,
622 2797 737 2846 idque
769 2809 919 2845 aequum
950 2808 1034 2833 esse
1062 2793 1292 2832 censuistis:
1321 2793 1359 2830 in
1379 2793 1550 2833 facinora

100 2866 227 2896 autem
247 2857 342 2908 ejus,
359 2866 399 2896 ut
419 2871 493 2896 non
514 2858 552 2895 hi
573 2857 929 2902 animadverterent,
947 2856 1015 2893 sed
1036 2861 1077 2891 ut
1097 2867 1163 2892 vos
1184 2854 1548 2901 animadvertemus,
