1822 3219
241 165 289 200 86
822 162 1123 207 ANDOClDlS

239 272 503 305 accusatorum
524 267 658 312 oratio,
695 267 826 306 nescio
845 280 931 318 quae
959 266 1202 306 formidanda
1231 272 1347 316 atque
1376 266 1575 305 tremenda
1599 279 1691 306 oeu-

237 327 284 366 lis
307 335 623 380 praemonstrans,
650 327 701 367 ad
734 341 897 379 quorum
927 329 1228 367 recordationem
1257 339 1363 366 mens
1387 335 1536 368 arrecta
1554 327 1692 368 cohor-

234 398 422 436 resceret3
454 392 680 443 repetebant
705 392 807 429 enim
828 404 875 429 ex
895 398 1054 429 aetatum
1075 391 1312 443 superiorum
1340 389 1539 442 exemplis,
1573 387 1691 443 siqui

238 452 301 490 alii
329 454 430 492 circa
459 454 553 492 deas
587 453 705 492 hasce
726 453 925 503 [Cererem
953 460 1047 503 puta
1074 460 1189 504 atque
1218 450 1505 503 Proserpinam]
1533 452 1691 506 impium

237 514 328 565 quid
361 516 443 554 ausi
479 516 657 560 fuissent,
696 527 812 566 quam
852 527 976 553 saevas
1008 514 1107 552 illius
1142 513 1346 565 impietatis
1383 526 1516 565 poenas
1554 518 1689 554 eorum‘

235 576 398 628 quisque
418 576 603 615 dedisset.
661 576 807 615 Harum
828 583 953 614 autem
985 575 1247 614 narrationum
1279 575 1417 626 ecquid
1447 575 1497 614 ad
1525 589 1586 614 me
1603 590 1687 628 per-

234 637 361 676 tinet?
390 639 540 690 ecquod
571 639 706 677 horum
731 636 976 676 facinorum?
1030 637 1158 675 Multo
1191 637 1294 675 enim
1323 637 1472 687 aequius
1493 650 1566 688 ego
1594 635 1687 678 illos

235 712 424 746 accusem,
446 706 485 738 et
505 707 660 752 propter
679 700 753 738 hoc
770 700 895 751 ipsum
915 700 988 745 aio,
1018 698 1103 737 illos
1123 698 1280 749 quidem
1300 704 1478 750 oportere
1496 701 1688 754 supplicio

235 763 331 807 dari,
354 763 456 814 quod
487 763 591 815 impii
612 764 688 802 sint
708 763 901 814 [impietas
921 763 1022 801 enim
1041 768 1114 809 est,
1140 762 1168 800 si
1189 761 1274 812 quis
1293 761 1537 802 innocentem
1556 765 1690 817 impie-

235 825 325 863 tatis
353 824 615 864 insimulatum
635 825 896 877 pessumdet]‚
929 838 991 862 me
1011 832 1139 862 autem
1167 824 1326 870 servari,
1357 824 1463 885 quod
1479 825 1574 864 nihil
1593 827 1688 866 deli-

233 888 392 937 querim.
451 888 566 926 Foret
586 888 718 938 utique
739 900 854 938 grave
874 895 912 926 et
931 888 1126 932 acerbum,
1146 887 1178 925 si
1198 900 1267 925 vos
1286 887 1326 924 in
1354 900 1416 925 me
1435 888 1620 928 saeviretis
1638 891 1689 928 ob

233 949 360 987 aliena
384 949 537 997 delicta,
570 956 608 988 et
638 949 830 988 infamiam
861 963 881 988 e
912 949 1012 988 falsa
1041 949 1303 988 criminatione
1326 949 1417 987 mihi
1449 957 1689 990 contractam

231 1009 318 1060 plus
351 1010 479 1049 valere
507 1011 665 1049 veritate
687 1011 879 1049 duceretis
899 1018 1088 1061 oportere,
1109 1011 1260 1058 tametsi
1277 1011 1423 1049 sciretis
1443 1011 1545 1063 illam
1565 1013 1689 1051 crimi-

231 1072 427 1110 nationem
448 1074 495 1111 ab
514 1073 677 1111 inimicis
697 1073 791 1111 meis
811 1073 1023 1123 profectam
1041 1079 1080 1109 et
1107 1072 1144 1108 in
1172 1085 1233 1110 me
1252 1086 1320 1123 per
1337 1074 1447 1111 nefas
1465 1086 1551 1112 esse
1569 1075 1689 1114 intor-

231 1142 321 1172 tam.
380 1134 517 1185 Liquet
536 1135 637 1173 enim
657 1134 712 1181 iis,
749 1135 813 1186 qui
840 1133 933 1172 talia
958 1133 1117 1172 crimina
1133 1133 1375 1186 [eujusmodi
1394 1146 1440 1172 ea
1459 1141 1562 1182 sunt,
1593 1145 1689 1187 quoa

230 1209 314 1234 rum
336 1210 409 1248 ego
427 1210 516 1235 reus
536 1196 647 1247 agor]
668 1208 800 1234 revera
828 1201 1095 1247 perpetrarunt
1126 1199 1222 1248 [non
1242 1195 1482 1234 solummodo
1509 1196 1688 1236 crimina-

230 1260 334 1297 tione
354 1257 500 1307 tenus]‚
519 1257 556 1294 in
578 1257 804 1295 infitiatione
823 1257 969 1295 nullum
989 1269 1073 1295 esse
1093 1256 1310 1309 perfugium
1326 1256 1550 1308 nullamque
1569 1271 1688 1299 excu-

231 1320 432 1358 sationem.
492 1319 627 1357 Manet
646 1317 748 1355 enim
768 1330 833 1355 eos
855 1317 1080 1356 scrutinium
1103 1330 1280 1356 severum
1311 1324 1349 1355 et
1367 1317 1608 1358 formidabile
1638 1321 1687 1359 ab

230 1382 290 1428 iis,
306 1382 371 1432 qui
391 1379 597 1431 religiones
617 1393 690 1418 usu
711 1392 780 1417 suo
801 1386 933 1417 tenent
950 1393 960 1418 z
977 1379 1069 1417 mihi
1089 1393 1177 1419 vero
1193 1379 1417 1418 scrutinium
1439 1380 1478 1418 in
1499 1380 1688 1433 ejusmodi

231 1455 349 1481 causa
379 1449 440 1480 est
460 1441 799 1493 jucundissimum,
825 1442 889 1479 ubi
922 1441 972 1479 ad
1001 1441 1164 1479 salutem
1194 1440 1472 1492 impetrandam
1502 1442 1556 1479 nil
1587 1455 1687 1495 opus

229 1504 354 1541 habeo
373 1515 442 1541 vos
461 1515 597 1553 rogare
618 1509 733 1553 atque
753 1509 795 1539 ut
820 1502 858 1539 in
879 1502 946 1540 tali
965 1515 1083 1540 causa
1104 1502 1318 1554 deprecari,
1341 1501 1410 1540 sed
1439 1502 1532 1541 satis
1559 1510 1620 1542 est
1637 1505 1687 1542 ad

229 1565 390 1617 periculi
416 1564 680 1615 depulsionem
708 1572 936 1615 argumenta
955 1572 1223 1602 accusatorum
1244 1578 1267 1602 a
1293 1577 1352 1602 me
1370 1564 1538 1611 refutari,
1566 1571 1683 1618 atque

229 1629 332 1666 facta
350 1626 457 1665 vobis
482 1626 521 1663 in
547 1626 769 1664 memoriam
794 1627 977 1672 revocari,
1006 1626 1070 1677 qui
1097 1632 1380 1664 sacramentum
1400 1625 1569 1664 dixeritis
1597 1640 1684 1666 san·

228 1689 453 1735 cffissimum,
483 1688 593 1739 cujus
613 1688 662 1727 ob
683 1688 950 1726 auctoritatem
972 1687 1020 1726 de
1039 1701 1098 1725 me
1117 1688 1195 1726 sitis
1217 1686 1395 1738 suffragia
1414 1687 1541 1735 laturi,
1562 1695 1601 1727 et
1617 1689 1684 1740 qui

229 1750 321 1788 diris
335 1757 482 1788 vosmet
501 1749 570 1800 ipsi
590 1762 654 1787 ore
681 1755 809 1787 vestro
829 1749 941 1787 dictis
961 1749 1197 1799 gravissimis
1225 1749 1516 1795 obstrinxeritis,
1537 1762 1684 1801 vosque

229 1812 332 1863 ipsos
353 1819 391 1849 et
411 1811 650 1849 necessarios
679 1819 842 1855 vestros,
878 1809 949 1847 nisi
975 1810 1013 1847 in
1042 1810 1130 1861 jure
1159 1811 1206 1848 de
1240 1823 1300 1848 me
1326 1810 1498 1848 dicundo
1530 1824 1684 1863 aequum

228 1881 268 1912 et
294 1877 444 1922 justum
477 1872 704 1923 sequamini,
726 1878 988 1922 praetereaque
1019 1871 1155 1909 initiati
1188 1871 1270 1909 sitis
1303 1878 1342 1909 et
1373 1871 1534 1910 deorum
1561 1872 1680 1911 sacris

228 1935 300 1986 ipsi
332 1941 568 1986 spectatores
606 1934 879 1977 interfueritis-3
920 1933 1028 1971 vobis
1062 1934 1190 1984 itaque
1225 1934 1330 1972 facta
1359 1934 1602 1973 solummodo
1630 1936 1682 1974 ad

227 1997 450 2035 memoriam
471 1997 687 2035 revocanda
708 2003 810 2041 sunt,
834 2008 911 2046 quo
931 2009 1020 2034 cum
1047 1997 1183 2046 impios
1203 1996 1386 2047 puniatis,
1407 2003 1488 2034 tum
1508 1997 1682 2037 insontes

227 2059 435 2097 absolvatis
479 2065 594 2110 atque
633 2058 762 2096 salvos
800 2057 1006 2108 praestetis.
1066 2057 1292 2096 Existimate
1326 2058 1455 2109 itaque
1490 2059 1682 2110 flagitium

226 2120 346 2158 nihilo
366 2120 487 2157 levius
507 2133 608 2166 esse,
629 2120 659 2158 si
680 2119 855 2158 homines
887 2119 1076 2165 insontes,
1096 2119 1303 2170 impietatis
1323 2120 1377 2158 rei
1396 2120 1502 2165 facti,
1529 2133 1553 2158 a
1572 2121 1679 2159 vobis

227 2182 548 2226 condemnentur,
576 2194 690 2232 quam
722 2180 753 2219 si
784 2194 918 2219 revera
947 2180 1230 2218 contaminatos
1250 2180 1444 2230 impietate
1464 2180 1517 2218 nil
1536 2182 1679 2220 curetis

226 2243 429 2292 castigare.
487 2242 613 2285 Quare
633 2241 739 2278 vobis
761 2254 836 2291 ego
857 2242 977 2278 multo
996 2241 1111 2279 etiam
1141 2241 1278 2291 magis,
1298 2254 1412 2291 quam
1433 2251 1681 2283 accusatores

227 2303 387 2348 faciunt,
408 2303 596 2340 demando
618 2309 732 2353 atque
753 2302 890 2353 delego
911 2309 950 2340 et
977 2315 1043 2353 per
1077 2302 1168 2339 deos
1188 2316 1258 2340 vos
1286 2303 1434 2354 adjuro,
1454 2310 1533 2342 tam
1554 2318 1681 2345 sacro-

227 2378 309 2403 rum
330 2364 496 2414 ipsorum
521 2377 639 2402 causa
659 2377 745 2413 quae
768 2364 984 2414 spectasti&
1001 2376 1117 2414 quam
1138 2364 1362 2402 Graecorum
1379 2365 1443 2415 qui
1461 2366 1547 2404 festi
1565 2367 1679 2420 hujus

222 2437 319 2476 ergo
338 2426 413 2463 huc
433 2424 679 2470 conveniunt,
701 2432 756 2470 ut,
781 2425 812 2462 si
834 2425 927 2475 quid
947 2425 1105 2476 impium
1126 2438 1185 2463 me
1217 2427 1451 2465 commisisse
1471 2433 1538 2465 aut
1556 2429 1680 2468 aliena

228 2486 471 2525 convictione
498 2493 564 2524 aut
583 2495 747 2524 meamet
766 2487 886 2537 ipsius
907 2487 1152 2525 confessione
1181 2487 1407 2534 constiterit,
1429 2496 1494 2526 aut
1514 2489 1544 2527 si
1566 2503 1677 2538 quem

227 2562 300 2600 ego
332 2548 448 2586 alium
468 2548 516 2586 de
536 2547 732 2598 impietate
765 2547 984 2586 indicavero
1015 2556 1082 2586 aut
1112 2548 1208 2586 alius
1240 2562 1314 2595 me,
1335 2556 1378 2586 ut
1407 2552 1472 2587 vos
1499 2552 1565 2588 me
1596 2558 1676 2589 tum

226 2611 436 2654 occidatis;
466 2610 519 2648 nil
540 2609 751 2655 intercedo,
774 2610 823 2646 nil
846 2610 1051 2660 deprecor:
1085 2610 1142 2647 sin
1170 2617 1297 2647 autem
1330 2609 1423 2647 nihil
1454 2610 1677 2661 hujusmodi

224 2672 392 2723 peceavi,
413 2679 452 2711 et
473 2685 541 2711 vos
561 2671 677 2722 hujus
698 2671 747 2708 rei
767 2671 819 2708 ita
840 2671 912 2708 feci
933 2677 1060 2709 certos
1083 2679 1123 2709 ut
1142 2671 1303 2709 dubium
1325 2670 1470 2708 nullum
1492 2673 1675 2723 supersit,

227 2741 309 2771 tum
340 2747 435 2785 rogo
464 2747 547 2780 vos,
571 2740 621 2770 :ut
654 2733 703 2771 ad
735 2732 896 2770 Graecos
930 2746 1066 2771 omnes
1102 2739 1286 2771 testatum
1316 2733 1480 2779 faciatis,
1517 2746 1578 2772 me
1611 2739 1678 2786 per

227 2794 338 2833 nefas
368 2796 406 2832 in
431 2796 505 2834 hoc
537 2801 730 2834 certamen
766 2795 983 2846 conjectum
1011 2807 1107 2833 esse.
1165 2795 1330 2833 Facietis
1369 2801 1496 2833 autem
1531 2795 1570 2833 id
1601 2795 1676 2834 hoc

227 2856 343 2894 modo
363 2863 558 2903 testatum,
580 2857 611 2895 si
632 2856 855 2908 Cephisium
876 2856 1066 2895 damnetis
1086 2870 1095 2893 ε
1116 2856 1319 2907 Cephisius
1337 2857 1453 2902 enim,
1475 2857 1539 2909 qui
1559 2857 1677 2896 actio-

227 2930 313 2956 nem
353 2918 592 2957 iudicationis
623 2919 724 2957 hanc
755 2918 791 2956 in
823 2931 882 2956 mc
914 2917 1090 2962 intendit,
1125 2918 1154 2955 si
1193 2918 1362 2967 quintam
1403 2918 1672 2969 suffragiorum
