1822 3219
518 111 744 149 CONTRA
778 91 1129 148 ANDociDEM.
1476 111 1550 147 185

108 218 146 267 [e
178 217 435 267 navigatione,
465 230 551 267 quae
581 218 650 268 ipsi
682 217 812 255 ordine
843 224 1057 267 temporum
1088 217 1259 254 secunda
1293 216 1380 264 fuit]
1416 216 1557 254 relatus

105 278 205 315 hanc
224 278 261 315 in
277 280 407 316 urbem
428 278 662 323 Andocides,
677 278 756 329 jam
787 278 965 316 restituta
995 277 1230 328 gaudentem
1250 277 1424 315 libertate
1450 279 1560 328 [qua-

101 338 388 390 dringentorum
417 339 616 391 tyrannide
638 339 805 388 sublata]
827 345 1008 391 prytanas
1030 338 1295 388 largitionibus
1315 340 1492 389 corrupit,
1515 346 1558 376 ut

105 413 145 438 se
169 401 246 438 huc
275 401 322 438 ad
351 400 574 438 concionem
604 400 860 450 producerent
890 414 976 438 cum
1003 412 1124 450 eaque
1151 399 1290 449 agendi
1316 400 1462 436 veniam
1489 400 1557 437 da-

103 470 206 500 rent:
234 475 302 499 vos
324 469 451 499 autern
473 475 549 498 non
571 462 814 500 solummodo
835 461 1114 499 restitutionem
1138 461 1175 498 in
1195 462 1383 511 integrum
1407 462 1558 509 roganti

103 523 335 574 denegastis,
353 522 419 560 sed
436 523 527 559 urbe
543 536 695 573 quoque
711 536 797 560 eum
814 523 998 561 excedere
1010 522 1194 574 jussistis,
1209 522 1383 573 quojura
1399 521 1557 559 deorum

102 585 192 636 ipsis
212 584 478 627 confirmastis,
499 583 605 633 leges
633 597 697 622 eas
719 584 935 622 exercendo
957 585 1096 634 quibus
1120 583 1184 620 illa
1200 583 1287 633 jura
1305 583 1398 633 ipsis
1425 582 1556 620 decre-

103 643 240 683 veratis
271 650 383 695 atque
414 646 643 694 receperatis
675 645 832 682 tuenda.
891 644 958 682 Sic
983 644 1090 681 nulla
1120 644 1240 681 virum
1273 644 1377 681 hunc
1407 644 1556 688 civitas,

101 718 224 756 neque
238 705 323 756 jure
345 706 519 756 gaudens
540 706 640 743 civili
659 720 772 757 aequo
793 713 831 744 et
850 706 1026 744 omnibus
1048 706 1256 753 communi,
1272 719 1397 757 neque
1417 718 1556 756 parens

100 767 362 818 optimatibus,
386 780 513 817 neque
537 767 711 818 tyrannis
739 769 923 813 serviens,
943 781 1031 805 eum
1057 768 1226 818 recipere
1258 768 1373 805 certis
1403 766 1556 817 quidem

99 836 216 880 atque
241 829 444 867 stabilibus
465 829 586 867 voluit
609 830 786 873 sedibus:
820 830 888 867 sed
910 843 956 867 ex
976 843 1051 880 quo
1071 830 1266 880 impietate
1287 842 1380 880 erga
1398 829 1557 866 deorum

97 891 256 929 numina
281 904 322 929 se
350 890 502 942 polluit,
529 891 642 928 vitam
674 897 713 927 et
739 891 818 941 egit
843 904 990 941 semper
1015 898 1054 928 et
1081 891 1209 929 adhuc
1237 891 1316 941 agit
1341 890 1557 935 erraticam,

98 966 252 1003 quoquo
270 953 442 990 locorum
461 953 603 998 veniat,
621 953 762 1003 ignotis
783 953 904 1002 magis
923 953 1048 990 fidens
1070 966 1182 1004 quam
1203 953 1379 991 familiari
1399 965 1469 989 usu
1490 964 1556 989 co-

100 1014 238 1063 gnitis;
267 1014 338 1051 hos
357 1014 454 1051 enim
476 1013 675 1051 fraudibus
696 1013 972 1051 circumvenire
994 1014 1093 1051 solet
1112 1013 1334 1064 injuriisque
1355 1014 1556 1051 lacessere.

101 1074 229 1121 Nunc,
249 1074 289 1112 id
316 1074 422 1125 quod
450 1074 697 1122 novissimum
729 1080 799 1118 est,
820 1074 955 1111 iterum
982 1074 1139 1112 domum
1167 1087 1343 1112 reversus
1370 1074 1428 1112 bis
1457 1074 1557 1112 intra

99 1136 189 1173 anni
212 1135 385 1187 ejusdem
402 1135 568 1186 spatium
584 1135 770 1186 illegitimi
791 1135 828 1172 in
851 1136 982 1173 urbem
1001 1135 1162 1187 patriam
1179 1143 1218 1173 et
1238 1149 1260 1174 a
1275 1135 1422 1186 legibus
1440 1136 1558 1173 inter-

99 1197 193 1235 dicti
216 1196 360 1234 reditus
387 1210 475 1234 reus
503 1197 641 1241 factus,
668 1209 808 1246 corpus
833 1197 985 1246 quidem
1014 1210 1124 1234 suum
1145 1197 1252 1234 videt
1276 1196 1418 1234 carceri
1449 1210 1558 1247 paene

95 1265 282 1309 perpetuo
310 1258 533 1302 obnoxium,
560 1257 735 1294 fortunas
763 1265 892 1294 autem
920 1270 943 1294 a
967 1257 1219 1295 certaminum
1249 1257 1458 1295 forensium
1486 1257 1558 1295 sibi

96 1319 366 1356 adeundorum
411 1318 616 1356 crebritate
657 1324 774 1368 atque
812 1317 1078 1368 magnitudine
1114 1318 1236 1356 indies
1276 1318 1557 1357 decrescentes.

94 1380 216 1430 Atqui
234 1380 409 1418 fortunas
431 1392 519 1417 suas
538 1379 637 1416 inter
657 1379 830 1416 inimicos
851 1386 966 1429 atque
987 1379 1143 1417 rabulas
1164 1379 1229 1429 qui
1250 1379 1400 1424 diribat‚
1420 1380 1449 1417 is
1471 1394 1557 1418 vere

95 1442 246 1480 dicatur
270 1442 350 1493 ipse
377 1441 447 1479 sibi
468 1441 584 1478 vitam
611 1441 738 1479 facere
766 1441 871 1479 haud
892 1442 1061 1480 vitalem.
1117 1442 1261 1479 Verum
1281 1443 1381 1481 hanc
1406 1452 1450 1480 ut
1475 1444 1556 1494 ipse

96 1504 168 1542 sibi
187 1510 337 1556 pestem
356 1503 462 1541 velut
483 1502 706 1540 meditando
735 1503 972 1554 excogitaret
1000 1509 1113 1554 atque
1141 1503 1405 1541 conscisceret
1424 1505 1557 1543 Ando-

94 1565 216 1611 cides,
235 1578 311 1603 non
332 1578 378 1603 eo
399 1564 494 1602 deus
517 1563 643 1614 ipsum
670 1564 835 1614 induxit,
855 1577 932 1614 quo
960 1564 1107 1602 salvum
1129 1571 1169 1602 et
1188 1565 1370 1615 sospitem
1398 1578 1554 1604 conser-

93 1635 214 1674 varet,
241 1629 313 1667 sed
341 1641 418 1679 quo
445 1628 568 1677 poenis
597 1627 881 1678 sacrilegiorum
913 1629 960 1665 ab
982 1642 1027 1666 eo
1053 1629 1342 1667 commissorum
1371 1630 1459 1667 olim
1487 1631 1554 1668 ali-

94 1689 250 1739 quando
280 1688 476 1739 exigendis
501 1695 725 1726 reservaret.
783 1689 962 1740 Denique
988 1689 1090 1727 ultro
1114 1690 1195 1741 ipse
1223 1698 1345 1728 semet
1367 1704 1467 1729 nunc
1488 1705 1553 1730 ve-
1576 1735 1578 1738 v

95 1758 194 1788 stras
214 1751 252 1787 in
272 1763 407 1788 manus
428 1750 586 1788 tradidit
606 1739 807 1801 vestroque
831 1751 1002 1801 permisit
1027 1751 1193 1797 arbitrio,
1214 1765 1290 1789 non
1312 1766 1388 1802 quo
1410 1753 1553 1792 nullius

94 1812 165 1850 sibi
199 1812 325 1863 culpae
353 1813 533 1850 conscius
562 1819 678 1857 esset,
705 1812 774 1850 sed
799 1826 821 1850 a
846 1812 973 1850 divina
999 1813 1167 1863 quadam
1196 1814 1427 1853 necessitate
1448 1815 1554 1853 velut

92 1874 250 1912 verbere
269 1880 393 1911 actus.
429 1873 558 1917 Quare
577 1880 747 1911 vestrum
765 1886 850 1911 esse
869 1887 1102 1924 quenquam,
1116 1874 1385 1919 Athenienses,
1408 1877 1460 1913 ita
1480 1890 1556 1914 me-

95 1934 180 1973 dius
201 1934 328 1980 fidius,
347 1934 450 1972 haud
471 1934 664 1979 convenit,
685 1935 763 1972 sive
781 1935 908 1972 senior
927 1943 985 1973 est
1006 1935 1082 1973 sive
1099 1936 1241 1986 junior,
1260 1936 1337 1986 qui,
1359 1946 1551 1975 servatum

92 2002 149 2034 tot
175 2009 196 2033 e
225 1995 404 2047 periculis
434 2008 595 2033 cernens
626 1995 881 2042 Andocidem,
903 1997 964 2034 cui
993 2003 1051 2034 tot
1075 1997 1262 2034 scelerum
1289 1998 1337 2034 sit
1360 1999 1552 2045 conscius,

90 2056 179 2095 ideo
199 2057 248 2095 ad
270 2063 534 2108 contemptum
557 2056 723 2095 numinis
751 2057 913 2095 deorum
936 2058 1178 2109 impellatur:
1209 2060 1381 2109 cogitato
1407 2061 1551 2110 potius,

89 2118 246 2157 dimidio
265 2118 418 2157 brevius
438 2118 525 2156 vitae
545 2118 712 2156 stadium
732 2118 884 2169 placide
901 2125 940 2156 et
953 2120 1128 2170 jucunde
1145 2120 1294 2157 decurri
1316 2121 1433 2158 satius
1451 2135 1549 2168 esse,

90 2192 206 2230 quam
234 2179 355 2230 duplo
379 2180 534 2230 longius
554 2179 592 2216 in
613 2180 810 2231 perpetuis
831 2180 1014 2218 molestiis
1034 2187 1149 2231 atque
1171 2182 1464 2232 aegritudinibus
1484 2196 1550 2221 ex—

92 2240 190 2278 trahi
209 2253 218 2283 ;
246 2240 358 2290 quale
378 2240 471 2290 quid
492 2240 581 2278 huic
600 2240 792 2278 Andocidi
814 2241 987 2291 contigit.

145 2305 182 2341 5.
213 2303 265 2340 At
282 2303 346 2340 ille
365 2303 610 2340 nihilominus
632 2311 762 2340 tamen
783 2315 829 2341 eo
848 2304 1038 2353 processit
1058 2303 1246 2348 audaciae,
1265 2312 1307 2342 ut
1328 2318 1447 2356 remp.
1470 2306 1549 2344 suis

91 2364 268 2402 manibus
284 2376 460 2401 eversum
480 2371 594 2414 atque
614 2364 807 2415 perditum
829 2371 914 2402 eat:
944 2378 1004 2403 res
1020 2365 1100 2415 agit
1118 2366 1263 2411 civiles,
1284 2368 1545 2411 concionatur,

92 2425 185 2463 alios
209 2426 381 2475 increpat
405 2425 616 2462 honoribus
643 2424 862 2474 fungentes,
885 2425 978 2463 alios
998 2426 1187 2464 honorum
1208 2428 1436 2466 candidatos
1456 2442 1547 2465 cen-

94 2498 191 2522 surae
212 2499 292 2524 suae
314 2486 517 2523 severitate
536 2485 732 2528 excludit;
764 2486 801 2522 in
825 2494 1001 2524 senatum
1020 2488 1247 2539 irrumpens,
1269 2489 1316 2527 de
1336 2490 1546 2535 sacrificiis,

95 2546 140 2584 de
154 2547 567 2598 supplicationibus‚de
576 2547 672 2584 votis
684 2547 837 2597 publice
850 2549 1127 2599 concipiendis,
1143 2550 1191 2587 de
1207 2550 1372 2587 oraculis
1387 2551 1546 2588 deorum

95 2608 340 2646 consulendis
364 2615 480 2659 atque
506 2608 812 2659 interpretandis,
838 2617 972 2648 auctor
1002 2611 1043 2648 fit
1071 2612 1358 2648 sententiarum.
1428 2612 1547 2663 Atqui

96 2669 403 2708 obsecundantes
422 2670 514 2708 huic
533 2682 600 2707 vos
620 2669 816 2707 eccuinam
840 2671 906 2708 uni
929 2672 1088 2709 deorum
1113 2672 1273 2721 speratis
1295 2685 1373 2709 rem
1395 2681 1545 2722 gratam

93 2729 289 2768 facturos?
322 2731 454 2768 Nolim
473 2731 573 2768 enim
594 2743 663 2768 vos
684 2731 844 2781 opinari,
860 2732 1029 2783 judices,
1053 2733 1083 2769 si
1107 2745 1172 2770 vos
1194 2732 1364 2771 facinora
1383 2746 1544 2772 consce-

92 2790 202 2828 lerati
231 2790 344 2841 hujus
374 2791 536 2830 hominis
569 2792 740 2830 oblivisci
759 2793 896 2837 velitis,
928 2793 1016 2830 ideo
1048 2792 1143 2830 deos
1176 2806 1331 2844 quoque
1359 2795 1543 2834 oblituros

91 2866 187 2892 esse.
232 2852 321 2891 Non
339 2859 464 2892 autem
485 2854 577 2892 satis
597 2854 714 2892 habet
733 2853 837 2892 domi
856 2862 1010 2892 aetatem
1032 2855 1170 2906 degere
1191 2857 1397 2907 tranquillo
1419 2865 1457 2895 et
1477 2859 1543 2896 ob-

785 2918 805 2951 Q
830 2928 855 2952 B
