1822 3219
469 129 576 168 PRO
608 127 769 168 BONIS
797 128 1216 168 AR'ISTOPHANIS.
1486 132 1563 167 283

110 228 292 280 {peltastis
319 229 534 268 mercedem
558 229 731 268 nonnihil
748 228 880 267 'adhuc
907 229 1040 267 deesse
1067 229 1186 266 aiens.
1218 247 1220 249 >
1244 229 1371 266 Erant,
1387 228 1501 266 nobis
1526 228 1563 265 in

118 301 208 328 arca
229 297 374 340 septem
397 291 531 328 minae:
561 290 631 328 has
648 303 807 341 quoque.
823 296 959 328 nactus
978 288 1196 340 insumpsit.
1253 289 1424 340 Ecquem
1446 289 1561 332 enim,

113 349 280 401 judices,
305 351 372 401 qui
403 351 535 401 gloriae
562 351 615 388 ita
647 351 843 388 studiosus
876 357 980 388 esset
1009 357 1052 388 ut
1079 349 1153 387 suit
1182 349 1473 400 Aristophanes,
1500 350 1564 399 qui

116 410 244 449 literas
265 424 287 449 a
306 418 412 462 patre
432 412 710 463 [Nicophemo]
731 411 882 449 tulisset
900 424 921 448 e
943 411 1077 462 Cypro
1089 410 1238 455 missas,
1260 410 1493 448 affirmantes
1513 410 1565 448 ibi

119 470 211 508 nihil
243 470 399 515 defore·,
432 485 558 521 porro,
582 473 644 521 qui
673 480 777 509 esset
808 472 958 521 legatus
992 484 1014 509 a
1038 471 1146 509 vobis
1173 471 1396 521 designatus
1422 471 1485 521 qui
1515 472 1564 509 ad

119 529 332 580 Evagoram
354 534 500 582 [regem
523 541 598 569 tam
620 532 840 582 opulentum
862 540 939 569 tam
959 532 1170 577 liberalem,
1190 544 1212 568 a
1230 544 1307 582 quo
1329 538 1567 582 praeerogata

117 590 259 635 omnia,
280 603 367 628 cum
393 591 500 628 lucro
528 591 655 636 etiam,
674 598 775 629 esset
803 591 1111 642 recuperaturus]
1140 591 1468 641 proficisceretur3
1501 604 1564 629 ec-

117 662 244 699 quem,
258 652 426 702 inquam,
437 652 549 689 talem
565 653 789 690 existimatis
802 665 876 689 non
891 651 1038 689 loculos
1052 665 1142 688 suos
1156 664 1288 689 omnes
1301 664 1567 698 excussurum,

116 723 194 748 non
213 711 417 750 facultates
435 712 608 750 funditus
628 712 915 758 exhausturum,
937 712 1005 750 sed
1026 718 1307 750 reservaturum
1331 712 1399 750 sibi
1421 712 1566 763 aliquid

115 770 264 808 fuisse?
291 772 472 809 dubitatis
497 773 622 810 adhue
647 773 907 823 pronuntiare,
937 773 1044 810 illum
1071 773 1191 811 videri
1216 773 1344 823 potius
1370 773 1460 810 nihil
1488 786 1563 811 non

115 831 220 881 quod
245 840 377 882 posset
403 833 624 879 contulisse,
643 847 719 884 quo
749 833 908 884 gratiam
937 833 1048 872 iniret
1073 834 1174 885 apud
1196 834 1425 885 Evagoram,
1448 848 1470 872 a
1489 847 1565 884 quo

117 893 390 932 nonssminorem
404 902 507 932 esset
521 894 844 945 recuperaturus?
873 895 975 932 Vera
986 894 1070 932 haec
1083 908 1182 940 esse,
1194 907 1270 945 quo
1282 895 1387 932 vobis
1401 901 1565 940 constet,

115 952 192 991 cita
210 954 300 991 mihi
318 961 455 992 testem
476 955 692 992 Eunomum
709 954 863 1005 reliquis
883 968 968 993 cum
990 956 1165 993 testibus.

732 1055 944 1094 TESTES.

169 1125 210 1160 5.
239 1123 413 1161 Audistis
443 1136 465 1161 e
496 1125 670 1169 testibus,
699 1137 787 1162 curn
824 1124 1066 1169 affirmarent,
1099 1136 1140 1162 se
1174 1137 1252 1162 non
1284 1126 1399 1163 modo
1430 1133 1564 1176 rogatu

116 1184 387 1234 Aristophanis
407 1185 589 1234 pecunias
609 1184 831 1231 credidisse,
851 1198 983 1223 verum
1001 1186 1114 1222 etiam
1135 1198 1402 1236 recuperasse:
1434 1188 1565 1226 relatoe

112 1245 216 1282 enim
235 1251 325 1282 sunt
339 1245 430 1294 ipsis
448 1257 537 1282 cum
554 1245 697 1282 triremi
717 1245 812 1295 [illa,
833 1258 910 1295 qua
930 1245 1210 1295 Aristophanes
1231 1246 1268 1282 in
1290 1246 1463 1297 Cyprum
1482 1260 1566 1297 per-

114 1311 249 1342 vectus
277 1312 351 1351 est,
376 1305 482 1342 illine
501 1305 680 1342 Athenas
706 1300 925 1355 redeunte].
982 1305 1112 1343 Facile
1131 1313 1191 1343 est
1210 1318 1232 1344 e
1253 1305 1368 1344 dictis
1385 1307 1565 1353 collectu,

112 1365 411 1416 Aristophanem
429 1366 524 1403 nulli
541 1366 639 1416 parti
658 1366 798 1416 peculii
818 1367 877 1404 sui
895 1379 1096 1417 parsurum
1123 1366 1265 1410 fuisse;
1299 1367 1368 1405 sed
1393 1368 1565 1406 luculen-

112 1426 303 1464 tissimum
321 1427 447 1464 videte
474 1427 587 1477 hujus
619 1427 673 1464 rei
699 1434 992 1478 argumentum:
1038 1428 1184 1465 Demus
1211 1427 1441 1480 Pyrilampis
1465 1429 1564 1468 filius

112 1485 179 1522 uni
198 1487 286 1523 navi
306 1499 355 1524 ex
375 1487 450 1523 illis
469 1487 608 1524 decem
624 1486 661 1524 in
683 1486 853 1538 Cyprum
875 1488 1070 1525 mittendis
1089 1494 1251 1538 praeerat
1268 1502 1355 1526 cum
1375 1497 1566 1539 potestate

110 1546 330 1588 trierarchi;
362 1547 398 1584 iu
425 1556 612 1597 apparatu
643 1547 753 1595 hujus
786 1548 893 1586 navis
924 1561 1012 1586 cum
1042 1549 1205 1599 pecunia
1236 1549 1476 1597 deficeretur,
1504 1565 1565 1589 me

109 1607 292 1645 convenit
305 1620 459 1658 rogans,
475 1613 519 1645 ut
532 1607 829 1658 Aristophanem
841 1610 1048 1647 convenire
1065 1623 1210 1659 suoque
1225 1610 1381 1648 nomine
1395 1612 1428 1649 ei
1449 1612 1566 1662 signif

110 1667 224 1706 ficare
243 1668 394 1712 vellem,
415 1681 456 1706 se
481 1668 686 1718 [Demum]
707 1681 731 1705 a
749 1682 838 1719 rege
859 1669 1063 1707 Persarum
1084 1670 1290 1719 aliquando
1311 1671 1479 1722 phialam
1498 1687 1564 1711 au-

112 1740 216 1766 ream
234 1728 273 1765 in
294 1736 477 1767 tesseram
499 1730 718 1780 accepisse;
747 1729 846 1768 hanc
865 1730 1032 1780 phialam
1053 1743 1094 1768 se
1113 1731 1211 1769 velle
1231 1731 1480 1783 Aristophani
1501 1747 1567 1785 pro

112 1789 285 1827 sedecim
317 1790 429 1827 minis
462 1790 728 1840 oppignerare,
753 1790 786 1827 si
813 1790 1091 1841 Aristophanes
1126 1790 1198 1828 sibi
1228 1798 1380 1830 tantum
1409 1794 1564 1831 credere

112 1849 225 1893 velit;
255 1851 498 1888 constituisse
518 1851 604 1888 illas
623 1851 729 1888 XVI.
751 1851 873 1888 minas
896 1851 1000 1897 navi,
1022 1864 1138 1901 quam
1158 1851 1345 1890 ducturus
1366 1861 1478 1899 esset,
1506 1854 1564 1891 in—

113 1911 309 1950 struendae
337 1911 552 1953 insumere:
586 1912 649 1949 ubi
668 1912 833 1963 primum
851 1912 890 1949 in
911 1912 1043 1963 Cypro
1068 1911 1295 1963 appulisset,
1314 1925 1470 1963 operam
1500 1914 1565 1952 da-

111 1979 240 2010 turum
267 1979 311 2010 ut
341 1971 506 2022 phialam
535 1972 639 2010 illam
668 1973 801 2022 viginti
827 1973 940 2011 minis
965 1973 1153 2016 relueret;
1188 1973 1226 2010 in
1257 1972 1437 2012 universa
1463 1976 1564 2013 enim

109 2036 331 2074 continente
358 2036 471 2086 [Asia
497 2036 661 2085 minore]
691 2043 844 2087 propter
868 2037 969 2075 hanc
996 2044 1197 2083 tesseram,
1214 2037 1363 2088 largam
1386 2038 1456 2076 sibi
1482 2039 1563 2078 fore

111 2098 331 2148 copiam,ut
349 2095 512 2133 aliorum
529 2098 730 2143 bonorum,
747 2097 799 2135 ita
810 2110 1051 2135 nummorum
1066 2110 1234 2148 quoque.
1271 2099 1562 2150 Aristophanes,

108 2157 250 2196 auditis
275 2169 324 2194 ex
352 2169 429 2202 me,
455 2156 522 2206 qui
550 2157 794 2208 interpretem
824 2170 992 2208 agerem,
1021 2171 1108 2208 quae
1139 2158 1287 2196 Demus
1321 2172 1363 2197 se
1394 2170 1560 2210 rogaret,

109 2217 283 2268 quamvis
305 2217 417 2255 Demi
435 2230 572 2268 preces
591 2218 684 2256 meis
705 2218 935 2269 adjutarem,
947 2225 986 2256 et
1001 2219 1085 2270 ipse
1100 2227 1270 2269 pateram
1289 2233 1443 2258 auream
1456 2229 1561 2259 esset

108 2278 321 2323 habituruS,
339 2290 454 2328 quam
482 2291 612 2316 secum
640 2279 738 2316 ferre
768 2286 1038 2329 ostentareque
1057 2287 1172 2330 atque
1190 2293 1376 2332 usurpare
1403 2295 1472 2333 pro
1491 2296 1562 2320 sua

109 2340 259 2378 interim
278 2346 434 2390 posset:
464 2341 639 2390 quamvis
665 2341 830 2392 denique
857 2349 1022 2392 quatuor
1049 2343 1172 2380 minas
1191 2350 1270 2381 tam
1290 2344 1367 2382 cito
1387 2345 1561 2383 foenerari

109 2407 255 2452 posset,
281 2406 412 2438 tamen
443 2402 612 2450 negabat
644 2402 847 2452 pecuniam
879 2402 951 2439 sibi
981 2409 1154 2453 paratam
1187 2416 1288 2448 esse,
1311 2404 1559 2455 jurejurando

108 2461 207 2500 idem
241 2461 473 2498 confirmans
505 2468 620 2510 atque
653 2461 801 2499 addens
829 2462 926 2506 haee,
954 2462 1185 2513 hospitibus,
1205 2464 1391 2515 [Cypriis]
1424 2472 1562 2515 praeter

107 2521 202 2558 illud
222 2534 293 2565 aes,
311 2521 416 2570 quod
435 2520 516 2571 ipse
536 2521 776 2567 credidisset,
803 2534 963 2560 necesse
988 2523 1112 2562 fui-sse
1137 2524 1241 2561 aliud
1268 2525 1423 2574 insuper
1450 2538 1558 2575 quae-

107 2593 188 2620 rere
204 2594 214 2623 ;
245 2594 337 2619 nam
351 2581 447 2619 alias
465 2594 505 2619 se
523 2581 702 2620 libentius
720 2595 836 2632 quam
855 2582 977 2621 ullum
996 2584 1112 2621 alium
1132 2585 1345 2622 mortalium
1366 2585 1556 2633 facturum

106 2642 242 2687 fuisse,
261 2648 307 2679 ut
332 2649 370 2680 et
399 2646 532 2692 patera
558 2656 672 2681 aurea
700 2644 886 2694 potiretur
911 2651 951 2682 et
977 2646 1105 2683 studio
1135 2645 1387 2695 precibusque
1416 2648 1557 2693 nostris

108 2701 316 2741 inserviret.
371 2703 477 2741 Vera
492 2703 579 2742 haec
597 2716 682 2742 esse
702 2710 823 2743 testes
840 2706 1123 2743 confirmabunt
1141 2717 1164 2742 a
1181 2717 1241 2742 me
1261 2705 1515 2756 producendi.
1554 2732 1556 2736 s

722 2808 936 2847 TESTES.

109 2875 167 2913 Ex
194 2873 252 2912 his
280 2886 367 2923 quae
387 2881 425 2912 et
444 2887 466 2919 a
485 2849 543 2912 me
563 2875 664 2914 dicta
685 2884 723 2914 et
743 2890 791 2915 ex
814 2877 870 2921 his
891 2876 1050 2921 testibus
1071 2876 1427 2929 audistis,judices,
1445 2872 1557 2922 facile
