1822 3219
414 129 489 166 DE
520 127 844 166 AFFECTATA
874 124 1214 168 TYRANNIDE.
1458 132 1535 169 :319

90 242 138 268 ne
157 229 305 273 sinatis,
332 240 447 279 quam
478 228 584 267 nullo
613 228 757 267 scelere
776 227 981 279 obligatos,
1000 240 1047 265 ne
1067 228 1209 274 dicam,
1232 231 1331 268 bene
1358 231 1405 269 de
1433 232 1542 270 vobis

89 291 256 328 meritos.

143 352 183 388 2.
213 350 378 388 Sceleris
409 356 536 388 autem
571 349 714 386 nullius
744 362 806 387 me
837 362 944 387 reum
975 361 1074 393 esse,
1114 362 1295 399 magnum
1328 351 1401 389 hoc
1434 353 1542 390 vobis

94 418 177 449 esto
197 417 311 460 atque
331 422 445 459 grave
464 409 766 447 documentum:
795 408 919 458 ipsum
947 416 1089 447 memet
1106 409 1137 446 si
1164 409 1332 447 criminis
1351 412 1543 450 commissi

94 476 340 509 accusatores
364 481 573 519 coarguere
602 475 776 519 possent,
808 482 885 507 non
914 470 1088 520 profecto
1115 482 1175 507 me
1206 483 1310 508 nunc
1339 471 1389 508 ob
1415 478 1546 521 tyran-

95 543 228 568 norum
261 530 407 568 scelera
438 529 687 580 postularent,
718 542 843 580 neque
869 541 910 567 se
942 530 1082 568 decere
1111 537 1293 581 putarent
1318 532 1367 568 ob
1397 531 1546 570 illorum

95 591 265 628 facinora
278 590 374 627 alios
390 590 438 626 ab
453 589 528 627 illis
547 589 779 628 facinoribus
799 589 1119 640 disjunctissimos
1137 591 1338 637 criminari,
1354 591 1419 629 sed
1443 592 1548 642 ipsos

95 650 332 689 facinorosos
350 650 398 688 ad
419 662 551 700 poenas
567 650 741 688 dandum
757 650 911 700 adigere
927 663 936 686 :
962 649 1041 700 jam
1060 663 1151 688 vero
1173 658 1375 690 autumant
1394 653 1546 690 iracun-

96 711 213 758 diam,
240 725 316 762 qua
340 711 495 761 publice
523 711 708 749 adversus
727 718 912 761 tyrannos
931 711 1144 756 exarsistis,
1170 712 1446 750 adminiculum
1465 727 1549 751 esse

98 772 191 809 satis
223 772 402 810 idoneum
439 771 488 808 ad
524 771 620 808 alios
657 771 912 821 perdendum,
950 772 1096 809 etiamsi
1131 772 1238 809 nullo
1272 773 1444 811 facinore
1479 775 1548 812 ob-

99 832 267 871 strictos.
323 833 407 882 Ego
439 845 528 869 vero
561 831 717 881 perinde
753 832 923 882 iniquum
953 838 992 870 et
1018 833 1360 871 inconsentaneum
1389 834 1552 873 arbitror

99 906 200 939 esse,
222 893 302 931 sive
322 901 403 930 tum
423 893 580 930 fuerunt
599 893 752 943 egregie
774 893 929 942 quidam
947 893 996 929 de
1023 893 1220 943 republica
1237 895 1444 943 promeriti,
1472 909 1552 934 non

102 967 182 997 eos,
203 954 272 992 sed
291 954 400 997 alios,
419 953 580 1003 gratiam
599 953 750 991 illorum
776 953 993 991 meritorum
1013 960 1130 1003 atque
1149 953 1314 992 honores
1338 955 1452 1002 ferre,
1471 957 1552 995 sive

101 1015 205 1053 mala
237 1015 394 1065 quidam
427 1014 532 1052 vobis
564 1021 645 1051 tum
685 1027 904 1064 magnaque
933 1021 972 1052 et
1002 1014 1124 1052 multa
1154 1015 1387 1062 conscivere,
1417 1030 1554 1067 poenas

102 1087 233 1113 eorum
249 1088 326 1113 non
344 1075 413 1113 bos
428 1074 543 1113 vobis
556 1075 647 1112 dare
662 1087 684 1111 a
699 1074 837 1124 quibus
857 1075 923 1112 illa
940 1075 1041 1112 mala
1058 1075 1227 1124 profecta
1247 1083 1349 1122 sunt,
1368 1078 1436 1115 sed
1456 1078 1552 1116 alios

103 1136 245 1174 nullius
273 1135 491 1174 offensionis
510 1136 731 1186 nulliusque
758 1136 883 1173 noxiae
902 1136 1003 1174 datae
1032 1149 1129 1174 reos.
1187 1137 1353 1174 Stultum
1381 1139 1442 1185 sit,
1460 1140 1556 1189 quin.

101 1196 301 1242 furiosum,
321 1197 529 1235 amicorum
546 1197 691 1234 animos
711 1197 1029 1235 insectationibus
1048 1210 1140 1247 erga
1153 1210 1221 1234 vos
1242 1210 1265 1235 a
1283 1198 1390 1236 vobis
1404 1199 1554 1246 irritari,

103 1272 193 1297 cum
212 1259 450 1297 inimicorum
475 1259 566 1296 satis
595 1265 634 1296 et
656 1272 768 1309 super
794 1259 985 1303 habeatis,
1006 1259 1072 1308 qui
1095 1271 1164 1308 pro
1183 1271 1322 1309 magno
1351 1259 1456 1298 lucro
1477 1261 1555 1298 sint

105 1321 330 1372 reputaturi,
349 1321 519 1358 insontes
540 1320 692 1371 injustis
711 1320 911 1358 calumniis
932 1318 1116 1357 adversus
1137 1332 1206 1357 vos
1226 1320 1420 1358 concitari.

160 1384 198 1419 3.
229 1382 282 1419 Ut
300 1388 427 1418 autem
456 1388 585 1418 notam
611 1382 788 1426 teneatis,
805 1380 974 1431 judices,
998 1393 1076 1429 qua
1108 1386 1238 1418 sontes
1266 1381 1312 1419 ab
1340 1381 1555 1420 insontibus

106 1443 217 1481 facile
244 1442 535 1492 dignoscantur,
564 1441 711 1479 docebo
730 1454 810 1487 vos,
837 1453 1026 1492 quosnam
1054 1440 1156 1478 cives
1181 1447 1481 1480 consentaneum
1507 1444 1556 1481 sit

109 1516 319 1554 paucorum
341 1503 592 1553 principatum
611 1506 804 1553 appetere,
824 1509 864 1540 et
884 1514 1011 1539 rursus
1031 1514 1220 1551 quosnam
1240 1502 1414 1553 populari
1443 1504 1556 1542 liber-

107 1572 184 1602 tate
209 1565 405 1602 delectari.
463 1564 526 1602 Sic
551 1563 650 1601 enim
680 1571 719 1601 et
735 1576 803 1600 vos
833 1569 975 1601 statum
995 1575 1123 1600 causae
1153 1563 1288 1601 melius
1307 1564 1558 1615 perspicietis,

109 1638 256 1676 egoque
285 1625 359 1663 hoc
390 1625 540 1662 facilius
570 1632 686 1675 atque
713 1625 854 1662 certius
885 1624 957 1662 hac
987 1624 1210 1662 defensione
1240 1639 1326 1664 mea
1355 1626 1560 1677 defungar,

109 1687 453 1732 demonstraturus,
474 1699 495 1723 e
520 1686 689 1723 moribus
719 1692 833 1735 atque
852 1685 1035 1722 institutis
1056 1686 1149 1723 meis
1173 1686 1205 1723 si
1230 1686 1287 1724 fas
1314 1687 1377 1731 sit,
1395 1687 1431 1724 id
1455 1688 1561 1738 quod

110 1761 196 1786 esse
210 1748 337 1798 palam
354 1753 430 1791 est,
447 1746 561 1783 animi
582 1747 654 1783 mei
670 1758 762 1796 erga
781 1746 932 1796 plebem
951 1752 1120 1783 vestram
1148 1745 1320 1785 habitum
1336 1747 1480 1798 colligi,
1495 1761 1561 1786 eos

110 1808 232 1846 fuisse
252 1819 358 1844 meos
383 1806 422 1843 in
443 1813 602 1856 utraque
625 1812 763 1843 vestrae
790 1805 1011 1856 reipublicae
1032 1805 1184 1843 fortuna
1210 1819 1335 1844 mores
1356 1820 1476 1857 eaque
1502 1809 1561 1846 in-

111 1869 256 1914 stituta,
276 1874 320 1905 ut
340 1866 505 1917 suspicio
525 1874 639 1917 atque
659 1866 813 1903 infamia
834 1866 948 1903 animi
966 1879 1058 1916 erga
1077 1867 1231 1916 plebem
1246 1875 1412 1906 vestram
1432 1870 1563 1908 infesti

112 1942 137 1967 a
164 1942 225 1966 me
252 1929 393 1966 debeat
411 1940 499 1965 esse
520 1927 764 1965 alienissima.
821 1927 988 1964 Primum
1015 1927 1145 1977 itaque
1170 1928 1244 1965 hoc
1267 1930 1401 1967 vestris
1427 1931 1562 1968 animis

111 1989 501 2041 proponite,judices‚
517 1989 705 2026 neminem
722 2001 821 2033 esse,
835 1988 900 2038 qui
915 2001 1079 2026 nascens
1095 2001 1223 2026 secum
1242 1989 1278 2026 in
1296 1990 1407 2027 vitam
1425 1991 1563 2029 inferat

113 2052 280 2089 animum
308 2057 374 2087 aut
393 2063 601 2100 paucorum
629 2049 840 2087 dominatui
870 2048 1042 2086 deditum
1067 2057 1134 2087 aut
1159 2051 1352 2100 popularis
1379 2051 1565 2089 libertatis

115 2112 345 2156 studiosum,
365 2111 434 2148 sed
456 2117 570 2160 prout
588 2110 726 2160 cuique
755 2110 878 2147 forma
898 2123 1063 2160 quaeque
1080 2111 1367 2159 gubernationis
1391 2112 1562 2163 prodest,

114 2174 167 2211 ita
185 2185 373 2223 quemque
393 2184 478 2209 eam
499 2172 746 2209 constitutam
766 2171 865 2208 velle
882 2183 892 2208 t
924 2171 962 2207 in
981 2171 1087 2215 vobis
1105 2171 1249 2222 itaque,
1271 2172 1438 2223 judices,
1456 2173 1564 2211 haud

117 2234 316 2270 minimum
337 2239 395 2269 est
415 2232 540 2277 situm,
563 2231 592 2269 si
613 2238 739 2269 vestra
758 2231 930 2276 interest,
951 2244 1018 2268 vos
1038 2231 1206 2269 studium
1226 2239 1342 2282 atque
1363 2233 1563 2272 caritatem

117 2295 200 2344 ejus
232 2292 516 2330 constitutionis
552 2305 639 2342 quae
674 2305 777 2329 nunc
814 2293 962 2329 obtinet
993 2304 1109 2341 quam
1140 2292 1390 2342 plurimorum
1427 2295 1564 2332 animis

118 2355 286 2405 injicere.
343 2354 455 2397 Quae,
476 2360 520 2390 ut
538 2354 707 2403 disputo,
726 2354 779 2391 ita
798 2367 898 2399 esse,
916 2353 1096 2391 facillime
1110 2366 1177 2391 vos
1197 2368 1217 2392 e
1237 2355 1419 2393 memoria
1438 2369 1563 2393 rerum

120 2415 359 2465 superiorum
390 2413 594 2463 colligatis.
650 2414 832 2464 Spectate
858 2414 987 2460 modo,
1005 2414 1174 2464 judices,
1200 2417 1397 2454 ambarum
1423 2417 1564 2454 consti-

120 2475 312 2513 tutionum
341 2473 531 2525 principes
561 2475 712 2525 quoties
740 2475 906 2512 animum
936 2475 1131 2513 mutarint.
1200 2476 1290 2514 Non
1321 2477 1563 2527 Phrynichus

119 2544 235 2586 atque
266 2534 452 2572 Pisander
481 2534 618 2585 aliique
650 2535 759 2572 istius
779 2536 943 2581 familiae,
969 2549 1065 2586 quos
1095 2549 1164 2587 par
1192 2544 1274 2574 erat
1292 2544 1418 2586 partes
1443 2538 1563 2587 plebis

116 2596 215 2634 tueri
231 2598 340 2644 cujus
353 2595 529 2633 advocati
549 2603 679 2633 essent
698 2597 910 2643 constituti,
923 2604 1066 2641 tamen,
1086 2612 1108 2635 a
1123 2598 1355 2635 conscientia
1374 2598 1564 2636 scelerum

120 2655 301 2705 exagitati
319 2668 405 2704 quae
430 2657 552 2694 multa
571 2663 608 2694 et
631 2656 799 2695 enormia
819 2659 1101 2701 commiserant,
1124 2670 1248 2706 eoque
1274 2658 1498 2695 metuebant
1514 2672 1564 2697 ne

120 2729 244 2768 poenae
264 2728 395 2753 eorum
414 2717 485 2754 sibi
505 2724 633 2756 essent
652 2718 805 2764 dandae,
823 2719 985 2770 priorem
1015 2718 1259 2767 oligarchiam
1281 2718 1562 2757 condiderunt?

122 2790 199 2815 non
215 2777 253 2813 in
273 2775 648 2826 Quadringentorum
665 2792 824 2817 numero
845 2779 949 2817 fuere
977 2778 1098 2824 multi,
1120 2778 1183 2828 qui
1202 2778 1446 2827 postmodum
1467 2779 1565 2818 inter
1620 2811 1624 2817 ,

122 2837 290 2887 reliquos
309 2835 458 2874 exsules
478 2849 500 2874 e
513 2837 660 2876 Piraeeo
677 2839 715 2876 in
733 2840 862 2877 urbem
880 2836 1100 2876 redierunt?
1129 2850 1204 2874 non
1225 2850 1368 2885 eorum,
1382 2852 1405 2877 a
1424 2839 1563 2889 quibus
