1822 3219
454 128 526 165 DE
556 127 716 164 BONIS
748 124 975 165 FRATRIS
1008 125 1186 161 NICIAE.
1465 128 1541 164 277

98 228 340 273 funestioreS,
360 240 489 276 quam,
511 227 543 264 si
563 227 640 264 sint
662 225 723 262 alii
742 225 808 274 qui
826 225 930 261 bona
948 223 1074 261 aliena
1093 225 1379 274 concupiscant,
1398 226 1460 264 alii
1483 227 1549 276 qui

99 289 208 326 bonis
229 288 306 325 suis
325 300 394 339 per
413 288 486 324 vim
505 293 543 323 et
561 286 670 323 nefas
690 291 922 322 evertantur.
979 284 1060 333 Ipsi
1079 296 1146 320 vos
1164 284 1218 320 ita
1238 286 1410 322 sensistis
1436 293 1550 335 atque

100 347 302 391 statuistis,
322 353 464 384 rectam
493 346 613 384 secuti
638 345 839 391 rationem,
866 357 953 381 cum
975 357 998 382 a
1022 344 1146 381 reditu
1171 344 1210 380 in
1236 345 1398 393 patriam
1424 347 1550 384 adhuc

100 410 233 448 essetis
263 416 461 447 recentes:
491 415 599 446 erant
624 409 722 445 enim
745 414 827 443 tum
850 406 957 443 vobis
985 406 1111 443 adhuc
1136 406 1174 442 in
1202 411 1353 442 recente
1372 408 1550 445 memoria

100 471 231 508 clades
250 476 388 507 vestrae
409 469 646 518 superiores:
677 474 720 504 ut
734 467 849 516 igitur
866 467 902 503 in
920 466 1161 504 concordiam
1182 466 1419 503 coalesceret
1439 473 1553 515 atque

101 531 150 568 ad
178 543 310 581 pacem
336 530 477 568 rediret
498 528 644 573 civitas,
665 527 786 577 magis
808 534 888 564 tum
910 528 947 564 in
967 528 1064 565 votis
1083 526 1285 564 habebatis
1306 538 1427 575 eaque
1447 526 1494 563 de
1514 540 1553 564 re

101 591 193 628 deos
214 590 556 641 supplicationibus
576 589 698 638 magis
718 588 951 637 fatigabatis,
970 600 1084 637 quam
1104 595 1146 624 ut
1165 588 1298 625 civitas
1316 587 1354 623 in
1369 586 1554 623 ultionem

103 651 340 702 superiorum
360 650 579 701 injuriarum
595 661 777 687 conversa
791 661 919 685 rursus
933 648 972 684 in
988 647 1218 685 discordiam
1235 654 1348 697 atque
1368 647 1555 684 tumultus

103 719 144 749 et
163 724 267 748 arma
287 710 571 755 exardesceret,
591 722 657 760 per
685 722 773 759 quae
796 715 967 747 oratores
994 708 1239 746 ditescerent.
1296 708 1414 758 Atqui
1435 707 1557 745 multo

103 778 142 808 et
160 771 357 808 honestior
376 776 414 808 et
434 770 483 807 ad
503 770 653 807 veniam
667 770 819 820 propior
833 769 972 807 fuisset
987 769 1097 814 ultio,
1113 768 1239 806 situm
1256 768 1384 805 statim
1401 781 1423 805 a
1436 768 1558 805 reditu

103 839 232 870 vestro
253 833 290 869 in
310 832 485 882 patriam,
504 839 658 870 recente
673 831 799 869 adhuc
819 832 886 877 ira,
902 832 940 868 in
956 837 1171 869 vestrarum
1190 829 1409 880 injuriarum
1428 835 1559 866 aucto-

103 905 163 930 res
184 892 412 930 saevissetis:
442 904 545 929 nunc
566 899 693 930 autem
714 899 824 942 turpe
844 898 903 929 est
921 891 1096 941 ultraque
1111 890 1276 934 veniam,
1291 902 1361 927 vos
1382 888 1429 926 ad
1450 888 1560 925 ultio-

104 967 192 991 nem
214 954 437 1004 injuriarum
463 959 572 991 tanta
595 953 776 1004 temporis
802 953 992 1003 interjecti
1019 951 1273 989 diuturnitate
1298 949 1445 987 dudum
1465 948 1560 986 obli-

105 1020 314 1052 teratarum
345 1014 491 1051 incitari
522 1014 570 1051 ab
597 1014 640 1051 iis
666 1013 968 1063 instigatoribuS,
989 1013 1054 1062 qui
1080 1024 1168 1049 cum
1187 1010 1261 1061 ipsi
1281 1010 1319 1047 in
1339 1010 1433 1047 urbe
1453 1021 1560 1046 man-

107 1075 248 1112 sissent
277 1074 497 1124 nullamque
525 1081 671 1125 partem
703 1081 924 1125 gustassent
953 1086 1084 1111 earum
1111 1071 1373 1110 molestiarum
1399 1083 1496 1120 quas
1523 1070 1562 1107 in

106 1136 240 1172 exsilio
259 1142 385 1173 vestro
405 1149 473 1172 vos
493 1135 700 1180 tolerastis,
716 1143 845 1173 tamen
865 1147 967 1171 nunc
988 1140 1144 1184 sperant
1163 1145 1203 1169 se
1222 1132 1337 1169 fidem
1353 1131 1460 1168 vobis
1481 1143 1562 1167 suae

107 1208 199 1245 erga
216 1208 283 1232 vos
302 1195 579 1232 benevolentiae
594 1195 763 1229 facturos
778 1195 852 1228 hac
868 1207 921 1237 re,
939 1195 970 1229 si
984 1205 1053 1228 vos
1072 1191 1316 1236 defraudent,
1332 1191 1562 1240 opprimant,

106 1256 339 1299 excrucient,
361 1268 438 1291 non
467 1254 497 1290 si
524 1253 657 1288 civiles
687 1263 729 1287 se
757 1252 958 1298 bonosque
986 1257 1134 1299 gerant,
1155 1257 1364 1298 nostraque
1391 1249 1564 1286 secunda

107 1330 192 1366 quae
220 1328 324 1353 nunc
350 1320 440 1352 sunt
458 1319 632 1362 tempora
649 1311 680 1348 si
700 1316 875 1360 carpant,
896 1309 1024 1355 iidem,
1045 1309 1111 1359 qui
1131 1309 1294 1346 adversa
1313 1321 1389 1346 non
1409 1308 1564 1359 partici-

108 1383 263 1427 parunt.

165 1439 202 1474 7.
232 1437 438 1475 Publicata
465 1438 514 1475 ab
542 1437 600 1474 his
628 1438 732 1475 bona
760 1436 791 1473 si
819 1436 925 1473 salva
951 1435 1045 1486 reip.
1073 1448 1240 1480 manere,
1259 1434 1427 1483 judices,
1453 1434 1563 1483 eique

109 1500 295 1538 reservari
315 1505 352 1536 et
369 1499 518 1536 fructus
538 1511 669 1535 eorum
689 1497 738 1535 ad
758 1510 877 1547 remp.
894 1496 1016 1534 redire
1035 1496 1263 1541 videremus,
1278 1495 1565 1544 ignosceremus

109 1568 239 1598 tamen
253 1566 293 1597 et
306 1560 489 1597 ferremus
506 1572 516 1596 z
545 1572 676 1596 verum
692 1559 792 1595 enim
808 1570 899 1595 vero
920 1557 1057 1602 nostis,
1073 1557 1259 1594 bonorum
1281 1555 1564 1606 publicatorum

111 1620 187 1658 alia
205 1633 360 1671 prorsus
378 1620 502 1657 hastae
521 1632 600 1657 non
621 1619 757 1670 subjici
775 1619 843 1656 sed
863 1619 910 1655 ab
930 1618 989 1655 his
1009 1618 1112 1655 furto
1128 1618 1301 1663 subduci,
1316 1618 1390 1655 alia
1407 1616 1566 1655 sectioni

110 1681 263 1731 quidem
284 1680 418 1731 subjici
438 1686 713 1723 verumtamen,
732 1679 862 1729 magni
881 1691 969 1716 cum
990 1679 1067 1715 sint
1084 1677 1238 1723 valoris,
1256 1678 1431 1715 teruncio
1452 1676 1567 1714 vendi

110 1740 401 1791 pauxillumque
419 1740 514 1776 illud
535 1739 622 1776 aeris
642 1753 662 1776 e
684 1739 900 1776 venditione
921 1738 1116 1775 redeuntis
1138 1737 1343 1774 interverti.
1400 1736 1517 1778 Quod
1535 1736 1567 1773 si

111 1814 204 1852 ergo
222 1813 366 1838 morem
384 1799 475 1836 mihi
495 1800 637 1849 geratis
656 1799 836 1848 bonaque
856 1805 989 1836 nostra
1008 1798 1140 1835 sinatis
1160 1811 1278 1848 penes
1298 1810 1369 1834 nos
1394 1798 1429 1833 in
1457 1803 1566 1847 pote-

111 1868 211 1899 state
231 1868 364 1898 nostra
383 1873 548 1905 manere,
570 1861 719 1897 fructus
740 1859 828 1897 inde
848 1859 986 1896 redibit
1010 1859 1060 1895 ad
1082 1871 1148 1896 vos
1168 1858 1272 1895 haud
1293 1858 1429 1902 minor,
1450 1870 1568 1907 quam

112 1923 162 1959 ad
181 1934 250 1959 nos
269 1921 374 1972 ipsos
394 1921 460 1971 qui
478 1921 616 1958 erimus
636 1920 792 1958 domini.
849 1920 1100 1956 Diomnestus
1121 1931 1269 1968 egoque
1288 1925 1325 1955 et
1341 1918 1470 1962 frater,
1491 1926 1567 1955 tres

112 1995 201 2020 cum
221 1982 351 2026 simus,
373 1994 486 2018 unam
505 1994 749 2018 communem
770 1987 947 2030 gerentes
967 1993 1047 2017 rem
1068 1979 1305 2022 familiarem,
1326 1992 1373 2015 ex
1394 1979 1468 2016 hac
1490 1992 1569 2016 una

112 2055 152 2079 re
172 2041 347 2079 familiari
366 2048 538 2091 sumptus
558 2041 684 2079 adhuc
703 2041 933 2091 sumpsimus
955 2040 1074 2077 tribus
1095 2039 1407 2077 trierarchatibus
1435 2052 1568 2076 neces-

114 2102 236 2140 sarios
253 2116 261 2144 ;
293 2109 465 2139 nostrum
485 2102 584 2139 enim
600 2102 762 2152 quisque
782 2101 978 2139 trierarchi
997 2113 1154 2138 munere
1174 2101 1301 2138 adhue
1314 2101 1470 2138 functus
1486 2106 1569 2138 est:

113 2175 242 2199 verum
261 2162 327 2200 illa
347 2163 565 2200 substantia
584 2163 695 2200 nobis
717 2162 910 2212 adempta,
933 2174 1047 2199 nemo
1066 2168 1237 2199 nostrum
1257 2161 1328 2198 erit
1346 2163 1411 2212 qui
1436 2168 1571 2212 postea

114 2223 364 2260 trierarchatu
377 2223 573 2273 fungatur.
628 2222 714 2260 Pari
727 2222 841 2259 modo
858 2222 950 2272 reip.
968 2222 1218 2272 pecuniarum
1231 2222 1361 2272 egenti
1374 2235 1419 2259 ex
1435 2222 1569 2259 eadem

115 2283 290 2332 quamvis
319 2283 474 2320 modica
502 2283 717 2322 substantia
746 2290 785 2320 et
814 2282 1047 2319 contulimus
1086 2282 1224 2327 adhuc,
1256 2289 1294 2319 et
1327 2283 1570 2320 conferemus

112 2358 227 2395 porro
248 2344 279 2381 si
301 2345 407 2381 salva
427 2345 536 2382 nobis
555 2351 722 2382 maneat.
779 2344 932 2381 Parcite
954 2357 1046 2393 ergo
1065 2344 1190 2388 nobis,
1212 2356 1359 2393 quaeso,
1379 2350 1423 2380 ut
1441 2343 1483 2380 iis
1504 2344 1570 2392 qui

114 2413 153 2443 et
171 2418 217 2443 eo
238 2406 356 2442 simus
378 2417 472 2454 erga
490 2417 609 2456 remp.
630 2404 769 2449 animo,
788 2411 827 2441 et
845 2404 889 2441 iis
908 2412 1060 2441 utamur
1080 2404 1301 2454 majoribus.
1360 2404 1459 2440 Nam
1482 2416 1569 2452 pro-

113 2467 409 2517 fecto,judices‚
430 2466 480 2502 nil
502 2466 626 2510 video,
648 2466 852 2516 quominus
873 2466 1042 2503 omnium
1061 2466 1278 2503 mortalium
1302 2466 1420 2503 simus
1446 2463 1568 2500 infeli-

116 2527 256 2564 cissimi
276 2533 392 2577 atque
412 2526 623 2571 miserrimi,
644 2527 674 2563 si
695 2538 779 2570 nos,
801 2538 915 2576 super
934 2526 1136 2563 orbitatem
1155 2527 1261 2564 nobis
1289 2526 1416 2563 adhuc
1443 2523 1571 2573 pueris

118 2600 141 2625 a
165 2587 306 2624 scelere
326 2587 754 2637 Trigintatyrannorum
776 2586 959 2631 oblatam,
978 2600 1083 2624 nunc
1107 2587 1237 2630 etiam,
1259 2599 1339 2635 rep.
1358 2586 1395 2621 in
1415 2583 1570 2621 liberta-

117 2655 194 2685 tem
224 2654 369 2684 asserta
395 2647 606 2697 pristinam,
632 2647 796 2684 fortunis
821 2647 1023 2697 privemur,
1053 2659 1135 2690 nos,
1166 2646 1302 2695 quibus
1327 2645 1492 2681 fortunae
1516 2644 1572 2681 in-

118 2708 317 2758 dulgentia
334 2708 408 2746 hoc
426 2709 635 2753 tribuisset,
653 2715 696 2745 ut
714 2708 880 2746 infantes
901 2709 1028 2747 adhuc
1048 2721 1115 2758 per
1131 2720 1380 2757 congressum
1397 2713 1569 2744 nostrum

119 2781 206 2807 cum
228 2769 420 2805 Pausania
437 2770 570 2818 patriae
590 2769 754 2807 salutem
770 2769 1033 2807 redderemus.
1091 2768 1227 2804 Tantae
1244 2780 1331 2804 curn
1347 2768 1423 2805 sint
1435 2768 1571 2805 laudes

120 2835 274 2872 nostrae,
297 2835 402 2866 tanta
419 2828 467 2865 de
487 2830 607 2879 patria
627 2829 773 2875 merita,
793 2842 1024 2879 ecquosnam
1054 2828 1101 2866 ad
1127 2828 1280 2877 judices
1309 2828 1486 2866 malimus
1513 2841 1569 2866 re-
