1822 3219
238 158 313 194 306
883 158 1050 196 LYSIAE

255 289 260 293 .
289 258 329 294 6.
359 257 631 295 Verumtamen
652 271 699 296 ne
727 258 809 309 ipse
829 259 983 309 quidem
1014 262 1189 312 suspicor
1209 271 1275 296 eos
1305 257 1354 295 ad
1373 258 1472 296 hanc
1504 259 1690 296 latebram

237 330 323 355 csse
344 324 538 369 receptum
563 318 767 356 >habituros
785 335 794 367 ;
825 327 864 356 at
883 320 1016 357 nescio
1045 333 1091 358 an
1115 331 1244 358 coram
1267 319 1372 356 vobis
1392 331 1559 368 quoque,
1577 323 1692 368 prout

237 378 273 414 in
296 385 432 416 senatu
453 378 640 424 fecerunt,
656 379 836 430 jactaturi
859 380 935 417 sint
955 392 1067 418 suum
1095 379 1209 418 vestri
1230 378 1398 417 studium
1419 378 1631 427 dicturique
1649 389 1691 415 se

237 439 503 477 benevolentia
519 452 612 490 erga
629 440 822 477 civitatem
838 447 945 478 actos
966 441 1198 478 frumentum
1217 439 1424 485 coemisse,
1439 451 1515 488 quo
1536 444 1694 488 possent

237 499 274 536 id
306 500 414 537 vobis
443 513 558 550 quam
591 500 774 538 vilissimo
805 501 985 538 vendere.
1043 502 1120 538 Sed
1150 513 1214 538 eos
1250 501 1286 536 in
1318 500 1392 537 hoc
1423 498 1584 542 mentiri,
1604 509 1693 535 cum

238 558 353 604 aient,
383 560 613 598 documento
638 560 792 610 planum
823 561 961 598 faciam
992 561 1174 612 imprimis
1202 561 1306 611 gravi
1334 567 1449 610 atque
1474 560 1692 610 perspicuo.

240 620 366 657 Vestri
403 621 502 658 enim
535 622 692 658 caritate
724 621 752 659 si
780 621 975 666 fecissent,
1007 623 1209 672 oportebat
1236 633 1301 658 eos
1334 620 1568 657 frumentum
1601 628 1694 656 ase

236 689 455 732 coemptum
487 682 616 732 plures
643 694 707 732 per
733 682 814 720 dies
844 683 977 720 eodem
1000 683 1120 733 pretio
1149 682 1330 726 vendere,
1351 680 1477 718 donec
1506 686 1695 730 coemptae

238 742 360 791 copiae
376 741 630 779 defecissent:
655 742 736 792 jam
748 755 839 780 vero
852 743 1085 781 medimnum
1099 756 1269 793 persaepe
1285 740 1418 779 eodem
1435 741 1496 778 die
1510 740 1698 778 drachma

239 802 366 839 carius
400 801 638 846 vendebant,-
656 803 766 852 quasi
799 803 1061 842 medimnatim
1090 805 1333 841 coemissent.
1401 801 1523 852 Cujus
1551 800 1603 838 rei
1629 813 1697 838 vos

239 861 344 912 ipsos
374 867 493 900 testes
514 861 681 912 appello.
739 862 877 900 Miram
904 862 1096 900 enimvero
1125 871 1241 913 atque
1267 861 1529 901 incredibilem
1562 860 1694 898 incon·

241 921 423 959 stantiam
444 929 558 971 atque
580 922 873 972 repugnantiam
895 922 930 959 in
947 924 1075 967 modo,
1093 936 1169 973 quo
1185 922 1222 959 hi
1244 935 1351 960 suam
1366 934 1458 972 erga
1477 933 1544 959 vos
1560 920 1697 958 volun-

240 988 373 1027 tatem,
407 982 439 1020 si
470 982 529 1019 dis
558 982 703 1032 placet,
734 982 929 1022 declarare
956 983 1211 1021 contendunt.
1267 982 1398 1025 Quum
1427 980 1698 1019 collationibus

243 1040 470 1091 pecuniariis
502 1041 746 1080 conferendis
780 1055 887 1080 amor
913 1056 1005 1094 erga
1024 1056 1092 1081 vos
1125 1043 1382 1081 declarandus
1402 1042 1491 1093 ipsis
1520 1048 1592 1087 est,
1618 1048 1699 1080 tum

242 1102 417 1140 conferre
454 1109 647 1148 recusant,
683 1110 949 1153 paupertatem
984 1110 1233 1150 excusantes,
1271 1113 1516 1153 quamquam*
1538 1101 1700 1153 gloriam

243 1163 377 1200 mereri
404 1163 460 1201 sic
484 1170 658 1213 possent,
686 1163 788 1201 fama
819 1164 1058 1202 liberalitatis
1090 1164 1140 1201 ad
1167 1164 1308 1201 multos
1336 1162 1701 1214 permanantezcui

243 1232 372 1262 autem
393 1225 542 1263 crimini
568 1224 676 1275 leges
703 1226 836 1262 mortis
863 1239 1015 1277 poenam
1047 1225 1279 1276 praefiniunt,
1307 1224 1344 1262 id
1377 1224 1519 1262 crimen
1553 1235 1703 1262 summa

242 1299 329 1323 cum
361 1285 543 1324 cautione
573 1292 688 1335 atque
716 1285 860 1323 latendi
890 1286 1090 1337 diligentia
1122 1286 1421 1330 committentes,
1448 1285 1554 1335 quod
1583 1284 1702 1323 latere

242 1347 412 1396 ipsorum
425 1345 576 1383 intersit
591 1346 930 1397 quamplurimum,
947 1347 1159 1397 gloriantur
1180 1347 1218 1385 id
1239 1360 1279 1385 se
1293 1346 1409 1384 vestri
1423 1346 1549 1383 studio
1563 1346 1701 1383 facere.

243 1408 363 1459 Atqui
380 1420 450 1445 vos
469 1420 601 1445 omnes
622 1408 752 1453 nostis,
774 1408 834 1445 his
854 1409 1024 1446 omnium
1045 1409 1198 1446 minime
1215 1408 1438 1457 convenire,
1458 1414 1501 1444 ut
1519 1406 1702 1445 studeant

244 1469 281 1505 in
309 1474 445 1506 vestrae
479 1467 648 1511 caritatis
681 1468 932 1506 excusatione
965 1468 1203 1507 delitescere.
1278 1468 1398 1505 Eccui
1430 1467 1531 1504 enim
1564 1466 1704 1513 minus,

243 1542 359 1579 quam
379 1528 452 1573 his,
481 1528 662 1566 convenit
691 1529 790 1566 bene
813 1529 921 1567 vobis
947 1529 1047 1567 velle
1068 1536 1182 1580 atque
1209 1535 1252 1567 ut
1271 1541 1333 1566 res
1354 1534 1492 1566 vestrae
1525 1540 1706 1579 prospere

244 1592 352 1628 vobis
372 1589 588 1629 succedant
606 1590 645 1627 in
670 1590 770 1628 votis
790 1590 946 1637 habere,
970 1604 1134 1642 quorum
1155 1597 1232 1628 tam
1253 1596 1432 1641 separata
1449 1596 1542 1628 sunt
1560 1589 1708 1628 emolu-

245 1660 376 1691 menta
395 1652 640 1702 rationesque
669 1665 691 1690 a
710 1653 858 1699 vestris,
885 1659 928 1690 ut
946 1666 967 1690 e
996 1651 1147 1690 damnis
1168 1651 1302 1689 vestris
1323 1644 1394 1702 ipsi
1414 1650 1617 1689 crescant?
1646 1651 1705 1688 lu-

243 1722 399 1753 crantur
431 1714 533 1752 enim
557 1721 639 1752 tum
667 1713 1004 1765 quamplurimum,
1026 1726 1143 1765 quum
1177 1713 1318 1751 nuncio
1351 1711 1517 1763 publicae
1543 1711 1706 1762 alicujus

244 1775 474 1814 calamitatis
504 1780 676 1825 acceptae
704 1774 837 1812 civitas
865 1781 1124 1812 conterretur:
1154 1780 1248 1812 tunc
1269 1774 1504 1811 frumentum
1523 1771 1707 1811 carissimi

246 1836 430 1873 vendunt.
493 1835 589 1872 Tam
625 1841 716 1872 sunt
746 1834 936 1872 malorum
974 1842 1188 1872 vestrorum
1222 1834 1324 1872 avidi
1351 1833 1473 1883 iisque
1500 1839 1578 1871 tam
1599 1832 1708 1871 dele-

245 1903 414 1941 ctantur,
443 1902 486 1933 ut
507 1904 596 1933 ‘non
629 1895 754 1933 solum
785 1908 876 1933 vera
903 1903 943 1934 et
969 1908 1102 1946 reapse
1131 1895 1241 1933 vobis
1272 1894 1422 1933 coelitus
1448 1894 1617 1932 immissa
1641 1900 1710 1932 aut

246 1971 478 2009 quacunque
508 1957 583 1994 alia
607 1956 742 1994 fraude
761 1957 891 1996 oblata
924 1957 1024 1995 mala
1050 1957 1161 2007 primi
1181 1957 1351 1995 omnium
1381 1956 1642 2006 sciant'atque
1667 1955 1708 1993 in

245 2020 388 2056 famam
408 2018 599 2062 emittant,
615 2016 684 2054 sed
701 2023 739 2055 et
755 2018 854 2055 veris
875 2017 1138 2055 deficientibus
1159 2018 1243 2068 ipsa
1259 2017 1356 2055 falsa
1371 2016 1710 2055 comminiscantur

246 2092 323 2130 quo
341 2078 513 2128 ingentia
533 2090 773 2114 annonarum
794 2080 915 2128 pretia
936 2078 973 2115 in
986 2091 1128 2115 vanum
1143 2077 1250 2115 vobis
1271 2077 1411 2115 territis
1431 2083 1706 2127 extorqueant:

246 2145 418 2177 rumores
451 2146 638 2189 spargunt
664 2151 687 2175 a
718 2151 759 2176 se
790 2129 995 2183 confictos,
1019 2139 1182 2176 classem
1214 2138 1497 2177 frumentariam
1522 2139 1560 2176 in
1580 2138 1707 2175 Ponto

247 2201 450 2251 naufragio
479 2200 637 2251 perisse,
671 2208 738 2237 aut
769 2213 789 2237 e
823 2200 936 2238 Ponti
970 2200 1146 2238 faucibus
1181 2200 1450 2250 egredientemv
1470 2212 1493 2237 a
1523 2195 1721 2236 Lacedae?

248 2262 384 2299 moniis
416 2262 673 2311 interceptam
700 2273 797 2307 esse,
818 2268 885 2298 aut
904 2261 1075 2311 emporia
1107 2261 1253 2305 clausa,
1284 2267 1349 2298 aut
1377 2259 1538 2298 induciis
1567 2272 1707 2297 renun-

247 2323 384 2360 tiatum
414 2322 481 2364 iri;
510 2334 556 2358 eo
586 2321 751 2370 denique
771 2321 988 2371 procedunt
1014 2321 1231 2366 inimicitiae,
1253 2328 1295 2359 ut
1316 2334 1392 2358 una
1422 2334 1510 2359 cum
1535 2321 1708 2360 hostibus

250 2382 425 2421 certatim
447 2381 555 2418 vobis
577 2380 817 2418 insidientur.
875 2381 1085 2419 Frumento
1106 2382 1205 2419 enim
1236 2395 1325 2419 cum
1345 2382 1508 2420 maxime
1528 2382 1708 2432 indigetis

249 2444 388 2495 [classe
408 2441 577 2479 hostium
599 2448 730 2492 portus
751 2449 896 2480 vestros
917 2442 1122 2481 obsidente
1141 2449 1501 2492 commeatuumque
1525 2442 1707 2492 importa-

250 2506 376 2542 tiones
409 2502 673 2553 impediente],
707 2510 788 2539 tum
816 2503 853 2540 hi
892 2504 1053 2541 maxime
1086 2504 1321 2542 frumentum
1352 2503 1498 2541 horreis
1530 2502 1705 2540 clausum

250 2571 395 2610 tenent,
428 2570 510 2600 tum
528 2561 693 2600 vendere
725 2563 875 2608 nolunt,
898 2577 947 2601 ne
974 2565 1123 2602 scilicet
1149 2565 1198 2601 de
1216 2564 1345 2616 'pretio
1374 2563 1554 2601 frumenti
1575 2575 1708 2601 secum

250 2626 491 2670 decidamus,
528 2624 595 2662 sed
629 2624 772 2674 cupide
810 2631 923 2674 atque
966 2638 1052 2662 cum
1099 2624 1431 2676 congratulatione
1475 2622 1707 2662 redimamus

250 2686 441 2736 quantivis
462 2685 660 2722 indicent:
690 2697 766 2735 quo
784 2685 829 2722 fit
847 2685 1056 2731 interdum,
1078 2693 1120 2723 ut
1140 2686 1224 2736 ipsa
1244 2691 1398 2723 tenente
1417 2697 1513 2735 pace
1534 2686 1582 2722 ab
1601 2685 1708 2723 hisce

248 2747 378 2797 patriae
406 2746 582 2784 hostibus
601 2746 719 2784 veluti
738 2746 938 2784 obsidione
965 2760 1185 2798 premamur
1215 2747 1480 2797 machinisque
1509 2747 1704 2785 convella-

247 2821 344 2845 mur.
403 2807 561 2844 Dudum
594 2814 654 2844 est
684 2820 733 2844 ex
759 2819 834 2858 quo
863 2808 996 2846 civitas
1030 2808 1166 2846 horum
1195 2808 1393 2846 hominum
1426 2804 1637 2859 nequitiam
1667 2816 1707 2846 et

249 2880 340 2918 erga
370 2879 437 2904 vos
467 2867 773 2906 malevolentiam
807 2869 924 2906 sensit
958 2868 1067 2919 eique
1102 2868 1251 2906 obicem
1285 2882 1426 2920 ponere
1457 2870 1580 2907 cavit:
1609 2869 1704 2907 satis
