1822 3219
819 520 944 574 LY
969 521 1004 575 S
1031 523 1057 576 I
1079 523 1150 576 AE

501 664 815 713 CONTRA
862 665 1462 716 THEOMNESTUM

856 799 1106 843 ORATIO.

917 916 1046 924 ——-——-

307 996 341 1033 1.
371 995 534 1033 TESTES
565 995 658 1033 mihi
685 995 852 1042 confido,
878 996 1042 1047 judices,
1072 997 1176 1035 haud
1208 997 1440 1046 defuturos3
1477 999 1543 1048 qui
1570 998 1713 1038 multos

246 1064 415 1094 vestrum
446 1070 578 1095 coram
596 1057 748 1096 videam
780 1058 1013 1105 assidentes,
1034 1060 1150 1097 etiam
1171 1059 1209 1096 in
1236 1059 1302 1097 illo
1334 1059 1520 1111 superiori
1539 1068 1713 1098 versatos

239 1118 401 1170 judicio,
434 1132 511 1170 quo
544 1119 764 1170 Lysitheus,
800 1119 1106 1158 Theomnestum
1139 1120 1244 1159 hunc
1278 1113 1542 1170 εἰσαγγελίαξ
1559 1121 1713 1160 actione

244 1193 492 1232 persequenS‚
512 1182 737 1228 accusabat,
758 1182 861 1234 quod
892 1183 1132 1231 abjectorum
1155 1195 1347 1221 armorum
1376 1196 1464 1221 reus
1484 1195 1572 1220 cum
1593 1189 1714 1228 esset,

245 1255 368 1294 eoque
388 1243 514 1280 factus
539 1242 691 1281 infamis
711 1250 750 1281 et
773 1244 859 1294 jure
879 1243 918 1281 in
939 1245 1023 1282 foro
1043 1244 1223 1282 versandi
1243 1252 1282 1283 et
1301 1258 1389 1283 cum
1407 1244 1554 1297 populo
1573 1245 1715 1296 agendi

244 1304 440 1355 privatus,
460 1311 590 1342 tamen
619 1305 842 1343 concionari
875 1305 1050 1351 auderet,
1076 1312 1211 1343 contra
1239 1319 1355 1356 quam
1381 1306 1455 1357 ipsi
1484 1306 1643 1345 liceret:
1673 1306 1714 1344 in

244 1366 313 1404 illo
343 1378 482 1417 nempe
519 1366 728 1404 certamine
761 1366 890 1404 aiebat
922 1367 1205 1405 Theomnestus
1240 1375 1390 1419 patrem
1426 1380 1555 1405 meum
1592 1381 1617 1406 a
1651 1380 1714 1405 me

245 1428 425 1465 meismet
441 1427 620 1465 manibus
650 1436 890 1478 peremptum
912 1440 1013 1465 esse.
1069 1427 1156 1478 Ego
1175 1441 1280 1474 vero,
1309 1435 1353 1466 ut
1371 1429 1607 1479 ignovissem
1625 1429 1713 1479 ipsi,

244 1496 393 1541 patrem
418 1501 531 1527 suum
564 1502 587 1526 a
615 1501 676 1526 me
704 1495 944 1540 peremptum
975 1489 1006 1526 si
1034 1488 1381 1540 dixisset—quem
1409 1502 1484 1540 ego
1512 1501 1713 1541 nunquam

245 1564 325 1589 non
348 1551 542 1588 hominem
572 1550 904 1589 contemnendum
926 1557 966 1588 et
984 1551 1100 1589 nauci
1123 1551 1290 1598 duxi-—,
1314 1552 1406 1590 item
1430 1551 1462 1590 si
1481 1552 1587 1603 quod
1608 1552 1714 1591 aliud

243 1614 485 1665 probrorum,
518 1625 604 1662 quae
631 1611 773 1663 jactari
811 1612 919 1663 leges
951 1618 1099 1657 vetant,
1134 1612 1462 1663 quemadmodum
1498 1613 1596 1652 tanti
1633 1627 1713 1653 non

243 1677 404 1715 fuissem
431 1675 618 1720 facturus,
648 1681 693 1712 ut
715 1674 990 1712 contumeliam
1020 1674 1132 1711 istam
1158 1674 1242 1725 jure
1269 1673 1415 1712 forensi
1442 1675 1714 1714 ulciscerer—-

245 1750 334 1777 nam
355 1750 403 1776 ex
423 1737 535 1775 titulo
554 1736 794 1787 κακηγορίας,
818 1748 887 1774 seu
906 1735 1152 1773 contumeliae
1167 1735 1370 1773 verborum
1388 1735 1428 1773 in
1446 1742 1484 1774 te
1509 1736 1712 1788 conjectae,

240 1801 327 1853 jure
347 1807 438 1839 cum
456 1798 584 1849 aliquo
604 1797 782 1849 experiri,
810 1797 1016 1848 indignum
1044 1797 1200 1835 homine
1219 1797 1427 1835 liberaliter
1447 1798 1628 1845 educato,
1655 1798 1714 1836 di·

246 1875 367 1915 gnum
381 1861 506 1899 rixoso
524 1860 724 1911 litiumque
742 1858 986 1898 ferendarum
1001 1858 1114 1896 avido
1129 1871 1351 1897 censeo—z
1386 1860 1441 1897 ita
1454 1872 1586 1898 rursus
1601 1867 1713 1911 turpe

244 1923 338 1962 mihi
356 1923 531 1961 futurum
550 1922 709 1960 arbitror
726 1935 827 1968 esse,
846 1921 876 1960 si
897 1934 985 1959 eum
1008 1921 1131 1972 patiar
1149 1920 1315 1958 inultum
1337 1920 1456 1967 abire,
1475 1922 1540 1972 qui
1559 1927 1712 1960 tantum

246 1986 376 2025 scelus
396 1986 435 2023 in
465 1992 615 2036 patrem
644 1997 705 2022 me
725 1983 865 2022 dixerit
893 1989 1081 2035 patrasse,
1102 1982 1225 2020 virum
1244 1989 1363 2020 tantae
1386 1983 1602 2034 dignitatis,
1632 1989 1712 2021 tam

243 2047 428 2100 praeclare
447 2053 487 2085 et
515 2046 563 2084 de
587 2046 697 2084 vobis
727 2052 766 2084 et
795 2046 844 2084 de
873 2045 1052 2082 universa
1078 2044 1204 2095 patria
1221 2044 1410 2084 meritum.
1468 2045 1714 2096 Quapropter

244 2123 318 2161 ego
337 2123 420 2156 vos,
434 2107 601 2160 judices,
621 2107 832 2159 interrogo,
851 2107 949 2145 sitne
968 2106 1252 2144 Theomnestus
1271 2105 1558 2144 maledicentiae·
1576 2118 1709 2156 poenas

244 2172 335 2210 mihi
365 2172 540 2216 daturus,
570 2182 618 2208 an
650 2170 755 2208 solus
786 2169 957 2207 omnium
983 2167 1276 2206 Atheniensium
1307 2167 1505 2217 privilegio
1525 2166 1709 2217 gaudeat,

243 2246 312 2284 pro
331 2232 491 2270 libidine
511 2244 582 2270 sua
601 2238 734 2269 contra
752 2231 860 2281 leges
879 2229 973 2267 nihil
994 2242 1069 2267 non
1089 2229 1244 2267 dicendi
1262 2227 1482 2279 agendique
1499 2227 1514 2264 2

297 2296 336 2331 2.
367 2295 454 2345 Ago
484 2306 601 2337 nunc,
621 2292 704 2342 viri,
734 2292 860 2330 aetatis
891 2305 1033 2329 annum
1062 2291 1216 2328 tertium
1250 2303 1272 2327 a
1301 2290 1527 2340 trigesimo;
1560 2302 1608 2327 ex
1632 2302 1709 2340 quo

245 2364 374 2396 autem
393 2369 462 2394 vos
483 2356 531 2392 ab
551 2354 686 2393 exsilio
704 2355 861 2392 domum
881 2354 1049 2400 redistis,
1070 2366 1194 2391 annus
1215 2365 1316 2390 nunc
1338 2352 1464 2402 agitur
1484 2352 1708 2402 vigesimus.

245 2419 365 2460 Unde
396 2424 552 2457 constat
582 2429 746 2468 puerum
777 2417 1054 2455 tredecennern
1087 2429 1149 2453 me
1183 2423 1265 2453 tum
1299 2414 1433 2459 fuisse,
1471 2427 1589 2465 quum
1628 2427 1709 2451 xxx

244 2480 398 2534 tyranni
417 2486 563 2531 patrem
582 2491 708 2516 meum
729 2477 1003 2516 interficerent.
1059 2476 1106 2513 Id
1124 2489 1198 2528 ego
1213 2475 1336 2514 aetatis
1358 2488 1493 2526 agens,
1510 2488 1558 2512 ne
1575 2487 1709 2512 noram

243 2544 401 2598 quidem
419 2555 538 2594 remp.
559 2541 607 2578 ab
627 2540 875 2591 optimatibus
895 2553 1119 2591 oppressam
1140 2539 1274 2585 teneri,
1296 2551 1433 2588 neque,
1454 2537 1605 2575 etiamsi
1625 2550 1711 2575 sen-

246 2607 385 2646 sissem
402 2605 480 2643 vim
507 2610 548 2642 et
574 2602 752 2653 injuriam
772 2602 871 2653 patri
900 2601 996 2649 fieri,
1027 2614 1249 2640 succurrere
1269 2606 1308 2637 et
1327 2599 1461 2637 ulcisci
1480 2598 1708 2649 potuissem.

246 2669 383 2719 Neque
403 2666 589 2706 scelerata
607 2663 787 2716 quaedam
807 2663 998 2714 cupiditas
1016 2662 1234 2714 patrimonii
1253 2659 1426 2713 rapiendi
1455 2660 1503 2698 ad
1524 2660 1709 2700 insidian-

246 2731 338 2769 dum
358 2730 447 2768 vitae
474 2728 590 2780 patris
608 2726 805 2778 impellere
824 2738 883 2764 me
904 2733 1078 2776 poterat;
1111 2723 1327 2762 Pantaleon
1357 2722 1459 2759 enim
1478 2721 1596 2760 frater
1613 2730 1707 2762 natu

244 2793 367 2842 major
385 2803 471 2829 cum
491 2789 673 2827 universa
700 2787 912 2826 hereditate
939 2786 1101 2824 tutelam
1119 2785 1241 2824 nostri
1269 2784 1420 2828 invasit,
1445 2796 1568 2835 eoque
1589 2791 1706 2835 pacto

243 2854 356 2892 bonis
386 2851 555 2903 paternis
587 2850 763 2889 omnibus
794 2862 862 2887 nos
891 2847 1156 2886 defraudavit:
1186 2852 1336 2884 tantum
1366 2845 1483 2896 igitur
1516 2846 1638 2891 abest,
1662 2853 1707 2884 ut

243 2915 325 2954 ulla
343 2926 416 2965 ego
438 2925 555 2951 causa
575 2918 699 2950 motus
720 2910 815 2961 patri
836 2909 1024 2950 violentas
1041 2920 1178 2948 manus
1199 2907 1385 2953 afferrem,
1406 2914 1448 2945 ut
1467 2906 1598 2957 potius
1618 2920 1705 2958 per-
