1822 3219
549 139 774 178 CONTRA
805 139 1159 177 ALCIBIADEM.
1503 138 1574 175 135
1609 148 1612 152 ’

127 243 202 281 hoc
233 242 367 280 melius
402 242 508 280 vobis
536 242 666 281 licebit
693 242 740 280 de
760 243 868 280 nobis
888 247 1065 280 statuere.
1123 241 1217 278 Haec
1247 241 1444 278 hactenus.
1500 241 1574 278 Ac-

131 304 227 342 cedo
246 318 348 342 nunc
369 305 418 342 ad
437 305 555 355 ipsam
574 317 700 342 causae
722 316 816 340 meae
836 303 1055 341 dictionem.

182 370 221 404 4.
253 367 494 404 Insimulatus
523 378 656 415 nempe
687 365 741 402 fui
770 365 846 402 odii
875 378 966 415 erga
999 371 1136 403 statum
1167 363 1360 413 regiminis
1380 362 1572 412 popularis

133 434 246 478 atque
278 427 538 465 factiositatis:
569 439 713 470 verum,
746 425 818 463 hoe
851 425 1004 476 quidem
1039 425 1085 462 de
1117 425 1271 462 crimine
1302 422 1404 474 quod
1436 423 1573 467 dicam,

132 501 264 539 parum
299 501 382 526 esse
412 487 502 524 mihi
533 486 706 523 relictum
737 486 861 524 video.
919 486 1067 530 Quodsi
1095 486 1179 523 haec
1199 485 1246 522 de
1275 497 1334 522 me
1365 483 1574 521 criminatio

134 550 302 587 nondum
318 548 512 599 injudicio
530 546 667 584 fuisset
687 547 831 597 agitata
851 554 964 597 atque
985 548 1211 598 disceptata,
1227 546 1359 583 merito
1377 559 1443 583 vos
1461 558 1571 582 accu-

135 618 279 649 satores
299 608 442 647 ferretis
463 621 508 645 eo
528 607 576 645 de
595 608 749 645 crimine
770 621 829 645 me
849 608 1099 658 postulantes,
1117 607 1280 657 mihique
1300 619 1401 643 nunc
1421 618 1576 643 necesse

133 671 231 709 foret
265 669 485 707 defensione
517 668 705 706 maculam
738 668 838 706 hanc
870 681 1058 719 purgare:
1099 674 1350 718 posteaquam
1382 680 1470 704 vero
1496 669 1574 714 jam

134 738 294 781 quatuor
312 744 331 768 e
345 730 511 780 judiciis,
530 730 567 766 in
589 730 725 780 quibus
745 729 817 767 hac
837 730 920 780 ipsa
948 730 995 767 de
1023 743 1139 768 causa
1167 730 1362 778 judicatus
1384 741 1457 779 ego
1478 741 1576 775 sum,

134 804 281 842 semper
311 791 507 829 absolutus
534 791 710 835 discessi,
732 804 884 841 aequum
918 791 1022 829 haud
1052 791 1210 829 arbitror
1241 803 1326 828 esse
1358 804 1418 828 me
1449 790 1576 829 denuo

134 853 219 902 cogi
238 853 311 890 hac
331 853 378 890 de
396 866 436 891 re
456 854 570 890 verba
590 853 725 891 facere.
782 853 881 890 Nam
910 853 1126 903 priusquam
1161 852 1245 890 haec
1276 865 1393 889 causa
1425 852 1463 889 in
1495 852 1576 889 foro

135 914 359 964 agitaretur,
379 914 466 952 sciri
484 914 590 951 nullo
610 922 724 965 pacto
743 921 903 965 poterat,
932 926 1069 951 verane
1097 920 1201 951 esset
1230 926 1277 950 an
1316 912 1578 951 commentitia

133 975 215 1021 haec
244 975 480 1013 criminatio:
508 982 596 1025 post
625 975 765 1013 dictam
786 988 872 1013 vero
904 975 1147 1020 sententiam,
1176 988 1416 1025 quaecunque
1437 987 1482 1012 ea
1503 981 1576 1019 est,

136 1037 318 1074 utramvis
340 1037 378 1074 in
398 1044 559 1087 partem,
588 1036 665 1074 sive
686 1037 889 1074 absolvens
917 1037 995 1074 sive
1021 1036 1298 1080 condemnans,
1318 1042 1520 1087 perempta
1538 1042 1577 1073 et

137 1098 293 1135 definita
312 1105 367 1136 est
387 1098 446 1143 lis,
464 1104 503 1135 et
521 1098 569 1134 de
591 1110 655 1135 reo
674 1099 980 1149 pronunciatum,
1000 1111 1088 1136 sons
1110 1111 1157 1135 an
1178 1098 1309 1135 insons
1331 1098 1392 1134 sit.
1451 1096 1577 1135 Grave

137 1159 266 1210 itaque
286 1159 375 1196 mihi
395 1166 433 1196 et
451 1159 686 1209 periniquum
706 1159 866 1204 videtur,
887 1160 1147 1197 condemnatis
1167 1160 1320 1210 quidem
1341 1158 1578 1196 moriendum

138 1234 236 1265 esse,
250 1221 396 1258 etiamsi
415 1234 489 1258 una
508 1220 748 1258 solummodo
764 1221 905 1258 tabella
917 1220 1099 1270 suffragia
1114 1220 1410 1258 condemnantia
1422 1231 1581 1257 numero

137 1282 247 1332 plura
285 1281 361 1318 sint
396 1294 509 1331 quarn
546 1281 796 1327 absolventia,
829 1289 867 1319 et
896 1282 943 1319 ad
978 1282 1105 1319 mortis
1136 1282 1357 1332 supplicium
1394 1282 1581 1318 bonorum

140 1355 293 1392 quoque
332 1342 623 1392 publicatIOnem
659 1342 841 1393 adjungi3
891 1342 1076 1380 absolutis
1114 1351 1239 1380 autem
1280 1342 1506 1393 jamdudum
1545 1349 1584 1380 et

138 1404 290 1454 saepius,
312 1404 445 1441 iterum
483 1410 596 1454 atque
629 1403 763 1441 iterum
794 1405 1039 1442 sustinendas
1073 1410 1189 1455 atque
1220 1403 1467 1454 depellendas
1497 1417 1582 1441 esse

137 1464 270 1502 iisdem
306 1464 353 1502 de
386 1465 602 1502 criminibus
634 1465 826 1508 actiones;
859 1472 896 1503 et
927 1465 1109 1516 perdendi
1144 1466 1297 1516 quidem
1329 1467 1582 1517 extremisque

138 1526 331 1576 suppliciis
353 1526 558 1563 damnandi
577 1533 804 1576 potestatem
824 1540 939 1577 penes
958 1527 1109 1577 judices
1129 1540 1229 1571 esse,
1259 1527 1435 1564 servandi
1455 1533 1582 1564 autem

139 1587 298 1632 nullam,
320 1586 387 1625 sed
421 1587 628 1624 sententias
658 1600 802 1632 eorum,
824 1595 866 1624 ut
892 1597 1049 1625 mortem
1081 1589 1291 1637 irrogantes
1317 1596 1431 1633 ratas,
1451 1588 1502 1626 ita
1523 1601 1582 1626 sa-

140 1650 256 1687 lutem
277 1650 540 1688 condonantes
560 1648 683 1686 irritas
702 1656 740 1686 et
757 1662 890 1687 cassas
911 1663 1020 1693 esse;
1050 1650 1165 1700 idque
1183 1650 1268 1700 lege
1289 1650 1440 1687 disertis
1459 1650 1583 1688 verbis

141 1718 308 1757 vetante,
328 1712 375 1749 de
395 1711 528 1749 eodem
548 1710 701 1748 homine
721 1711 852 1748 eadem
874 1711 910 1748 in
929 1724 1046 1749 causa
1075 1712 1132 1749 bis
1161 1712 1337 1763 judicari,
1371 1719 1407 1749 et
1431 1712 1583 1750 tametsi

140 1786 208 1810 vos
228 1773 341 1810 fidem
360 1780 525 1810 vestram
546 1772 593 1809 de
613 1772 760 1822 legibus
779 1773 932 1810 tuendis
951 1780 1066 1823 atque
1085 1773 1307 1811 exercendis
1332 1773 1581 1825 jurejurando

141 1834 431 1872 obstrinxeritis.

196 1898 234 1933 5.
265 1897 522 1938 Quamobrem
550 1895 673 1946 juvat,
711 1896 902 1946 praeterita
929 1896 1030 1933 omni
1064 1896 1136 1933 mei
1165 1895 1451 1947 praedicatione,
1478 1895 1582 1933 Alci-

142 1956 263 1994 biadis
283 1957 455 1994 instituta
475 1963 513 1993 et
533 1969 653 1993 mores
682 1970 906 2007 omnemque
936 1958 1048 1995 vitam
1079 1957 1270 1995 memoriae
1298 1964 1435 1994 vestrae
1468 1957 1585 2008 subji-

143 2030 242 2056 cere.
299 2018 413 2062 Quod
430 2017 639 2054 instituenti
660 2018 748 2055 mihi
768 2018 939 2056 dubitare
959 2019 1124 2056 occurrit
1143 2018 1245 2055 unde
1265 2017 1402 2062 ordiar,
1418 2024 1477 2055 tot
1495 2024 1585 2055 sunt

143 2091 299 2116 numero
318 2078 457 2116 delicta
476 2078 558 2128 ejus
579 2084 617 2114 et
636 2078 736 2116 facto
755 2079 862 2129 quasi
884 2079 1034 2129 agmine
1054 2079 1303 2116 circumstant
1337 2086 1375 2116 et
1407 2079 1584 2129 ingerunt

144 2152 253 2184 sese;
282 2152 398 2189 quare
431 2140 580 2177 delectu
614 2146 711 2185 utar,
736 2147 774 2177 et
800 2140 837 2177 in
867 2141 1072 2191 praesentia
1103 2140 1221 2178 tacita
1251 2140 1502 2177 transmittam
1524 2153 1583 2185 ea,

144 2214 229 2251 quae
249 2201 297 2238 de
323 2201 459 2252 stupris
493 2201 575 2252 ejus
606 2208 938 2252 matronarumque
971 2202 1142 2252 raptibus
1174 2200 1332 2250 aliisque
1363 2201 1585 2252 hujusmodi

143 2263 397 2308 contumeliis,
418 2277 505 2301 cum
537 2264 715 2302 violentia
747 2264 960 2315 conjunctis
991 2276 1122 2314 pacem
1153 2263 1302 2301 civilem
1333 2263 1585 2310 disturbante,

144 2336 441 2362 commemorare
469 2338 648 2375 possem;
690 2337 814 2375 neque
850 2325 949 2363 enim
982 2332 1130 2375 tempus
1163 2325 1211 2362 ad
1255 2325 1460 2362 dicendum
1494 2326 1585 2363 mihi

144 2385 373 2436 praefinitum
402 2385 460 2422 his
490 2386 742 2437 exsequendis
763 2385 968 2434 suffecerit,
988 2393 1025 2423 et
1044 2393 1228 2436 praeterea
1246 2386 1383 2423 civium
1403 2400 1585 2437 perquam

143 2446 347 2483 multorum
367 2446 404 2483 in
425 2445 670 2484 offensionem
691 2447 760 2484 sim
780 2447 1016 2492 incursurus,
1036 2447 1067 2484 si
1087 2446 1191 2484 labes
1211 2459 1341 2485 eorum
1356 2447 1585 2485 domesticas

147 2514 186 2544 et
204 2507 332 2545 ulcera
349 2508 572 2546 abscondita
591 2508 804 2546 denudem:
826 2521 911 2558 quae
931 2514 1057 2545 autem
1076 2508 1113 2545 in
1133 2522 1210 2559 rep.
1230 2509 1330 2546 mala
1347 2508 1522 2559 patravit,
1541 2520 1587 2545 ea

148 2569 248 2607 mala
268 2570 497 2621 injuriasque
523 2571 659 2620 quibus
680 2578 718 2608 et
736 2577 920 2620 cognatos
942 2578 979 2607 et
997 2570 1210 2621 civiumque
1229 2570 1586 2620 peregrinorumque

149 2630 364 2669 innumeros
384 2631 484 2670 laesit
504 2631 615 2682 (laesit
634 2632 732 2669 enim
768 2632 924 2682 primum
946 2644 1135 2682 quemque
1155 2632 1306 2669 obvium
1331 2631 1400 2668 sibi
1424 2631 1588 2678 factum)

149 2703 194 2728 ea
212 2691 490 2730 demonstrabo.
548 2693 676 2730 Primo
695 2693 822 2742 itaque
839 2692 938 2737 loco,
956 2699 998 2729 ut
1027 2692 1114 2729 hinc
1134 2692 1316 2734 exordiar,
1337 2698 1469 2729 auctor
1497 2704 1584 2730 cum

151 2759 254 2789 esset
273 2752 375 2789 vobis
394 2753 530 2798 factus,
552 2762 594 2791 ut
612 2760 804 2791 vetustum
823 2753 927 2790 illum
949 2754 996 2790 ab
1017 2753 1181 2790 Aristide
1201 2764 1350 2789 summa
1367 2765 1451 2789 cum
1469 2752 1586 2803 aequi-

151 2820 229 2850 tate
251 2820 434 2852 statutum
455 2817 607 2854 modum
629 2817 854 2867 pensionum
885 2830 906 2854 a
938 2815 1084 2854 Graecis
1106 2815 1320 2853 civitatibus
1352 2817 1589 2855 contribuen-

153 2875 285 2912 darum
320 2875 584 2924 reformaretis,
605 2879 714 2927 eique
734 2878 786 2915 rei
808 2885 848 2915 ut
871 2890 910 2915 se
930 2891 1008 2915 una
1035 2890 1120 2915 cum
1153 2876 1235 2914 aliis
1268 2890 1402 2915 novem
1432 2877 1588 2928 collegis
