1822 3219
249 170 323 204 302
889 175 1055 212 LYSIAE

250 275 376 317 steret,
391 287 468 311 non
490 275 707 315 laborarent
739 291 839 315 nunc
873 279 933 315 alii
961 277 1296 328 deprecationibus
1319 290 1376 314 me
1399 284 1535 314 vestrae
1557 279 1706 315 iracun-

245 333 320 371 diae
340 336 495 386 eripere,
511 337 579 374 sed
597 345 700 375 esset
718 339 843 388 potius
860 351 946 376 mea
961 346 1070 376 tanta
1090 338 1191 388 apud
1207 351 1274 376 vos
1291 338 1497 376 auctoritas
1518 345 1556 375 et
1576 338 1710 388 gratia,

246 404 301 441 ut,
325 397 356 434 si
375 398 461 446 quis
486 399 693 436 amicorum
717 413 887 437 meorum
915 401 1107 451 ejusmodi
1140 408 1333 438 certamen
1354 400 1468 450 quale
1486 400 1561 437 hoc
1581 412 1707 438 meum

246 463 303 494 est
333 457 492 496 haberet
527 460 819 505 decertandum,
852 474 920 498 vos
954 474 1041 498 eum
1076 461 1164 497 mihi
1198 463 1375 512 poscenti
1409 461 1708 504 condonat-etis:

246 523 324 562 aut,
348 518 379 555 si
405 531 524 556 causa
550 520 685 570 capitis
719 520 790 570 ipsi
817 521 907 557 mihi
937 521 1137 572 peregrino
1157 521 1194 558 in
1214 521 1296 559 foro
1318 530 1422 559 esset
1441 521 1621 566 dicenda,
1645 534 1712 559 vos

244 590 312 627 per
340 578 490 628 legatos
522 593 592 630 pro
625 594 684 619 me
714 582 818 631 apud
847 581 932 620 illos
959 589 1160 620 extraneos
1187 583 1500 634 deprecaremini.
1557 583 1616 621 Ne
1636 583 1711 621 ista

243 638 397 688 quidem
432 641 620 679 criminari
651 642 752 687 licet,
785 642 927 679 multos
961 643 1126 680 honores
1160 657 1220 680 me
1254 645 1423 694 gessisse
1454 657 1519 694 per
1541 657 1638 695 quos
1659 643 1707 681 de

243 708 370 738 vestro
400 702 617 748 crevissem,
639 716 763 754 neque
786 704 959 754 turpibus
979 704 1025 741 de
1046 704 1173 742 causis
1195 717 1254 742 me
1275 705 1390 755 injus
1411 712 1589 743 vocatum
1609 717 1709 749 esse,

243 768 310 799 aut
330 761 500 800 dedecus
523 763 679 813 aliquod
693 764 799 801 vobis
815 767 1068 811 contraxisse,
1084 774 1150 803 aut
1169 765 1333 816 publicis
1350 766 1460 803 malis
1477 766 1708 804 delectatum

245 835 357 860 esse:
390 822 562 860 universe
597 824 846 874 privatimque
879 826 1111 876 publiceque
1141 826 1196 864 ita
1226 839 1285 863 me
1318 827 1434 877 gessi,
1457 827 1493 863 ni
1517 826 1628 864 fallor
1653 829 1710 875 (et

244 884 409 922 fidenter
430 884 478 922 ad
499 886 774 923 conscientiam
796 893 959 924 vestram
981 888 1178 936 provoco),
1201 895 1240 924 ut
1267 888 1478 939 purgandae
1507 889 1594 925 vitae
1620 896 1708 925 ante

246 948 457 996 actae'ergo
477 946 528 983 nil
549 959 645 997 opus
665 947 714 984 sit
734 960 794 985 me
816 948 936 985 multa
957 949 1072 985 verba
1094 948 1235 986 facere.
1293 949 1485 992 Quocirca
1504 962 1572 987 vos
1600 962 1707 1000 rogo,

239 1008 404 1059 judices,
433 1014 475 1044 ut
505 1007 641 1045 eadem
674 1008 722 1045 de
758 1022 816 1046 me
850 1023 950 1047 nunc
979 1023 1135 1059 quoque
1169 1023 1256 1060 quoe
1292 1009 1439 1061 pridem
1470 1010 1709 1055 existimetis,

246 1082 371 1119 neque
391 1068 514 1106 solum
535 1077 848 1121 sumptuosorum
867 1072 1039 1109 munium
1070 1085 1157 1122 quae
1182 1086 1250 1123 pro
1270 1072 1376 1110 vobis
1403 1072 1504 1122 gessi
1518 1073 1710 1124 *recorde-

245 1130 351 1174 mini‚
390 1130 458 1167 sed
488 1131 603 1168 etiam
631 1144 779 1168 morum
817 1145 989 1170 meorum
1020 1133 1312 1183 studiorumque
1341 1133 1428 1170 vitae
1459 1134 1583 1171 omnis
1613 1147 1708 1172 meae

244 1192 417 1242 privatae,
437 1192 664 1230 arbitrantes
685 1193 923 1231 functionem
944 1193 1043 1231 banc
1065 1207 1179 1231 unam
1200 1194 1368 1231 omnium
1390 1207 1475 1231 esse
1496 1194 1615 1231 multo
1631 1207 1710 1232 mo-

246 1253 503 1299 lestissimam,
533 1261 573 1292 ut
600 1268 622 1292 a
653 1268 771 1306 puero
802 1256 892 1293 inde
920 1270 1043 1306 usque
1064 1257 1113 1294 ad
1143 1257 1287 1295 calcem
1315 1258 1402 1295 vitae
1431 1257 1641 1308 pudentem
1670 1265 1709 1296 te

246 1321 360 1366 atque
381 1323 660 1366 temperantem
693 1325 868 1368 praestes,
891 1324 930 1355 et
961 1331 1086 1368 neque
1106 1331 1128 1355 a
1148 1318 1305 1356 libidine
1336 1326 1373 1355 te
1403 1320 1581 1369 quapiam
1611 1320 1710 1357 vinci

246 1390 374 1428 neque
393 1391 415 1414 a
435 1378 644 1428 cupiditate
664 1378 754 1416 illici
784 1386 823 1416 et
849 1378 1001 1416 aufferri
1030 1379 1202 1430 patiaris,
1226 1380 1295 1417 sed
1315 1380 1367 1416 ita
1390 1387 1426 1417 te
1447 1393 1572 1430 geras,
1595 1387 1638 1418 ut
1656 1381 1709 1418 ci·-

244 1439 346 1476 vium
367 1451 481 1476 nemo
501 1452 627 1490 neque
650 1439 699 1477 de
719 1446 756 1477 te
776 1447 958 1489 queratur
979 1454 1103 1490 neque
1126 1440 1265 1478 audeat
1285 1442 1321 1478 in
1336 1441 1402 1491 jus
1424 1448 1460 1478 te
1480 1454 1634 1479 vocare.

300 1501 338 1537 5.
369 1499 629 1550 Nequaquam
657 1514 749 1551 ergo
781 1501 972 1546 convenit,
994 1501 1161 1551 judices,
1189 1502 1408 1539 auctoritati
1440 1509 1709 1540 accusatorum

247 1575 316 1600 vos
351 1568 500 1598 tanturn
532 1561 693 1607 deferre,
725 1572 767 1599 ut
795 1575 865 1600 nos
895 1563 1163 1600 condemnetis
1197 1564 1244 1601 ab
1274 1563 1492 1601 hominibus
1524 1564 1709 1615 projectae

247 1625 422 1663 audaciae
444 1633 660 1669 accusatos,
681 1625 744 1676 qui
765 1639 834 1677 per
854 1625 1055 1676 sacrilegia
1074 1632 1237 1675 quorum
1259 1625 1311 1661 rei
1337 1631 1505 1675 aguntur
1527 1625 1576 1662 ad
1596 1625 1708 1662 istam

248 1686 459 1737 potentiam
488 1686 661 1736 istasque
688 1686 737 1723 ad
767 1700 860 1737 opes
893 1687 1058 1736 grassati
1085 1693 1189 1730 sunt,
1211 1693 1249 1723 et
1280 1692 1387 1724 tanta
1419 1685 1606 1736 protervia
1635 1684 1709 1736 ipsi

247 1756 370 1787 semet
401 1748 540 1794 fidunt,
572 1757 627 1792 ut,
664 1761 748 1785 cum
784 1761 950 1798 purgare
991 1748 1151 1785 crimina
1182 1748 1218 1784 in
1254 1761 1294 1785 se
1326 1748 1466 1785 intorta
1498 1752 1706 1798 nequeant,

247 1810 319 1863 ipsi
351 1810 450 1848 ultro
484 1809 580 1846 alios
619 1809 931 1847 accusationibus
967 1809 1159 1847 lacessere
1192 1809 1421 1846 sustineant.
1493 1808 1538 1845 In
1571 1807 1708 1846 castris

247 1878 326 1909 tam
363 1884 448 1908 raro
488 1880 697 1915 versantes,
732 1878 774 1908 ut
813 1871 991 1908 Cinesias
1029 1871 1110 1921 ipse
1144 1871 1181 1907 in
1222 1871 1296 1908 ista
1334 1869 1552 1908 valetudine
1586 1869 1708 1907 molli-

248 1933 377 1983 tieque
398 1933 567 1984 corporis
596 1932 772 1970 muliebri
800 1939 931 1970 tamen
961 1932 1132 1970 crebrius
1161 1945 1267 1969 arma
1297 1932 1476 1982 gesserit,
1497 1940 1573 1968 tam
1601 1943 1710 1968 acres

251 2009 293 2033 se
327 1995 457 2033 ferunt
484 1995 618 2046 patriae
651 2000 962 2045 propugnatores
998 1993 1277 2043 stomachoque
1308 2000 1386 2029 tam
1418 1992 1522 2043 gravi
1553 1991 1710 2042 injurias

250 2057 331 2107 ejus
363 2057 485 2093 ultum
517 2064 624 2094 eunt.
681 2055 784 2092 Nihil
816 2055 864 2092 de
899 2067 970 2091 suo
1001 2055 1244 2092 conferentes
1275 2067 1352 2104 quo
1383 2053 1600 2104 respublica
1631 2065 1711 2089 am-

250 2118 345 2168 plior
377 2119 443 2155 fiat
475 2126 590 2168 atque
615 2117 771 2161 beatior,
802 2115 952 2153 nullum
983 2129 1059 2152 non
1094 2121 1248 2152 movent
1276 2114 1441 2165 lapidem
1470 2122 1514 2152 ut
1543 2127 1610 2151 vos
1643 2113 1710 2150 ad·

251 2195 384 2219 versus
426 2182 524 2218 viros
562 2180 681 2217 fortes
716 2179 856 2230 optime
894 2178 942 2215 de
977 2178 1173 2228 republica
1218 2177 1372 2214 meritos
1411 2177 1558 2214 irritent
1593 2181 1708 2224 atque

252 2244 499 2280 exacerbent.
572 2242 705 2280 Mores
741 2241 888 2277 utinam
921 2239 990 2290 ipsi
1022 2252 1113 2277 suos
1142 2239 1179 2275 in
1210 2240 1398 2276 concione
1428 2236 1709 2288 depraedicent!

252 2317 377 2354 neque
397 2305 497 2341 enim
517 2303 640 2340 habeo
661 2302 765 2352 quod
785 2301 875 2351 ipsis
904 2301 1090 2350 imprecer
1117 2299 1271 2349 gravius
1303 2299 1458 2336 malum.
1517 2299 1601 2349 Ego
1623 2310 1711 2335 vero

254 2377 336 2409 vos,
355 2364 522 2414 judices,
544 2363 666 2400 modis
693 2362 870 2400 omnibus
901 2374 967 2398 oro
994 2373 1202 2410 quaesoque
1224 2368 1263 2397 et
1282 2360 1445 2411 supplex
1472 2360 1647 2404 obsecro,
1669 2365 1712 2396 ut

253 2425 378 2462 nolitis
400 2438 459 2461 me
489 2424 735 2474 largitionum
765 2430 1009 2473 acceptarum
1038 2435 1161 2471 eoque
1187 2429 1450 2472 corruptorum
1477 2420 1710 2471 judiciorum

255 2502 362 2527 reum
394 2488 665 2539 pronunciare,
687 2487 755 2524 sed
787 2487 914 2537 potius
945 2485 1163 2522 existimare
1190 2484 1317 2521 nullas
1347 2497 1433 2522 esse
1461 2490 1590 2520 tantas
1618 2495 1711 2533 opes

256 2562 351 2600 quas
372 2561 516 2586 merere
532 2547 658 2591 velim,
682 2556 724 2583 ut
743 2559 808 2597 per
829 2559 888 2583 me
911 2546 1026 2595 pestis
1041 2545 1171 2595 aliqua
1190 2545 1324 2595 patriae
1344 2544 1620 2582 consciscatur.
1653 2543 1713 2579 In-

257 2611 420 2649 sanirem
441 2609 540 2646 euim
561 2608 744 2658 profecto,
767 2608 796 2643 si
817 2620 904 2657 ego,
925 2607 988 2656 qui
1008 2607 1141 2656 gloriae
1164 2605 1289 2642 studio
1311 2605 1488 2642 incensus
1509 2604 1711 2641 facultates

258 2673 307 2710 ad
323 2672 455 2722 patriae
470 2669 749 2708 inserviendum
765 2668 1256 2718 exhauserim‚largitiones
1272 2666 1482 2716 acciperem
1498 2679 1574 2715 quo
1587 2665 1714 2703 eidem

257 2734 392 2785 patriae
409 2732 585 2770 molestia
605 2738 769 2768 creetur.
827 2730 998 2767 Veritate
1021 2729 1256 2779 suffragante
1278 2727 1329 2764 nil
1351 2728 1483 2764 dubito
1503 2728 1550 2765 de
1575 2740 1636 2764 me
1664 2724 1715 2764 ita

259 2795 481 2847 praedicare,
506 2802 547 2830 ut
568 2793 680 2837 aiam,
699 2792 752 2829 ita
771 2805 830 2829 me
852 2791 899 2828 de
915 2791 1022 2828 vobis
1044 2803 1131 2827 esse
1152 2789 1328 2826 meritum
1347 2796 1404 2834 ut,
1426 2789 1456 2826 si
1477 2787 1645 2839 optabile
1663 2788 1715 2824 sit

259 2855 564 2894 benefactoribus
589 2854 743 2905 judices
764 2853 902 2890 babere
923 2864 987 2889 eos
1008 2851 1148 2901 quibus
1166 2850 1239 2900 ipsi
1265 2851 1363 2887 bene
1382 2858 1495 2888 antea
1514 2849 1710 2892 fecissent,

261 2931 337 2955 non
359 2916 521 2962 videam,
541 2929 638 2965 quos
659 2915 788 2952 malim
818 2913 911 2951 alios
941 2913 987 2949 dc
1015 2925 1074 2949 me
1101 2912 1330 2948 sententiam
1353 2925 1468 2962 quam
1485 2923 1550 2948 vos
1571 2910 1710 2947 dicere.
