1822 3219
255 174 330 210 280
901 173 1066 210 LYSIAE

254 287 368 325 grave
401 274 541 313 accidit
570 281 684 324 atque
711 273 992 319 calamitosum,
1025 274 1155 312 multis
1185 281 1312 312 tecum
1341 274 1452 311 simul
1483 273 1640 312 eandem
1661 274 1711 311 ob

252 334 558 373 criminationem
583 335 621 372 in
644 335 710 385 jus
743 335 904 380 vocatis,
934 341 972 372 te
1004 334 1124 385 primo
1156 335 1244 373 loco
1276 334 1420 372 induci.
1496 334 1598 372 Nam
1625 334 1711 385 ple—

250 407 411 444 rumque
430 395 495 445 qui
513 396 696 446 postremi
714 395 953 445 judicantur,
979 395 1018 431 hi
1040 395 1314 434 absolvuntur:
1345 394 1486 433 auditis
1505 395 1607 432 enim
1631 407 1712 440 eOS,

253 455 451 493 iracundia
459 457 542 507 jam
556 457 692 494 sedata
711 463 826 506 atque
840 455 992 500 satiata,
1014 456 1170 495 auribus
1190 457 1320 494 doceri
1339 455 1570 493 volentibus.

305 518 343 554 2.
374 517 645 556 Recordamini
690 529 782 567 ergo
824 517 1106 568 Nicophemum
1145 517 1519 569 Aristophanemque
1569 514 1714 553 indicta

252 590 372 615 causa
396 585 516 616 morte
544 579 753 617 mulctatos
781 590 877 624 esse,
906 578 1131 629 priusquam
1151 579 1307 630 judices
1334 578 1558 617 sortirentur
1583 589 1715 615 eorum

253 650 412 676 causam
433 639 640 690 cognituri,
662 646 705 676 ut
723 639 767 676 iis
788 639 836 677 de
855 639 1074 677 criminibus
1103 639 1347 690 interrogatis
1368 639 1581 677 advocatus
1601 649 1715 675 nemo

251 705 395 750 praesto
408 713 492 738 esse
510 708 640 750 posset
656 713 665 737 ι
696 707 740 738 ut
758 701 859 738 enim
880 700 1148 751 comprehensi
1170 708 1274 747 sunt,
1289 713 1446 752 prorsus
1461 713 1482 738 e
1501 704 1715 750 conspectu

251 760 451 798 hominurn
488 761 724 812 disparuere.
800 761 861 798 Ne
897 773 987 799 ossa
1024 762 1181 811 quidem
1222 761 1503 799 exstinctorum
1540 759 1612 798 fuit
1651 760 1718 810 qui

251 821 477 858 necessariis
497 821 545 858 ad
568 822 806 872 sepulturam
823 821 1017 867 redderet,
1045 821 1115 859 sed
1145 828 1254 872 peste
1275 822 1409 872 jacent
1434 820 1607 871 oppressi
1635 825 1714 857 tam

253 881 336 919 dira
351 887 407 927 ut,
428 894 478 919 ne
504 889 645 920 caetera
664 894 975 926 commemorem,
996 882 1079 931 ipso
1111 882 1208 920 adeo
1232 883 1307 920 hoc
1333 889 1413 920 tam
1432 881 1583 931 vulgari
1601 888 1717 930 atque

252 949 331 981 tarn
360 942 580 981 necessario
604 942 749 981 honore
769 942 978 980 carendum
1004 942 1097 993 ipsis
1118 950 1235 980 esset.
1294 942 1452 986 Verum,
1479 953 1564 992 age,
1591 948 1717 979 trans-

252 1004 404 1042 mittam
430 1003 540 1041 istaec
565 1003 746 1053 equidem
773 1016 876 1041 nunc
897 1003 1062 1046 silentio,
1093 1002 1232 1053 quibus
1253 1001 1516 1053 deplorandis,
1535 1014 1574 1039 re
1599 1001 1718 1047 facta,

252 1064 347 1102 nihil
374 1064 597 1115 profecero:
629 1070 680 1109 at,
701 1064 876 1114 quamvis
906 1064 1045 1101 horum
1066 1063 1182 1101 fuerit
1208 1076 1291 1101 sors
1322 1061 1564 1108 miserabilis,
1592 1062 1717 1100 multo

254 1132 384 1162 tamen
411 1124 663 1162 miserabilior
682 1123 774 1161 mihi
801 1123 951 1162 videtur
979 1136 1065 1161 esse
1086 1136 1169 1161 sors
1197 1123 1404 1161 liberorum
1430 1113 1716 1172 Aristophanis.

254 1185 345 1224 Non
365 1186 466 1224 enim
488 1185 747 1231 solummodo,
767 1198 854 1223 curn
875 1185 1069 1223 neminem
1089 1185 1258 1223 omnium
1274 1197 1398 1235 neque
1418 1183 1572 1235 publice
1591 1195 1719 1234 neque

254 1248 429 1300 privatim
454 1247 660 1295 laesissent,
681 1254 818 1286 contra
838 1247 937 1299 juris
965 1247 1082 1285 vestri
1109 1253 1254 1285 statuta
1278 1245 1511 1297 patrimonio
1532 1251 1624 1283 sunt
1649 1245 1717 1282 de-

254 1310 413 1355 nudati;
455 1322 585 1346 verum
615 1310 746 1355 etiarn,
780 1323 867 1360 quae
901 1309 984 1346 sola
1015 1308 1142 1345 adhuc
1180 1308 1329 1357 reliqua
1358 1319 1515 1345 manere
1543 1312 1721 1357 potuerat

256 1384 345 1422 spes
363 1376 405 1408 ut
424 1370 472 1407 ab
492 1381 563 1406 avo
594 1368 871 1418 [Nicophemo]
903 1367 1029 1405 saltim
1050 1367 1242 1405 alerentur
1269 1368 1301 1405 si
1321 1367 1438 1405 fatale
1470 1367 1563 1416 ipsis
1582 1366 1721 1404 fuisset

254 1440 364 1484 patre
384 1431 523 1477 orbari,
539 1430 601 1468 vel
623 1443 669 1467 ea
688 1430 772 1480 ipsa
790 1441 946 1479 quoque
968 1441 1057 1479 spes
1071 1430 1109 1465 in
1123 1429 1227 1466 exitu
1248 1429 1308 1467 avi
1328 1436 1407 1466 tam
1427 1430 1582 1466 funesto
1603 1434 1721 1478 atque

255 1492 495 1531 lamentabili
513 1490 730 1542 exspiravit.
788 1489 871 1527 Nos
891 1490 995 1540 ipsos
1025 1489 1193 1539 denique
1212 1490 1340 1527 videte
1363 1495 1586 1540 nostraeque
1606 1489 1722 1527 sortis

258 1553 434 1592 duritiem
479 1558 596 1602 atque
640 1551 895 1601 iniquitatem.
971 1550 1160 1588 Affinibus
1196 1550 1333 1601 privati
1380 1550 1539 1601 [sororis
1578 1557 1722 1588 nostrae

259 1628 393 1654 socero
425 1621 462 1652 et
489 1613 659 1662 marito]‚
688 1613 818 1651 dotem
849 1612 969 1650 sorori
995 1625 1085 1649 curn
1113 1611 1327 1649 elocaretur
1359 1624 1381 1649 a
1410 1618 1519 1662 patre
1549 1611 1723 1649 additam

259 1676 456 1715 amisimus
472 1689 481 1714 z
510 1687 588 1713 una
607 1687 696 1713 cuin
717 1686 844 1712 sorore
863 1679 940 1712 tres
956 1674 1037 1725 ejus
1057 1673 1198 1711 liberos
1216 1672 1317 1711 alere
1336 1684 1499 1710 necesse
1519 1671 1722 1710 habemus.

261 1738 323 1776 Ne
347 1737 423 1775 hoc
449 1736 606 1787 quidem
634 1735 870 1773 miseriarum
892 1735 984 1772 satis
1005 1740 1078 1772 est.
1137 1734 1171 1770 A
1197 1733 1352 1771 nefariis
1378 1731 1720 1771 calumniatoribus

260 1799 417 1850 insuper
443 1797 696 1848 exagitamur,
723 1802 762 1834 et
788 1796 826 1833 in
856 1795 1071 1846 periculum
1097 1794 1321 1845 conjicimur
1354 1794 1457 1832 avita
1481 1795 1585 1831 bona
1610 1793 1722 1831 amit-

264 1859 385 1906 tendi,
412 1872 499 1910 quae
531 1859 693 1910 majores
727 1857 898 1896 honestis
933 1858 1079 1895 artibus
1107 1856 1392 1906 quaesiverunt:
1423 1854 1594 1901 tametsi,
1613 1867 1637 1892 o
1663 1854 1723 1905 ju-

263 1921 385 1968 dices,
405 1928 514 1972 pater
533 1933 643 1957 meus
671 1926 754 1957 tota
779 1918 856 1956 vita
875 1918 906 1956 is
926 1918 1014 1963 fuit,
1043 1918 1108 1968 qui
1132 1918 1222 1969 plus
1247 1929 1491 1955 nummorum
1515 1915 1659 1954 soleret
1684 1915 1724 1952 in

262 1982 540 2034 rempublicam
573 1993 690 2030 quarn
717 1981 755 2016 in
789 1987 908 2018 semet
940 1979 1259 2029 necessariosque
1285 1990 1457 2029 erogare.
1522 1976 1723 2027 Erogavit,

262 2044 407 2083 credite
427 2042 531 2087 mihi,
553 2042 726 2091 erogavit
751 2042 790 2077 in
809 2040 1087 2090 rempublicam
1105 2040 1223 2091 duplo
1241 2039 1330 2090 plus
1350 2051 1465 2089 quam
1485 2038 1597 2076 nobis
1617 2051 1722 2076 nune

262 2106 302 2144 in
321 2105 482 2144 fortunis
503 2110 587 2141 est:
619 2102 667 2140 de
683 2114 760 2151 quo
780 2107 884 2139 certo
904 2100 997 2138 mihi
1015 2107 1186 2150 constat,
1206 2100 1272 2150 qui
1296 2112 1400 2149 saepe
1427 2098 1599 2136 affuerim
1625 2099 1726 2150 patri

263 2173 440 2217 sumptus
471 2179 493 2202 a
521 2177 561 2201 se
594 2164 634 2201 in
668 2161 947 2213 rempublicam
978 2161 1105 2199 factos
1136 2159 1390 2211 computanti.
1449 2160 1579 2197 Nolite
1607 2159 1725 2210 igitur

264 2227 480 2266 temeritate
506 2224 719 2277 praejudicii
745 2223 861 2261 vestri
883 2236 970 2260 eum
997 2222 1218 2274 cupiditatis
1249 2221 1447 2266 damnare,
1473 2220 1538 2270 qui
1565 2232 1654 2257 cum
1681 2220 1721 2258 in

264 2304 305 2329 se
341 2302 544 2341 perparum
578 2295 657 2324 turn
690 2287 727 2323 in
765 2298 832 2323 vos
863 2285 1068 2334 quotannis
1103 2282 1426 2333 quamplurimum
1462 2281 1723 2332 impenderet:

266 2352 449 2389 damnate
474 2348 601 2399 potius
623 2347 725 2391 illos,
755 2346 821 2396 qui
841 2358 917 2383 non
943 2344 1172 2396 patrimonia
1192 2343 1313 2381 solum
1337 2342 1406 2380 sed
1428 2343 1544 2380 etiam
1570 2342 1726 2380 aliunde

267 2412 300 2450 si
325 2411 419 2462 quid
450 2410 645 2460 acquirere
676 2407 882 2458 potuerint,
904 2407 944 2444 id
976 2405 1206 2457 turpissimis
1234 2403 1498 2455 voluptatibus
1525 2402 1728 2453 prodigere

267 2478 563 2512 consueverunt.
640 2469 814 2506 Arduum
851 2467 1002 2517 quidem
1044 2473 1103 2504 est
1142 2478 1297 2503 causam
1332 2477 1446 2515 agere
1479 2470 1518 2501 et
1544 2463 1727 2500 adversus

268 2534 499 2585 opinionem,
534 2544 622 2581 quae
655 2531 862 2568 multorum
899 2529 1034 2567 animis
1071 2540 1228 2578 prorsus
1263 2525 1455 2564 abnormis
1486 2523 1641 2569 insedit,
1679 2525 1736 2562 dev

268 2594 533 2647 magnitudine
565 2591 779 2630 divitiarum
812 2604 835 2628 a
866 2590 1109 2641 Nicophemo
1145 2589 1387 2630 relictarum;
1429 2593 1510 2623 tum
1543 2585 1727 2624 adversus

268 2657 385 2703 illam,
406 2668 492 2706 quae
516 2666 621 2692 nunc
640 2652 714 2690 hac
733 2652 772 2688 in
792 2651 947 2689 civitate
967 2657 1117 2701 regnat,
1137 2656 1280 2700 paratae
1300 2647 1476 2698 pecuniae
1499 2646 1699 2684 caritatem
1717 2660 1727 2689 ;

271 2719 438 2768 denique
467 2716 654 2754 adversus
681 2712 869 2758 aerarium,
896 2724 983 2749 cum
1009 2724 1084 2761 quo
1113 2711 1222 2749 nobis
1254 2711 1326 2747 hoc
1353 2714 1548 2746 certarnen
1573 2707 1727 2745 forense

271 2776 549 2816 decertandum
586 2782 672 2813 est:
715 2779 992 2817 verumtamen,
1025 2771 1096 2809 etsi
1122 2777 1181 2809 tot
1210 2770 1404 2819 tantisque
1431 2768 1601 2817 undique
1631 2768 1731 2817 septi

272 2847 473 2878 teneamur
499 2835 801 2881 difficultatibus,
827 2833 938 2872 facile
958 2840 1087 2870 tamen
1113 2831 1346 2881 intelligetis,
1374 2828 1657 2867 criminationes
1681 2827 1730 2864 ab

273 2898 559 2939 accusatoribus
590 2897 630 2935 in
658 2909 730 2934 nos
759 2896 920 2934 intortas
940 2906 1072 2932 omnes
1095 2892 1210 2930 falsas
1240 2897 1355 2941 atque
1388 2890 1594 2929 mendaces
1626 2899 1726 2925 esse.

277 2961 468 3006 Quocirca
483 2959 621 3010 quibus
640 2970 797 3009 possum
817 2955 941 2995 modis
960 2953 1217 2993 contentionis
1247 2953 1434 2991 acerrimis
1455 2963 1527 3004 ego
1547 2961 1616 2988 vos
1634 2960 1730 2997 rogo
