1822 3219
448 145 555 181 PRO
586 143 746 180 CAEDE
776 141 1202 181 ERATOSTHENIS.
1478 146 1546 182 151

107 253 223 291 ctam,
242 246 376 283 orabat
403 245 582 295 supplex,
603 252 646 281 ut
664 256 705 281 se
724 256 770 281 ne
790 243 1020 288 occiderem,
1041 244 1109 281 sed
1138 245 1280 282 mulcta
1302 245 1466 294 quadam
1487 258 1554 295 pe-

107 306 277 345 cuniaria
295 305 386 344 mihi
405 306 581 343 satisfieri
599 311 761 356 paterer.
825 303 927 341 Non
962 316 1049 353 ego
1083 311 1125 340 te
1154 304 1358 353 (inquam),
1394 305 1555 342 Erato-

110 367 294 412 sthene,
331 366 558 410 occidam,
593 365 673 404 sed
711 364 899 403 occidet
934 371 980 402 te
1016 364 1182 414 patrssiae
1220 364 1307 408 lex,
1338 378 1474 414 quam
1510 372 1556 402 tu

110 429 265 478 legem
301 427 546 477 migrando
583 425 855 471 declarasti,
894 432 936 462 te
974 437 1071 462 eam
1105 425 1234 462 hisce
1271 424 1365 462 tuis
1403 425 1559 462 libidi—

109 489 247 537 ni2bus
285 486 631 538 postposuisse,
667 493 808 534 atque
845 485 1065 523 maluisse
1105 492 1284 522 tantum
1321 484 1480 521 scelus
1515 486 1559 522 in

111 561 253 586 uxore
283 548 545 596 liberisque
577 545 690 584 meis
720 546 1022 590 committere,
1051 558 1186 596 quam
1215 544 1402 594 legibus
1431 545 1562 582 obse-

110 608 189 658 qui
220 615 266 645 et
300 607 527 657 pudorem
560 619 652 657 prae
689 611 734 642 te
773 606 909 643 ferre.
973 607 1036 644 Sic
1067 606 1221 643 demum
1254 606 1317 642 ille
1348 605 1562 643 mercedem

112 668 289 706 facinoris
310 679 332 704 a
353 678 414 704 me
433 666 521 704 tulit
544 679 643 712 eam,
663 678 777 716 quam
806 666 911 716 leges
939 666 1154 704 decernunt
1182 665 1274 703 talia
1303 665 1561 709 audentibus;

113 740 189 766 non
210 728 308 765 intro
323 734 495 777 raptatus
512 728 560 765 de
575 728 647 773 via,
662 740 787 778 neque
808 739 830 764 a
849 728 936 765 foco
960 741 1026 776 per
1040 728 1115 765 vim
1135 729 1364 772 abstractus,
1381 728 1431 765 ad
1450 741 1564 778 quern

112 801 189 827 non
208 788 397 837 confugit,
418 788 572 826 tametsi
595 788 647 833 hi,
666 787 872 825 necessarii
899 794 939 825 et
958 788 1130 825 vindices
1156 788 1249 839 ejus,
1269 788 1374 825 aiunt
1397 789 1565 826 factum:

113 849 225 899 ecqui
245 848 344 886 enim
366 848 416 885 ad
435 861 540 886 aram
557 847 774 898 confugerit
794 847 837 893 is,
854 847 918 897 qui
939 847 1064 885 statim
1085 850 1133 885 ab
1150 848 1294 885 inflicta
1311 847 1427 898 plaga
1444 848 1481 884 in
1504 861 1568 885 cu-

112 908 259 954 biculo,
278 908 344 945 ubi
361 920 429 946 ara
455 908 564 946 nulla
583 914 657 954 est,
678 908 898 953 conciderit,
918 916 956 946 et
976 909 1085 960 cujus
1107 921 1181 959 ego
1200 921 1337 946 manus
1357 915 1567 946 retroactas

114 968 420 1014 constrinxerim,
434 975 473 1006 et
489 969 555 1019 qui
571 975 629 1006 tot
646 981 804 1006 numero
822 968 996 1007 homines
1017 969 1212 1019 ingressos
1230 969 1334 1006 haud
1356 968 1569 1019 effugisset,

115 1029 147 1067 si
167 1036 331 1068 conatus
360 1035 465 1067 esset
484 1028 697 1079 auffugere,
715 1041 792 1066 non
813 1029 928 1075 ferro,
948 1042 1024 1066 non
1044 1030 1161 1075 fuste,
1181 1042 1257 1066 non
1286 1029 1359 1067 alio
1387 1029 1568 1080 quopiam

118 1102 309 1127 armorum
338 1102 479 1140 genere
508 1089 727 1135 instructus,
753 1102 831 1139 quo
857 1089 1051 1139 ingressos
1077 1090 1238 1127 forsitan
1264 1089 1519 1139 profligasset,
1539 1091 1570 1127 si

115 1150 243 1188 liberis
272 1150 329 1188 uti
361 1151 534 1188 manibus
566 1150 780 1201 potuisset?
828 1150 972 1187 Verum
1003 1151 1101 1187 enim
1129 1160 1231 1187 vero·
1252 1150 1355 1200 ipsos
1385 1162 1463 1195 vos,
1489 1150 1571 1196 viri,

115 1209 220 1247 haud
239 1209 375 1260 fugere
396 1210 568 1255 arbitror,
582 1210 713 1259 iniqua
731 1209 981 1259 designantes
1001 1222 1078 1247 non
1100 1210 1223 1247 solere
1244 1209 1416 1246 confiteri
1437 1209 1573 1247 adver-

117 1269 236 1307 sarios
257 1282 345 1307 vera
365 1269 505 1316 dicere,
521 1270 590 1309 sed
611 1268 817 1306 mendaciis
837 1269 965 1319 potius
985 1282 1007 1306 a
1027 1283 1068 1307 se
1087 1269 1261 1307 confictis
1283 1269 1441 1319 aliisque
1461 1270 1570 1307 malis

118 1329 264 1367 artibus
299 1329 482 1367 invidiam
517 1335 630 1380 atque
668 1329 755 1367 odia
781 1329 876 1379 justi
910 1336 948 1367 et
978 1329 1076 1380 aequi
1112 1330 1293 1368 studiosis
1330 1330 1571 1369 consciscere

119 1389 307 1428 laborare.

170 1452 208 1487 7.
239 1452 340 1488 Ante
359 1450 488 1488 omnia
505 1450 630 1500 legem
649 1456 690 1488 tu
711 1450 801 1488 mihi
821 1450 951 1488 recita.

782 1559 901 1595 LEX.

121 1627 211 1666 Non
234 1628 477 1679 ,repugnabat
498 1627 774 1666 Eratosthenes
801 1628 849 1666 de
873 1629 1008 1679 injuria
1038 1628 1128 1666 mihi
1147 1630 1264 1675 facta,
1287 1632 1356 1669 sed
1384 1632 1577 1672 fatebatur

121 1701 231 1732 eam;
263 1695 303 1726 at
322 1687 503 1727 offerebat
521 1689 704 1727 mulctam
724 1702 812 1740 quae
838 1689 981 1727 crimen
1001 1689 1132 1736 lueret,
1153 1691 1376 1743 caedemque
1396 1694 1576 1745 supplici·

121 1756 178 1787 ter
196 1749 486 1799 deprecabatur.
543 1749 630 1799 Ego
649 1762 738 1788 vero
766 1749 868 1787 haud
897 1750 1115 1788 concedens
1143 1752 1384 1791 aestimationi
1410 1755 1577 1793 criminis

123 1810 172 1847 ab
190 1808 274 1858 ipso
297 1808 502 1846 criminoso
531 1808 682 1847 sibimet
707 1810 938 1857 constitutae,
959 1824 1111 1861 aequum
1132 1811 1319 1850 ducebam
1342 1814 1467 1864 legem
1488 1818 1576 1854 civi-

123 1868 210 1907 tatis
226 1869 352 1919 potius
371 1869 559 1907 obtinere:
590 1870 772 1920 quocirca
786 1871 992 1909 vindictam
1013 1873 1159 1922 sumpsi
1178 1886 1276 1919 eam,
1292 1887 1407 1924 quam
1422 1889 1490 1914 vos
1508 1878 1575 1915 ad-

127 1942 258 1968 versus
279 1941 409 1967 omnes
436 1929 654 1980 hujusmodi
681 1931 834 1981 flagitiis
861 1932 1012 1970 deditos
1040 1933 1212 1971 edixistis
1231 1941 1347 1984 atque
1366 1936 1575 1987 legitimam

123 1990 316 2029 sanxistis.
370 1989 607 2028 Adscendite
626 1990 703 2029 huc
723 2005 804 2038 VOS,
821 1994 885 2042 qui
906 1994 1081 2032 testaturi
1097 1996 1188 2033 estis
1204 1996 1254 2034 de
1272 1997 1431 2036 veritate
1451 2000 1502 2036 rei
1523 2001 1577 2038 sic

127 2057 169 2088 ut
187 2063 209 2088 a
227 2063 288 2088 me
307 2057 460 2089 narrata
479 2057 535 2089 est
551 2058 687 2102 gestae.

672 2160 1023 2200 TESTIMONIA.

130 2235 267 2274 Recita
282 2235 370 2273 mihi
391 2242 578 2286 praeterea
597 2236 698 2274 hanc
717 2236 841 2288 legem
862 2251 908 2276 ex
929 2238 1039 2289 cippo
1059 2221 1342 2292 Areopagitico.

793 2346 910 2384 LEX.

130 2419 299 2467 Auditis,
317 2419 398 2466 viri,
416 2420 596 2458 tribunali
616 2421 670 2459 illi
686 2423 972 2473 Areopagiti00‚
989 2424 1050 2461 cui
1065 2426 1131 2474 jus
1152 2426 1189 2463 in
1212 2429 1335 2467 causis
1351 2433 1578 2481 capitalibus

130 2481 179 2518 de
199 2480 391 2531 spiritibus
409 2480 547 2518 civium
568 2483 848 2532 pronunciandi
869 2490 908 2521 et
924 2497 971 2522 ex
992 2486 1148 2536 antiquo
1168 2488 1352 2539 majorum
1368 2504 1469 2530 more
1490 2507 1577 2543 pro-

131 2541 254 2590 prium
280 2547 319 2578 et
339 2541 523 2579 memoria
541 2548 667 2580 vestra
698 2542 913 2581 restitutum
939 2554 1056 2595 atque
1082 2548 1341 2586 contributum
1366 2560 1435 2596 est,
1455 2553 1578 2602 planis

133 2607 173 2638 et
196 2601 386 2651 expressis
408 2602 533 2641 verbis
562 2602 659 2652 legis
688 2603 911 2654 imperatam
939 2612 1055 2655 atque
1080 2609 1340 2659 praescriptam
1367 2610 1466 2649 hanc
1491 2626 1578 2653 esse

129 2660 226 2711 juris
245 2661 461 2707 formulam,
482 2669 525 2700 ut
543 2663 650 2701 illum
669 2664 788 2703 caedis
809 2656 912 2703 reum
931 2668 1075 2705 factum
1102 2668 1207 2705 nefas
1227 2670 1275 2706 sit
1294 2671 1479 2720 damnari,
1498 2676 1576 2725 qui,

133 2733 219 2759 cum
249 2722 440 2760 moechum
467 2723 765 2774 deprehenderit
788 2728 918 2764 uxoris
944 2740 1025 2765 suae
1052 2729 1294 2778 amplexibus
1327 2731 1577 2783 implicatum,

134 2782 324 2833 ejusmodi
355 2796 488 2833 poenas
516 2785 566 2823 de
596 2798 655 2832 eo,
674 2799 770 2836 quas
798 2799 873 2837 ego
899 2788 946 2825 de
974 2789 1226 2827 Eratosthene
1252 2793 1397 2842 repetii,
1419 2804 1577 2846 repetat.

134 2842 251 2893 Legis
277 2843 392 2894 hujus
422 2852 556 2884 auctor
574 2847 623 2884 de
644 2847 991 2888 matribusfamilias
1012 2858 1087 2887 tam
1110 2864 1242 2889 severe
1258 2853 1376 2892 voluit
1396 2855 1580 2908 haecjura
