1822 3219
231 179 304 215 122
559 171 865 212 ANDocmls
896 172 969 209 DE
999 172 1103 210 suo
1134 158 1356 211 Reum-U.

226 279 274 316 ab
294 289 425 315 eorum
442 276 635 314 insidiosis
654 282 694 314 et
721 275 770 313 ad
799 273 1074 325 imponendum
1104 273 1327 325 compositis
1355 273 1590 312 orationibus
1620 274 1678 311 in-

229 338 318 375 duci
337 350 406 374 vos
426 336 652 387 pateremini
672 335 722 373 ad
743 335 904 372 consilia
923 333 1154 384 capiendum
1175 334 1368 371 teterrima
1383 333 1567 384 vobisque
1586 334 1678 384 ipsis

228 398 554 449 pestilentissima,
576 404 619 434 ut
639 407 778 441 nempe
803 395 1008 445 pristinum
1027 402 1198 432 vestrum
1224 394 1424 444 imperium
1452 406 1538 431 cum
1568 395 1683 432 servi-

230 465 313 496 tute
332 458 545 503 mutaretis,
564 458 638 494 hoc
657 463 731 500 est,
754 463 809 500 ut,
828 454 981 505 prodita
999 454 1175 492 libertate
1190 461 1230 492 et
1247 454 1464 505 aequalitate
1478 454 1578 504 juris
1588 454 1681 492 civi·

229 519 290 564 lis,
305 531 513 569 paucorum
528 517 767 568 optimatium
784 517 821 553 in
838 521 1067 565 potestatem
1081 528 1149 553 vos
1164 515 1370 559 dederetis‚
1388 514 1496 552 eccui
1509 514 1682 553 mirabile

228 579 353 631 possit
374 579 508 623 videri,
534 579 565 616 si
591 577 740 615 callidae
771 584 885 626 atque
920 576 1103 626 captiosae
1135 576 1324 614 orationes
1351 577 1544 627 imponere
1573 575 1682 613 vobis

228 646 450 690 potuerunt,
464 646 506 676 ut
523 638 688 688 iniquius
704 638 752 674 de
772 649 833 674 me
850 635 1097 674 statueretis?
1127 636 1416 681 Verumtamen,
1431 635 1683 687 quemadmo-

230 701 324 739 dum
342 701 380 738 in
400 699 536 737 vestris
557 700 808 749 ipsorummet
838 698 966 742 rebus,
988 697 1018 733 si
1047 696 1139 746 quid
1160 710 1182 734 a
1211 697 1353 735 dolosis
1378 697 1597 735 auctoribus
1615 695 1683 733 de-

232 761 333 812 cepti
363 759 633 809 deliquissetis,
655 771 786 796 eorum
813 758 980 801 decreta,
1002 757 1065 806 qui
1092 757 1192 795 male
1212 758 1318 794 vobis
1347 763 1563 801 suaserant,
1581 755 1685 794 irrita

230 822 388 867 fecistis,
410 834 458 858 ex
475 833 551 870 quo
570 826 735 856 vestram
752 818 853 855 illam
870 818 1067 868 pristinam
1079 818 1294 855 libertatem
1311 824 1426 868 atque
1444 817 1683 867 majestatem

231 882 505 933 recuperastis3
525 881 579 918 ita
590 880 704 918 velim
719 891 785 917 vos
802 879 850 916 de
871 891 929 915 me
943 890 1109 928 quoque,
1125 879 1155 916 si
1169 879 1260 928 quid
1274 877 1541 915 inclementius
1557 876 1683 914 alieno

232 952 339 983 motu
365 944 589 989 statueritis,
608 943 646 980 id
661 944 844 992 abrogare
868 948 981 991 atque
1007 942 1293 979 exsecutionem
1324 944 1406 989 ejus
1432 941 1681 992 supprimere,

231 1018 463 1056 operamque
489 1004 592 1049 dare,
619 1010 660 1040 ut
685 1015 810 1053 neque
832 1002 906 1039 hac
926 1001 965 1038 in
986 1014 1026 1039 re
1050 1015 1171 1052 neque
1192 1002 1230 1039 in
1256 1001 1430 1039 ullaralia
1454 1013 1683 1053 quacunque

236 1078 324 1105 cum
342 1064 610 1104 inimicissimis
629 1063 747 1101 vestri
764 1062 983 1100 hominibus
1002 1063 1220 1101 consentire
1239 1062 1456 1102 videamini.
