1822 3219
641 464 1054 516 LYSIAE

361 609 741 658 CONTRA
814 612 1330 660 ERGOCLEM

685 741 1001 783 EPILOGUS.

175 948 208 983 1.
241 948 469 987 Enooc-„Es
498 947 562 985 hic
590 960 753 997 quorum
783 955 842 985 est
873 947 1074 985 criminum
1104 949 1362 993 insimulatus,
1392 962 1437 987 ea
1465 957 1569 995 sunt,

111 1006 274 1055 judices,
294 1017 332 1046 et
362 1021 520 1046 numero
541 1016 598 1045 tot
618 1016 655 1045 et
674 1015 752 1046 tarn
772 1009 930 1055 atrocia,
947 1016 989 1046 ut
1007 1023 1056 1046 ne
1077 1010 1188 1046 unius
1209 1010 1361 1059 quidem
1382 1011 1571 1062 cujusque

115 1069 293 1108 facinoris
313 1085 444 1122 poenas
464 1072 626 1109 daturus
648 1077 708 1108 sat
727 1083 889 1120 magnas
908 1071 1092 1108 mortibus
1106 1071 1165 1108 vel
1182 1072 1308 1109 decies
1324 1072 1466 1109 iteratis
1481 1072 1570 1109 mihi

117 1132 302 1170 videatur.
371 1135 484 1178 Nam,
519 1140 561 1171 ut
590 1146 691 1170 nunc
724 1133 855 1183 liquet,
886 1133 1078 1183 urbesque
1110 1134 1279 1183 prodidit
1310 1141 1350 1171 et
1380 1146 1570 1183 proxenos

115 1193 299 1244 civesque
318 1202 467 1232 vestros
488 1193 837 1244 depraedationibus
862 1193 1024 1244 aliisque
1046 1194 1286 1231 contumeliis
1307 1194 1474 1239 violavit,
1493 1201 1532 1231 et
1550 1207 1571 1231 e

112 1255 269 1304 vpeculio
290 1262 418 1292 vestro
433 1255 539 1292 dives
561 1268 582 1291 e
602 1267 772 1304 paupere
790 1254 917 1291 factus
938 1262 1011 1291 est.
1070 1254 1192 1304 Ecqui
1211 1255 1369 1292 tandem
1390 1254 1448 1291 his
1468 1255 1575 1304 igno-

113 1328 218 1353 scere
238 1316 423 1366 poteriris,
445 1329 607 1366 quorum
628 1315 740 1365 culpa
769 1315 914 1351 factum
941 1321 1013 1359 est,
1034 1321 1076 1351 ut
1102 1315 1237 1352 classis
1257 1314 1410 1365 quidem
1433 1322 1571 1360 vestra,

114 1375 178 1412 eui
203 1384 408 1426 praeerant,
427 1378 475 1413 ob
504 1389 743 1412 nummorum
775 1376 973 1426 penuriam
1005 1375 1295 1421 dissolveretur,
1314 1388 1572 1425 numerusque

117 1436 270 1473 navium
289 1437 428 1487 ingens
457 1436 506 1474 ad
534 1437 766 1486 paucitatem
795 1436 1051 1485 redigeretur:
1081 1436 1153 1487 ipsi
1180 1444 1322 1481 autern,
1342 1436 1407 1486 qui
1432 1436 1521 1473 hinc
1549 1449 1571 1473 e

116 1504 228 1546 portu
255 1504 385 1534 nostro
413 1509 601 1547 pauperes
629 1509 834 1547 rerumque
863 1505 1020 1546 egentes
1048 1498 1215 1534 omnium
1244 1498 1365 1535 evecti
1392 1497 1570 1542 fuissent,

115 1565 193 1595 tam
214 1565 372 1608 repente
388 1564 466 1595 tam
485 1558 659 1607 ingentes
678 1557 927 1595 corraderent
947 1571 1038 1607 opes
1057 1565 1099 1594 ut
1118 1558 1255 1595 civium
1272 1558 1438 1595 omnium
1458 1571 1573 1595 nemo

115 1618 166 1655 sit
188 1619 250 1655 cui
281 1618 357 1655 sint
386 1618 615 1667 ampliores?
662 1618 843 1654 Vestrum
870 1618 1000 1667 itaque
1027 1624 1098 1663 est,
1120 1618 1391 1662 Athenienses,
1416 1619 1454 1655 in
1482 1618 1574 1655 talia

111 1679 282 1716 facinora
301 1679 617 1716 animadvertere.
676 1678 791 1715 Foret
811 1679 911 1715 enim
931 1678 1063 1728 utique
1084 1692 1199 1728 grave
1219 1687 1335 1730 atque
1354 1679 1570 1729 indignum,

116 1740 147 1777 si
166 1740 239 1777 hoc
260 1745 432 1789 tempore
450 1739 486 1775 in
508 1739 590 1776 istis
611 1739 787 1789 pecuniae
808 1740 1050 1789 publicaeque
1070 1740 1306 1790 privataeque
1327 1740 1513 1791 angustiis
1533 1746 1575 1778 et

114 1800 150 1837 in
174 1800 246 1837 ista
272 1799 597 1836 contributionum
627 1800 766 1849 quibus
794 1800 1039 1837 exinanimini
1068 1800 1312 1838 multitudine
1339 1802 1487 1839 furibus
1508 1816 1572 1840 ve-

114 1860 202 1898 stris
228 1860 480 1910 ignosceretis
509 1861 738 1910 caeterisque
766 1861 1139 1911 praevaricatoribus,
1160 1863 1226 1912 qui
1244 1862 1510 1912 largitionibus
1532 1877 1573 1902 se

113 1921 269 1958 venales
283 1922 459 1970 praebent
478 1929 517 1958 et
531 1922 628 1972 juris
644 1922 744 1971 aequi
763 1922 1091 1972 dispensationem
1108 1923 1273 1960 nummis
1289 1923 1575 1969 nundinantur;

115 1988 332 2032 postquam,
355 1982 393 2019 id
414 1982 518 2031 quod
538 1982 796 2033 superioribus
816 1984 994 2020 aetatibus
1015 1995 1119 2033 saepe
1139 1984 1282 2021 factum
1302 1997 1387 2021 esse
1407 1991 1574 2031 constat,

114 2054 201 2080 cum
221 2043 347 2081 adhuc
367 2050 405 2081 et
423 2043 581 2094 privatis
607 2045 769 2094 quisque
796 2043 875 2082 suis
903 2044 1056 2081 floreret
1084 2045 1200 2082 rebus
1222 2051 1261 2081 et
1281 2045 1434 2094 publica
1452 2046 1571 2083 vecti-

116 2103 217 2153 galia
238 2104 365 2154 ampla
382 2104 567 2154 lautaque
583 2111 727 2151 essent,
739 2104 982 2154 peculatores
997 2111 1144 2142 vestros
1164 2112 1285 2142 morte
1301 2105 1570 2144 mulctassetis.

168 2167 205 2201 2.
235 2165 499 2216 Thrasybulus
517 2166 555 2202 in
577 2165 697 2202 altum
720 2178 806 2202 cum
830 2165 957 2202 classe
977 2165 1162 2210 exiturus,
1184 2165 1213 2202 si
1232 2166 1456 2216 hujusmodi
1476 2180 1569 2204 con-

116 2224 282 2262 ditiones
297 2226 404 2263 vobis
420 2226 700 2276 proposuisset,
713 2233 769 2271 ut,
779 2239 874 2275 quas
890 2226 944 2263 illi
956 2239 1024 2264 vos
1039 2226 1232 2264 adderetis
1248 2239 1368 2264 novas
1381 2227 1569 2274 triremes,

116 2285 185 2322 bas
205 2286 286 2335 ipse
305 2286 412 2323 vobis
433 2287 609 2324 redderet
630 2287 824 2324 obsoletas
849 2295 967 2337 atque
994 2300 1143 2334 cassas,
1170 2295 1209 2325 et
1237 2288 1409 2337 pericula
1439 2296 1482 2326 ut
1502 2302 1570 2326 vos

113 2346 187 2397 ipsi
217 2347 372 2384 adiretis
401 2348 700 2397 corporibusque
731 2349 867 2385 vestris
894 2349 1124 2394 toleraretis,
1144 2350 1289 2386 fructus
1321 2363 1452 2387 eorum
1481 2362 1570 2387 vero

112 2407 222 2444 amici
240 2407 296 2444 sui
309 2408 561 2458 perciperent,
575 2407 753 2458 idemque
768 2408 1033 2458 Thrasybulus
1051 2410 1081 2446 si
1097 2409 1352 2459 praedixisset,
1371 2411 1422 2446 ita
1437 2423 1475 2446 se
1490 2422 1567 2446 rem

113 2475 325 2517 gesturum,
345 2474 387 2504 ut
406 2481 473 2505 vos
504 2467 655 2517 quidem
687 2469 951 2518 magnitudine
979 2476 1096 2520 atque
1125 2471 1349 2508 assiduitate
1374 2469 1568 2506 contribu-

113 2528 259 2566 tionum
280 2528 587 2574 exhauriremini,
611 2529 798 2579 Ergocles
819 2536 948 2568 autem
973 2532 1179 2581 caeterique
1212 2531 1268 2569 sui
1298 2531 1517 2568 adulatores
1547 2542 1568 2566 e

113 2588 361 2638 pauperrimis
383 2588 522 2625 civium
542 2588 710 2626 omnium
728 2590 862 2627 fierent
877 2590 1180 2642 locupletissimi,
1195 2590 1384 2627 neminem
1399 2597 1567 2628 vestrum

112 2647 282 2685 omnium
303 2654 457 2686 autumo
479 2656 558 2686 turn
580 2663 658 2686 non
683 2663 769 2688 esse
786 2651 1070 2697 confessurum,
1092 2664 1157 2688 vos
1178 2663 1421 2700 nequaquam
1442 2651 1567 2689 fuisse

111 2709 382 2757 commissuros
409 2710 710 2761 ut-Thrasybulo
736 2711 809 2750 hac
835 2711 920 2762 lege
941 2713 1103 2750 classem
1124 2718 1290 2748 vestram
1309 2713 1567 2750 committere-

110 2769 172 2814 tis,
192 2769 260 2806 sed
277 2769 379 2807 exitu
395 2770 516 2819 potius
535 2785 620 2809 eum
639 2772 908 2823 prohibituros.
966 2772 1198 2818 Praesertim,
1214 2785 1333 2821 quum
1357 2775 1484 2812 statim
1517 2776 1565 2813 ab

110 2828 175 2867 illo
195 2829 350 2868 decreto
370 2832 626 2881 promulgato,
643 2846 720 2883 quo
732 2833 921 2878 sanxistis,
936 2839 977 2870 ut
995 2833 1168 2883 pecuniae
1182 2846 1201 2869 e
1217 2833 1329 2871 sociis
1345 2834 1564 2885 redigendae
