1822 3219
284 162 361 198 250
930 166 1095 202 LYSIAE

281 260 421 297 civium
441 260 594 298 fortium
615 268 654 299 et
682 263 928 301 honestorum
949 266 996 302 ad
1027 266 1174 302 furcam
1196 273 1234 303 et
1262 277 1398 304 corvos
1426 267 1565 317 quibus
1591 267 1732 317 dignus

283 326 385 357 esset
400 320 503 358 abire
520 334 529 358 :
560 324 724 372 negabat
740 324 841 360 enim
858 324 1010 369 decere,
1023 325 1252 363 homicidam
1274 338 1363 363 cum
1383 326 1536 376 agmine
1558 327 1734 365 incedere

283 381 334 418 ad
353 382 482 419 sanum
501 383 687 421 Minervae
709 385 745 421 in
762 398 848 422 arce
869 386 982 421 situm
1002 386 1137 424 festiva
1155 399 1241 424 cum
1264 388 1546 438 supplicatione
1564 387 1601 424 in
1615 389 1734 426 armis

282 444 530 493 procedente.
589 445 674 483 Hoc
694 454 808 496 pacto
837 447 1032 495 Agoratus
1053 450 1101 485 ab
1123 448 1273 485 AEsimo
1290 461 1376 486 curn
1403 449 1557 486 infamia
1578 449 1734 500 ableg&-

282 505 405 542 batur.
464 506 565 542 Vera
585 506 667 542 haec
690 519 711 542 a
728 518 788 542 me
809 505 883 542 dici
904 518 980 554 quo
995 509 1102 544 v-obis
1119 515 1285 554 constet,
1301 509 1375 545 cita
1394 515 1436 545 tu
1456 509 1546 546 mihi
1567 516 1697 546 testes.

903 599 1114 636 TESTES.

283 680 446 727 Videtis,
473 681 640 731 judices,
675 695 753 731 qua
789 683 966 733 opinione
1001 684 1166 733 publica,
1197 697 1274 733 qua
1308 684 1422 730 fama,
1456 697 1532 734 quo
1570 685 1736 734 denique

282 740 372 779 loco
396 743 591 791 Agoratus
621 755 741 792 penes
771 743 874 781 cives
905 752 945 781 et
970 744 1073 794 apud
1105 744 1269 795 Phylam
1297 751 1337 782 et
1368 745 1405 781 in
1433 744 1582 783 Piraeeo
1601 745 1735 783 fuerit:

283 814 396 839 nemo
414 814 552 852 nempe
568 815 656 840 cum
677 816 735 849 eo,
755 811 798 841 ut
817 817 903 841 cum
931 804 1135 849 homicida,
1163 817 1358 842 sermones
1376 805 1566 849 caedebat,
1585 812 1623 843 et
1641 817 1737 855 quo—

281 863 409 901 minus
429 863 695 910 trucidaretur,
709 877 808 902 unus
834 866 985 915 Anytus
1005 865 1277 903 intercedebat.
1334 866 1485 909 Quodsi
1513 879 1605 917 ergo
1628 871 1736 904 suam

283 924 334 962 ad
355 924 517 975 Phylam
544 925 822 975 profectionem
842 925 1019 975 jactabit,
1047 926 1234 963 occurrite
1260 926 1294 963 ei
1324 927 1393 972 sic,
1418 933 1464 964 ut
1481 927 1736 977 interrogetis,

281 997 374 1021 num
405 986 557 1036 Anytus
590 986 715 1036 ipsum
748 985 918 1036 periculo
951 985 1084 1023 mortis
1120 985 1312 1036 eripuerit,
1344 999 1431 1023 cum
1463 986 1599 1036 reliqui
1633 987 1736 1024 cives

281 1057 416 1082 omnes
455 1045 578 1095 parati
607 1053 737 1083 essent
762 1046 949 1096 sanguine
975 1046 1058 1096 ejus
1093 1046 1240 1083 scelera
1275 1053 1333 1083 tot
1365 1053 1404 1083 et
1435 1053 1544 1084 tanta
1579 1047 1737 1097 expiare

279 1104 494 1154 civiumque
514 1106 690 1143 manibus
716 1112 943 1156 parentare;
974 1106 1078 1151 item,
1099 1118 1190 1142 num
1213 1105 1380 1144 AEsimus
1401 1112 1552 1144 scutum
1577 1106 1651 1157 ipsi
1668 1106 1738 1144 de·

281 1171 446 1203 tractum
474 1166 558 1203 solo
588 1166 764 1204 afflixerit
793 1179 918 1216 neque
949 1166 1081 1204 siverit
1112 1179 1200 1203 eum
1232 1166 1453 1216 triumphali
1483 1166 1621 1204 civium
1652 1178 1739 1216 pro-

282 1226 447 1263 cessioni
473 1227 681 1270 interesse;
713 1227 893 1276 denique,
913 1239 1004 1263 num
1029 1227 1202 1264 centurio
1222 1239 1322 1263 unus
1347 1226 1480 1276 aliquis
1500 1227 1735 1276 adscriptum

282 1298 362 1323 suae
382 1287 528 1324 cohorti
548 1287 737 1325 habuerit.

336 1348 401 1383 20.
433 1347 487 1383 Ut
506 1353 634 1384 autem
654 1361 720 1385 vos
751 1347 821 1385 has
842 1348 926 1397 ejus
950 1347 1115 1397 reliquas
1146 1347 1300 1384 frivolas
1325 1347 1595 1384 excusationes
1624 1358 1737 1396 repu-

282 1405 452 1455 diabitis,
473 1405 527 1443 ita
545 1406 646 1444 hanc
667 1420 821 1456 quoque
840 1407 1048 1457 repudietis
1068 1406 1181 1443 velim
1204 1419 1282 1443 non
1306 1407 1431 1444 minus
1459 1407 1628 1451 inanem,
1649 1418 1737 1443 cum

284 1465 402 1509 dicet,
424 1479 492 1503 nos
513 1466 623 1503 nimis
645 1467 761 1516 longo
777 1474 864 1516 post
878 1474 1069 1517 patratum
1089 1466 1213 1503 scelus
1233 1474 1406 1517 tempore
1425 1479 1560 1517 poenas
1580 1466 1738 1504 sceleris

283 1533 470 1576 repetere.
529 1526 648 1564 Nulla
661 1528 759 1564 enim
778 1528 868 1564 mihi
882 1528 1032 1564 videtur
1052 1540 1137 1564 esse
1152 1526 1332 1576 temporis
1343 1528 1516 1576 quamvis
1528 1527 1739 1577 longissimi

283 1586 534 1637 praescriptio,
550 1599 617 1637 per
636 1599 751 1636 quam
765 1587 910 1624 scelera
929 1594 1005 1624 tam
1023 1587 1164 1624 atrocia
1182 1587 1445 1636 impunitatem
1460 1587 1740 1637 adipiscantur:

285 1657 421 1687 contra
439 1663 513 1700 ego
532 1650 706 1694 arbitror,
733 1648 953 1699 quicunque
978 1650 1057 1686 sive
1083 1649 1210 1685 statim
1231 1661 1254 1685 a
1281 1655 1433 1700 patrato
1461 1649 1630 1686 facinore
1659 1649 1737 1686 sive
1762 1680 1766 1683 .

286 1711 352 1748 diu
372 1717 463 1761 post
479 1712 517 1748 in
543 1712 607 1760 jus
630 1718 793 1747 vocatus
814 1710 943 1754 fuerit,
964 1722 1048 1746 eum
1081 1716 1255 1760 oportere
1281 1708 1436 1759 planum
1469 1709 1609 1752 facere,
1627 1708 1738 1758 cujus

284 1771 465 1809 facinoris
485 1783 572 1808 reus
599 1778 752 1820 agatur,
772 1770 810 1807 id
837 1770 985 1807 facinus
1006 1776 1072 1807 aut
1092 1783 1113 1806 a
1139 1782 1179 1806 se
1198 1782 1274 1806 non
1301 1782 1384 1806 esse
1404 1770 1648 1807 commissum
1673 1776 1740 1806 aut

279 1832 367 1883 jure
385 1832 546 1869 factum.
603 1831 757 1868 Doceto
787 1831 901 1879 igitur
930 1831 1125 1880 Agoratus
1146 1842 1297 1879 quoque
1315 1830 1399 1880 pari
1421 1829 1549 1874 modo,
1569 1836 1637 1867 aut
1654 1829 1739 1867 illos

285 1893 404 1930 fortes
434 1893 532 1929 viros
556 1905 583 1929 a
614 1905 656 1929 se
677 1904 752 1928 non
773 1904 859 1929 esse
887 1898 1120 1941 peremptos,
1142 1898 1209 1928 aut
1227 1890 1315 1940 jure
1335 1899 1554 1940 peremptos
1581 1889 1739 1940 optimo,
1788 1907 1795 1912 ·

285 1959 423 2003 utpote
451 1953 640 1990 laedentes
672 1952 911 2002 majestatem
937 1951 1070 2001 populi
1097 1951 1358 1988 Atheniensis.
1415 1950 1529 1993 Quod
1553 1950 1584 1987 si
1610 1956 1738 1988 autem

287 2026 373 2058 nos,
394 2012 625 2063 quidudum
654 2013 910 2050 debueramus
930 2013 966 2049 in
995 2025 1080 2049 eum
1107 2011 1424 2055 animadvertere,
1455 2023 1557 2048 nunc
1585 2010 1740 2048 demum

286 2080 397 2111 tanto
418 2081 590 2123 tempore
615 2080 704 2124 post
724 2073 1080 2118 animadvertimus,
1105 2072 1247 2110 habeto
1273 2072 1384 2109 nobis
1403 2071 1486 2121 ejus
1512 2071 1566 2109 rei
1585 2071 1740 2121 gratias,

287 2136 395 2186 quod
421 2149 462 2173 se
482 2136 587 2187 passi
614 2136 733 2173 simus
759 2143 839 2173 tam
859 2135 938 2180 diu,
959 2142 1096 2173 contra
1113 2147 1227 2184 quam
1249 2135 1452 2185 oportebat
1476 2133 1569 2176 fieri,
1589 2134 1626 2170 in
1649 2134 1739 2170 vivis

289 2209 505 2246 superesse,
535 2203 574 2233 et
593 2197 628 2232 in
663 2197 772 2233 lucro
801 2203 952 2245 tempus
982 2197 1056 2233 hoc
1084 2196 1237 2245 ponito:
1279 2195 1346 2231 viri
1368 2202 1498 2231 tamen
1526 2193 1579 2230 illi
1604 2193 1738 2238 fortes,

289 2270 388 2307 quos
415 2257 583 2301 sustulit,
606 2258 658 2294 nil
678 2258 765 2295 ideo
793 2258 918 2294 minus
939 2263 1093 2307 propter
1112 2269 1198 2292 eum
1218 2256 1446 2293 occubuere.
1503 2255 1663 2305 Semper
1683 2262 1741 2292 est

288 2326 493 2366 manetque
530 2318 689 2355 sicarius
726 2330 869 2361 eorum,
901 2317 1053 2354 tametsi
1086 2316 1207 2353 multo
1243 2322 1332 2366 post
1364 2316 1519 2353 demum
1556 2315 1740 2353 latrocinii

287 2376 515 2428 postulatur.
1670 2390 1674 2392 ·
1692 2409 1694 2411 ,

343 2437 409 2473 21.
440 2435 584 2484 Urgere
613 2435 777 2484 denique
802 2436 1015 2486 Agoratum
1035 2435 1110 2474 hoc
1134 2435 1263 2480 audio,
1284 2435 1447 2486 quodxin
1469 2433 1599 2472 libello
1623 2447 1738 2472 uocu-

290 2496 446 2542 satorio‚
466 2503 599 2534 contra
619 2509 659 2533 se
683 2495 722 2532 in
745 2496 817 2534 hac
837 2509 955 2534 causa
974 2495 1157 2542 exhibito,
1176 2509 1262 2547 quae
1287 2494 1338 2534 sit
1362 2508 1483 2534 causa
1509 2496 1737 2543 ἀπαγωγῆς,

290 2559 401 2610 cujus
418 2556 521 2595 modi
540 2568 668 2594 causae
683 2556 718 2592 in
741 2556 842 2593 fures
857 2565 896 2594 et
914 2558 1081 2595 latrones
1108 2564 1223 2607 atque
1243 2557 1396 2594 sicarios
1416 2555 1680 2601 instituuntur,
1701 2557 1738 2595 in

292 2620 441 2659 scelere
461 2617 723 2669 deprehensus
738 2616 886 2655 dicatur
903 2618 955 2654 ἐπ’
969 2620 1165 2668 αὐτοφώρῳ
1180 2631 1190 2660 ;
1221 2616 1449 2654 homicidam
1465 2628 1554 2653 vero
1566 2616 1620 2653 ἐπ’
1634 2620 1741 2654 αὺτο-

293 2683 397 2732 φὼρῳ
417 2693 458 2718 se
479 2689 719 2728 nequaquam
746 2689 844 2714 esse.
904 2677 986 2727 Ego
1019 2691 1108 2716 vero
1134 2691 1194 2715 me
1221 2689 1321 2726 nego
1347 2675 1440 2713 satis
1469 2676 1594 2713 mirari
1623 2689 1739 2726 posse

290 2741 489 2778 stultitiam
507 2737 687 2780 hominis,
700 2736 730 2772 si
746 2743 971 2786 argumento
986 2745 1114 2774 utetur
1132 2744 1209 2774 tarn
1226 2736 1393 2774 ficulneo
1408 2749 1416 2772 :
1447 2748 1534 2773 nam
1551 2737 1581 2774 si
1599 2736 1737 2775 actioni

293 2813 341 2838 ex
373 2801 483 2838 titulo
510 2801 732 2847 ἀπαγωγῆς,
757 2797 796 2834 h.
818 2810 852 2834 e.
882 2797 921 2833 in
952 2797 1142 2841 sicarium,
1176 2797 1264 2834 ideo
1291 2796 1416 2834 minus
1446 2802 1506 2834 est
1536 2796 1739 2842 obnoxius,

293 2861 398 2911 quod
423 2861 553 2897 libello
580 2858 819 2896 accusatorio
847 2857 1021 2895 clausula
1050 2858 1105 2894 ἐπ’
1125 2860 1319 2908 αὒτοφώρῳ
1346 2857 1394 2895 sit
1412 2857 1622 2907 adscripta,
1646 2869 1738 2895 con·
