1822 3219
673 413 1027 467 LYSIAE

287 537 382 585 DE
419 537 781 585 VULNERE
818 533 1404 585 PRAEMEDITATO

720 651 971 693 ORATIO.

783 767 912 774 .—

178 846 211 882 l.
241 844 400 882 NULLA
432 844 544 882 nobis
583 850 698 894 pacta
740 841 1065 882 reconciliationis
1102 839 1386 885 intercessisse,
1417 839 1466 878 de
1505 839 1578 877 hoc

119 908 223 946 hunc
255 907 445 945 hominem
484 906 731 953 contendere,
766 906 806 943 id
845 918 934 944 vero
964 916 1150 955 perquam
1182 911 1242 942 est
1272 902 1470 942 mirabile:
1500 901 1582 952 qui-

121 982 196 1020 que
223 982 291 1020 par
321 970 437 1006 boum
465 976 659 1006 aratorum
685 974 724 1005 et
750 967 952 1018 mancipia,
979 973 1018 1004 et
1048 978 1294 1017 quaecunque
1326 964 1583 1002 instrumenta

122 1031 266 1068 rustica
290 1043 336 1067 ex
363 1028 642 1079 permutatione
669 1029 871 1079 acceperit,
890 1041 937 1066 ea
961 1041 1001 1066 se
1028 1027 1245 1066 restituisse
1272 1040 1350 1064 non
1379 1032 1509 1077 potest
1527 1026 1581 1063 ire

126 1092 273 1129 inficias
291 1104 301 1134 ;
333 1098 372 1128 at
390 1090 492 1127 idern
513 1097 656 1135 tamen,
683 1090 749 1140 qui
771 1102 886 1140 super
906 1089 1082 1127 omnibus
1102 1090 1216 1126 rebus
1236 1095 1316 1126 tam
1336 1087 1482 1138 liquido
1504 1101 1582 1125 me-

126 1166 214 1190 cum
235 1153 272 1190 in
302 1153 461 1203 gratiam
481 1152 594 1191 rediit
612 1159 655 1190 ut
674 1151 907 1190 dubitationi
939 1152 1048 1189 locus
1074 1150 1205 1189 nullus
1233 1150 1413 1201 supersit,
1435 1163 1514 1187 una
1533 1150 1582 1187 de

126 1214 284 1251 muliere
313 1214 514 1251 contendit
540 1213 637 1251 inter
668 1227 740 1252 nos
767 1225 844 1250 non
874 1212 1116 1258 convenisse,
1147 1219 1191 1249 ut
1219 1224 1265 1249 ea
1294 1212 1376 1262 pari
1401 1210 1490 1262 jure
1513 1224 1584 1248 nos

124 1276 238 1313 ambo
258 1282 465 1313 uteremur.
523 1275 688 1313 Constat
708 1274 816 1312 illum
836 1281 992 1325 propter
1010 1274 1112 1312 hanc
1138 1273 1398 1311 mulierculam
1430 1285 1584 1324 permu-

124 1336 306 1373 tationem
336 1336 524 1373 bonorum
554 1348 706 1373 mecum
739 1337 968 1386 suscepisse,
1001 1342 1041 1374 et
1065 1348 1224 1374 causam
1245 1342 1390 1380 tamen,
1409 1347 1478 1372 cur
1496 1347 1584 1385 quae

124 1410 295 1434 meorum
328 1398 543 1435 abstulerat
571 1411 617 1435 ea
648 1397 740 1434 mihi
770 1397 1195 1436 reddiderit—verum
1225 1397 1335 1435 fateri
1362 1396 1393 1433 si
1412 1395 1505 1434 velit
1520 1418 1585 1443 —-,

125 1458 240 1496 aliam
263 1458 431 1509 allegare
464 1458 609 1496 nullam
635 1458 758 1508 possit
776 1472 894 1508 quam
924 1458 1029 1509 quod
1061 1458 1174 1496 amici
1207 1470 1433 1495 communes
1456 1457 1516 1494 his
1537 1457 1586 1495 de

125 1520 241 1556 rebus
269 1520 448 1557 omnibus
475 1520 574 1557 inter
602 1532 673 1556 nos
700 1519 955 1570 disceptarint
973 1519 1264 1570 deciderintque
1297 1526 1336 1556 et
1355 1531 1583 1570 composue-

124 1581 211 1618 rint.
269 1581 304 1618 O
326 1580 481 1620 >utinam
507 1580 631 1630 judex
655 1580 692 1616 in
717 1580 914 1631 Dionysiis
948 1581 1047 1618 ludis
1083 1588 1187 1618 sorte
1218 1581 1358 1626 faetus,
1387 1579 1587 1618 victoriam

125 1642 238 1680 tribui
264 1650 407 1680 nostrae
433 1641 537 1679 haud
565 1641 850 1692 abjudicasset!
884 1655 961 1692 quo
986 1655 1142 1693 possem
1170 1642 1244 1679 hoc
1274 1643 1328 1679 uti
1358 1648 1586 1691 argumento

126 1705 332 1756 perspicuo
353 1705 402 1742 ad
421 1703 656 1748 docendum,
676 1705 779 1742 bona
798 1717 885 1742 eum
906 1704 982 1742 fide
1001 1717 1154 1743 mecum
1173 1703 1212 1741 in
1233 1704 1394 1754 gratiam
1415 1703 1587 1741 redisse:

124 1767 205 1817 jam
221 1779 310 1804 vero
331 1765 593 1816 spoponderat
614 1764 678 1802 ille
699 1765 856 1815 quidem
888 1765 1033 1816 scripto
1060 1778 1130 1803 sua
1148 1778 1265 1803 manu
1296 1772 1451 1803 exarato
1470 1765 1508 1802 in
1531 1772 1590 1802 ta-

126 1830 228 1867 bulis
247 1828 314 1866 illa
329 1828 413 1878 ipsa
440 1827 488 1865 de
507 1840 627 1865 causa
654 1827 820 1865 conditis
838 1827 1038 1865 victoriam
1056 1828 1171 1865 tribui
1190 1840 1286 1864 meae
1310 1840 1352 1864 se
1371 1839 1457 1865 esse
1476 1826 1588 1878 adju-

129 1891 363 1934 dicaturum,
385 1889 415 1926 si
436 1888 588 1926 eveniat
607 1896 649 1925 ut
675 1901 697 1926 a
717 1895 817 1926 sorte
841 1888 968 1940 judex
989 1889 1238 1940 desig-nemu
1270 1889 1498 1939 designatus
1518 1902 1587 1925 au-

127 1959 220 1997 tem,
257 1950 502 1988 nihilominus
546 1949 792 2001 abjudicavit.
850 1951 950 1992 Quae
983 1963 1006 1988 a
1040 1963 1101 1988 me
1137 1963 1226 1988 vere
1258 1949 1462 2001 perhiberi,
1498 1962 1588 1987 cum

129 2014 254 2051 sciant
273 2011 450 2049 Philinus
469 2017 508 2048 et
528 2010 702 2057 Diocles,
722 2011 855 2048 testari
886 2018 1095 2062 nequeunt,
1126 2011 1311 2062 quoniam
1331 2024 1378 2048 ea
1396 2011 1435 2048 in
1453 2023 1586 2056 causa,

127 2074 239 2125 cujus
267 2086 355 2111 reus
387 2085 495 2123 agor,
525 2071 741 2122 ἕιωμοσιάν,
774 2072 850 2110 hoc
881 2080 954 2117 est,
979 2073 1252 2124 jusjurandum
1283 2080 1372 2110 ante
1399 2085 1528 2110 causae
1549 2072 1587 2109 in

128 2136 254 2173 forum
283 2135 503 2185 ingressum
537 2146 560 2171 a
584 2134 823 2184 litigantibus
852 2134 1075 2181 dicendum,
1106 2147 1184 2173 non
1215 2134 1420 2178 dixerunt3
1446 2134 1587 2172 essetis

128 2197 225 2234 alias
256 2197 461 2248 perspicue
491 2195 738 2241 intellecturi,
765 2209 837 2234 nos
870 2195 1053 2247 suffragio
1078 2202 1211 2234 nostro
1231 2195 1407 2234 effecisse
1425 2202 1469 2233 ut
1483 2195 1588 2246 judi-

128 2265 300 2296 caturam
314 2257 377 2294 hic
397 2257 683 2307 adipisceretur,
704 2264 742 2295 et
762 2271 831 2308 per
850 2270 921 2296 nos
942 2257 1095 2296 stetisse
1113 2264 1157 2296 ut
1169 2257 1292 2309 judex
1313 2257 1479 2295 sederet.
1509 2257 1589 2296 Sed

129 2326 211 2357 erat
242 2331 381 2369 nempe
411 2318 609 2357 inimicus:
640 2327 678 2357 et
697 2326 795 2365 esto,
822 2333 890 2370 per
909 2333 968 2357 me
988 2320 1132 2366 licebit,
1165 2320 1355 2370 siquidem
1388 2332 1471 2358 esse
1493 2320 1587 2366 vult,

129 2380 269 2430 largiar
287 2379 364 2417 hoc
384 2379 479 2429 ipsi;
498 2392 624 2429 neque
645 2380 746 2417 enim
766 2393 852 2418 mea
871 2381 1043 2418 interest.
1098 2380 1201 2419 Veni
1221 2394 1315 2431 ergo
1337 2379 1388 2418 ad
1406 2394 1510 2425 eum,
1524 2381 1587 2432 ju-

129 2449 195 2479 vat
212 2441 315 2478 enirn
335 2440 521 2491 tantisper
540 2440 615 2478 hoc
634 2441 882 2487 comminisci,
899 2454 986 2479 cum
1002 2441 1202 2493 proposito
1217 2442 1337 2480 caedis
1350 2441 1586 2484 inferendae3

132 2503 247 2553 irrupi
280 2503 314 2539 vi
346 2502 385 2539 in
418 2502 576 2539 domum
608 2502 708 2553 ejus.
767 2502 897 2541 Eccur
923 2503 1054 2555 itaque
1086 2517 1176 2542 eum
1208 2518 1286 2543 non
1319 2504 1443 2543 occidi
1477 2504 1587 2555 cujus

134 2574 272 2612 corpus
294 2564 331 2600 in
350 2569 581 2614 potestatem
601 2576 727 2601 meam
746 2564 999 2615 redegissem,
1020 2572 1060 2604 et
1076 2572 1227 2604 tantum
1247 2566 1379 2604 valens
1404 2571 1449 2602 ut
1468 2564 1589 2615 ipsam

137 2622 232 2660 adeo
250 2624 447 2663 mulierem
466 2638 618 2663 mecum
638 2624 871 2664 aufferrem'e
927 2627 1045 2666 Dicat
1057 2627 1133 2666 hoc
1146 2640 1276 2666 coram
1290 2627 1412 2664 vobis.
1468 2626 1589 2677 Atqui

136 2696 214 2720 non
242 2685 379 2733 poterit
397 2686 537 2724 dicere.
593 2687 684 2724 Jam
702 2700 792 2726 vero
809 2701 922 2727 nemo
940 2696 1114 2727 vestrum
1127 2695 1190 2726 est
1208 2687 1273 2739 qui
1287 2687 1447 2734 nesciat,
1465 2689 1588 2726 multo

135 2745 286 2783 facilius
309 2759 397 2783 eum
415 2747 494 2786 ictu
515 2749 620 2796 sieae,
648 2762 766 2799 quam
785 2751 920 2802 pugni,
951 2751 1124 2802 potuisse
1150 2749 1248 2788 tolli.
1305 2749 1471 2788 Constat
1496 2763 1588 2801 ergo

136 2820 183 2844 ne
202 2807 327 2857 ipsum
345 2808 499 2857 quidem
516 2810 777 2849 adversarium
795 2811 994 2863 ingressus
1011 2812 1057 2850 ad
1073 2825 1115 2850 se
1136 2811 1228 2850 facti
1246 2824 1335 2850 cum
1347 2812 1425 2850 telo
1438 2811 1588 2850 letifero

136 2881 197 2906 me
226 2868 475 2915 insimulare;
494 2872 562 2910 sed
581 2879 683 2911 testa
700 2873 846 2912 vinaria
871 2886 912 2912 se
932 2874 986 2913 ait
1003 2873 1126 2912 ictum
1145 2885 1244 2912 esse.
1299 2873 1418 2924 Atqui
1438 2886 1459 2912 e
1478 2872 1590 2912 dictis
