1822 3219
475 93 765 139 ADVERSUS
799 97 1149 135 FAMILIARES.
1481 95 1553 132 199

103 217 192 249 curn
225 215 292 254 spe
323 209 439 253 atque
472 203 666 253 proposito
696 198 969 238 contumeliam
999 197 1089 235 mihi
1118 196 1375 248 adspergendi
1406 194 1555 234 dixistis

103 269 343 316 (quanquam
374 263 645 301 contumeliam
676 261 832 313 quidem
863 259 953 296 mihi
990 259 1118 296 minus
1151 258 1407 309 adspersistis,
1440 270 1558 308 quam

109 334 260 366 vosmet
280 325 351 377 ipsi
371 324 551 362 ridiculos
571 336 617 361 ea
636 322 800 361 dicendo
820 319 994 367 fecistis),
1015 332 1062 357 ea
1080 320 1221 357 referre
1242 318 1335 356 satis
1354 318 1519 356 habebo.

159 390 196 426 3.
226 387 345 424 Vobis
365 385 539 422 nimirum
569 383 711 429 invitis,
740 383 778 420 id
799 381 904 432 quod
923 380 1097 427 aiebatis,
1129 393 1202 430 ego
1236 386 1380 417 memet
1399 392 1463 430 per
1482 380 1558 416 vim

108 449 245 488 vestris
267 446 447 485 circulis
439 445 582 496 ingessi
603 451 641 482 et
660 443 924 482 sermonibus·
916 442 1121 488 immiscui,
1143 448 1194 486 et,
1228 441 1322 479 nihil
1342 453 1429 478 cum
1449 441 1562 478 relin-

106 507 273 561 queretis
293 510 537 552 intentatum,
557 505 662 544 nulla
683 512 811 543 tamen
833 505 1013 543 machina
1031 503 1183 542 liberari
1202 503 1249 541 ab
1270 502 1562 553 importunitate

110 584 196 609 mea
225 568 434 620 poteratis;
463 567 524 604 hae
556 580 694 618 nempe
724 573 859 605 vestrae
886 572 975 603 sunt
994 564 1191 615 querelae:
1221 562 1426 601 novissime
1447 561 1564 599 Eleu-

111 634 231 670 sinem
251 644 313 668 me
339 644 408 668 vos
428 642 515 668 esse
535 630 758 667 comitatum
778 628 931 672 invitos,
963 640 1051 665 cum
1081 626 1171 664 illuc
1200 625 1313 663 ludos
1345 631 1564 676 spectatum

112 691 458 745 proficisceremini.
515 691 613 735 Quae
653 690 840 735 dicentes,
876 688 1088 740 sperabatis
1125 687 1281 738 quidem
1317 686 1356 724 in
1396 686 1566 724 dedecus

112 766 236 791 meum
268 765 441 797 cessura,
469 764 602 789 verum
631 750 785 802 ipsimet
805 763 994 788 summam
1012 755 1181 787 vestram
1212 747 1466 786 denudabatis
1490 753 1568 784 tar-

110 816 270 854 ditatem
289 823 405 866 atque
433 814 773 866 importunitatem,
799 814 877 867 qui,
905 826 982 864 quo
1007 820 1176 864 tempore
1195 811 1391 849 hominem
1421 810 1573 848 clande-

111 877 220 915 stinis
240 877 386 929 probris
410 875 662 920 arrodebatis,
684 874 817 913 eodem
839 875 1007 912 eundem
1030 874 1155 925 palam
1177 873 1215 910 in
1242 872 1373 911 amicis
1395 884 1569 909 numera-

110 938 215 977 retis.
271 939 448 977 Decebat
462 938 564 976 enim
585 944 652 975 aut
669 944 838 975 vestram
855 937 901 975 ab
921 937 995 974 hoc
1014 936 1168 974 homine
1182 934 1493 973 maledicentiam
1513 946 1572 970 re—

113 1013 264 1038 movere
284 1007 352 1038 aut
370 1013 458 1038 eum
480 1013 503 1038 a
520 1006 647 1038 vestra
673 999 957 1036 consuetudine
977 1010 1119 1044 arcere,
1140 997 1252 1047 eique
1273 996 1426 1034 disertis
1446 995 1572 1033 verbis

113 1062 386 1112 congressibus
413 1060 550 1098 vestris
572 1059 812 1098 interdicere.
867 1059 935 1096 Sin
961 1066 1092 1096 autem
1125 1058 1198 1095 hoc
1226 1065 1336 1108 turpe
1357 1057 1572 1102 ducebatis,

113 1122 180 1174 qui
200 1129 352 1172 poterat
370 1121 562 1160 maculam
590 1121 698 1158 vobis
721 1121 954 1171 adspergere
975 1119 1214 1158 consuetudo
1233 1118 1412 1163 hominis,
1435 1117 1495 1155 cui
1515 1118 1573 1155 fa·

114 1182 368 1220 miliaritatem
382 1182 603 1220 renunciare
616 1181 838 1218 indecorum
852 1180 1048 1231 putabatis
1063 1179 1080 1217 ’ἔ
1135 1180 1265 1229 Atque
1280 1179 1454 1229 quamvis
1468 1178 1573 1217 altis-

113 1243 208 1280 sime
229 1243 433 1293 superioris
453 1255 549 1279 meae
570 1242 659 1278 vitae
681 1254 836 1279 cursum
856 1242 1040 1279 memoria
1059 1247 1175 1291 atque
1196 1239 1430 1290 cogitatione
1451 1253 1574 1278 reme-

113 1304 227 1350 tiens,
246 1304 339 1341 nihil
359 1304 527 1342 invenire
547 1303 655 1354 potui
674 1302 880 1353 ejusmodi,
894 1303 1005 1354 cujus
1021 1314 1141 1340 causa
1157 1307 1465 1339 consentaneum
1477 1301 1574 1339 fuis-

115 1371 176 1403 set
205 1364 528 1402 consuetudinem
560 1376 687 1401 meam
719 1375 742 1401 a
773 1363 882 1401 vobis
913 1365 1119 1402 contemni.
1178 1363 1317 1413 Neque
1351 1364 1466 1408 enim,
1505 1376 1573 1401 vos

113 1438 204 1463 cum
224 1438 419 1464 cernerem
441 1425 758 1476 sapientissimos,
790 1432 872 1462 tum
898 1438 959 1462 me
979 1425 1159 1462 videbam
1192 1425 1542 1476 insipientissimum
1562 1438 1573 1468 ;

116 1500 241 1537 neque
261 1499 327 1524 vos
349 1485 559 1524 amicorum
587 1485 833 1523 multitudine
853 1485 1046 1531 florentes,
1068 1499 1128 1523 me
1157 1486 1375 1524 desolatum
1404 1493 1443 1524 et
1470 1487 1577 1537 abje-

114 1556 244 1590 ctum;
275 1560 402 1598 neque
414 1561 481 1585 vos
498 1548 726 1598 locupletes,
739 1560 800 1584 me
815 1547 961 1585 nudum
977 1555 1015 1585 et
1033 1548 1273 1592 mendicum;
1297 1562 1422 1599 neque
1438 1563 1572 1587 rursus

115 1622 183 1647 vos
217 1608 340 1659 gratia
365 1615 557 1659 potentes,
589 1608 777 1659 dignitate
807 1607 990 1655 illustres,
1020 1622 1081 1646 me
1111 1610 1273 1647 invisum
1301 1617 1416 1660 atque
1436 1611 1577 1649 invidia

115 1670 271 1721 publica
303 1682 556 1720 oppressum;
597 1682 723 1720 neque
760 1676 910 1707 vestras
947 1669 1121 1708 fortunas
1158 1678 1263 1709 recto
1298 1678 1446 1709 stantes
1483 1671 1576 1719 talo,
1625 1704 1633 1713 ‚

117 1744 224 1770 meas
256 1732 431 1770 labantes
459 1740 498 1770 et
529 1732 747 1770 inclinatas.
806 1732 943 1783 Ecqua
974 1733 1089 1783 igitur
1119 1746 1193 1784 ego
1218 1734 1405 1784 probabili
1430 1734 1577 1773 ratione

120 1795 301 1834 inductus
333 1795 518 1848 suspicari
542 1803 728 1846 poteram,
757 1809 826 1834 vos
855 1796 1125 1846 congressibus
1154 1798 1248 1835 meis
1273 1798 1452 1848 gravari?
1508 1799 1580 1836 Est

117 1856 193 1894 hoc
209 1869 366 1907 quoque
387 1857 527 1895 scitum
545 1863 823 1902 commentum,
842 1857 945 1908 quod
976 1857 1140 1895 nuncius
1160 1857 1234 1896 hac
1256 1859 1305 1897 de
1331 1873 1370 1897 re
1391 1873 1577 1898 necessa-

119 1917 196 1955 rios
215 1917 424 1956 arctissime
440 1930 594 1956 mecum
613 1918 840 1969 conjunctos
861 1918 1043 1957 certiores
1063 1918 1169 1965 fecit,
1191 1932 1288 1969 quos
1308 1920 1577 1971 praevidebatis

118 1977 211 2015 mihi
244 1978 528 2016 renuntiaturos
566 1991 666 2016 esse.
722 1980 873 2029 Arguta
904 1979 1006 2017 enim
1042 1992 1132 2017 vero
1165 1981 1347 2031 stropha:
1376 1982 1576 2020 honestius

120 2053 259 2091 nempe
280 2041 348 2086 sic,
362 2041 483 2091 ‘quam
505 2041 535 2078 si
557 2054 691 2078 omnes
710 2054 779 2079 vos
799 2041 881 2092 ipsi,
903 2040 1204 2087 circumstantes,
1221 2050 1373 2081 vosmet
1400 2057 1581 2082 accusas-

121 2102 212 2140 setis
242 2109 359 2152 atque
389 2101 744 2152 reprehendissetis,
775 2102 880 2153 quod
911 2102 1084 2140 volentes
1105 2102 1366 2155 improborum
1383 2105 1579 2144 familiari-

121 2169 202 2201 tate
221 2163 440 2202 uteremini.

174 2228 213 2263 4.
245 2225 305 2263 De
324 2238 371 2263 eo
390 2225 558 2276 quidem,
578 2225 644 2276 qui
663 2225 808 2271 retulit,
825 2225 878 2263 nil
898 2225 1052 2277 egeritis
1071 2234 1354 2278 percontantes.
1411 2228 1580 2266 Primum

121 2286 224 2324 enim
252 2286 292 2324 id
317 2287 516 2332 facientes,
551 2300 632 2325 rem
657 2301 795 2326 vanam
831 2294 871 2326 et
904 2288 1062 2326 stultam
1096 2289 1270 2333 facietis:
1299 2290 1582 2342 interrogabitis

105 2348 223 2386 *enim
250 2361 312 2386 me
337 2348 376 2386 id
395 2349 498 2399 quod
515 2349 595 2400 jam
613 2349 758 2387 nostis:
789 2350 901 2400 ecqui
934 2350 1034 2388 enim
1055 2350 1238 2400 ignoretis
1262 2365 1364 2397 eum,
1395 2352 1445 2390 ad
1464 2365 1580 2402 quem

122 2409 227 2448 illam
245 2410 473 2449 invidiosam
492 2411 542 2448 de
561 2424 639 2462 qua
668 2425 773 2450 nunc
801 2412 930 2462 agitur
961 2412 1174 2451 orationem
1205 2414 1423 2452 habuistis?
1480 2414 1582 2451 Tum

123 2474 328 2512 trifurcifer
348 2487 422 2525 ego
443 2475 529 2522 sim,
550 2475 581 2513 si
600 2475 735 2526 majori
764 2475 880 2513 etiam
904 2475 1065 2526 perfidia
1093 2489 1167 2527 ego
1186 2477 1294 2515 vobis
1315 2478 1477 2515 indicem
1497 2490 1582 2527 pro-

125 2533 227 2582 dam,
256 2542 370 2586 atque
390 2536 508 2573 index
526 2549 594 2574 vos
617 2537 711 2574 mihi
730 2537 913 2588 prodidit.
971 2537 1041 2574 Ille
1061 2538 1163 2575 enim
1193 2538 1321 2575 studio
1354 2546 1392 2575 et
1423 2538 1582 2576 caritate

129 2595 203 2632 mei
233 2597 462 2636 necessariis
482 2597 577 2636 meis
596 2599 736 2649 probra
755 2606 884 2637 vestra
912 2599 1107 2645 retulerat,
1137 2612 1204 2637 vos
1231 2606 1359 2636 autem
1391 2599 1478 2637 odio
1509 2599 1583 2637 mei

130 2655 332 2708 studioque
367 2660 460 2697 mihi
491 2661 657 2699 nocendi
690 2663 830 2713 probra
859 2662 925 2700 illa
955 2662 1002 2700 de
1036 2675 1096 2700 me
1130 2662 1178 2699 ad
1206 2675 1294 2700 eum
1321 2662 1582 2714 jactaveratis.

131 2715 280 2781 Quibus
301 2732 373 2770 ego
394 2721 426 2758 si
444 2721 593 2760 diffisus
606 2735 746 2770 essem,
762 2736 916 2775 operam
934 2722 1126 2761 dedissem
1143 2729 1185 2760 ut
1199 2731 1305 2761 certo
1321 2724 1553 2775 explorarem
1572 2739 1581 2767 ;

124 2788 206 2826 jam
225 2791 311 2816 vero
329 2779 381 2817 nil
401 2783 601 2831 attinebat,
632 2791 760 2823 certus
793 2797 897 2823 eram
917 2797 1007 2822 vera
1025 2784 1131 2820 illum
1151 2784 1346 2823 retulisse:
1379 2786 1431 2824 ita
1449 2800 1583 2825 recen-

131 2839 225 2876 tiora
254 2839 337 2879 haec
362 2843 641 2884 malevolentiae
672 2859 765 2898 erga
799 2860 859 2885 me
890 2853 1027 2885 vestrae
1057 2844 1198 2884 indicia
1217 2847 1488 2886 vetustioribus
1512 2846 1583 2885 illis
