1822 3219
235 170 314 203 ‘276
887 166 1053 204 LYSIAE

228 276 266 305 et
292 267 522 316 reliquarum
551 266 734 304 virtutum
763 268 799 304 in
825 268 970 305 honore
999 280 1084 305 esse
1116 268 1360 318 oportuisset.
1415 267 1542 305 Tanta
1574 277 1697 318 penes

226 327 457 364 Pausaniam
483 334 566 364 erat
584 327 705 364 nostri
725 328 1019 370 commiseratio,
1041 336 1120 364 tam
1143 327 1219 364 alte
1247 328 1283 363 in
1311 327 1393 377 ejus
1421 327 1589 364 animum
1608 340 1697 378 per-

227 388 356 425 suasio
383 387 430 424 de
457 387 685 437 indignitate
714 394 829 435 atque
858 387 1059 424 atrocitate
1086 388 1306 435 injuriarum
1339 387 1451 424 nobis
1483 387 1698 425 oblatarum

227 448 493 491 descenderat,
515 455 645 485 tantus
676 448 869 484 invaserat
895 454 1136 498 contemptus
1164 455 1280 497 atque
1307 448 1490 485 aversatio
1515 455 1697 498 tyranno·

229 521 327 553 rum,
350 515 392 546 ut
418 521 503 545 cum
532 509 579 544 ab
609 508 668 544 his
694 507 810 544 missa
837 508 990 545 nomine
1016 508 1218 560 hospitalis
1245 521 1366 545 coenae
1396 520 1558 545 munera
1586 520 1698 558 repu-

233 569 357 606 diaret
387 577 467 606 tum
494 582 515 605 a
544 570 651 606 nobis
681 568 798 605 missa
826 568 1055 606 admitteret.
1115 569 1201 606 Non
1235 582 1326 619 ergo
1355 568 1556 618 indignum
1583 574 1700 618 atque

234 629 341 667 nefas
358 630 420 675 sit,
436 629 613 666 hostibus
629 629 784 678 quidem
801 630 857 675 iis,
873 629 938 678 qui
956 630 1005 667 ad
1022 629 1204 667 tuendam
1219 636 1336 679 atque
1353 628 1700 667 constabiliendam

234 690 462 741 optimatum
484 690 785 727 dominationem
807 690 1015 735 venissent,
1037 690 1238 740 pueritiam
1259 697 1433 727 nostram
1456 689 1700 727 commisera-

233 751 378 789 tionem
399 752 565 789 movisse
581 765 589 789 :
621 764 724 788 nunc
744 759 886 797 autem,
901 751 974 790 hoc
993 752 1118 789 aetatis
1140 758 1302 802 agentes
1321 764 1409 797 nos,
1424 757 1512 802 post
1527 757 1585 788 tot
1599 750 1703 788 edita

239 819 423 862 tantaque
438 819 580 850 nostr-ae
596 825 689 862 erga
706 825 826 862 remp.
840 813 1047 851 voluntatis
1062 814 1306 857 documenta,
1322 825 1344 850 a
1360 813 1481 857 vobis,
1497 824 1519 849 o
1533 811 1703 862 judices,

237 874 304 923 qui
334 873 425 911 estis
458 873 559 923 aequi
580 872 678 923 juris
705 872 825 910 civilis
846 871 1015 910 vindices
1045 882 1161 923 atque
1188 881 1366 918 statores,
1392 872 1502 910 bonis
1525 872 1703 910 omnibus

238 933 416 985 spoliari;
447 946 532 979 nos,
552 946 715 984 quorum
740 933 906 984 majores
933 946 1002 983 pro
1030 934 1205 971 libertate
1227 939 1365 971 vestrae
1391 932 1513 982 plebis
1540 939 1702 970 mortem

238 993 503 1045 oppetierint?

294 1059 332 1093 5.
363 1056 503 1094 Certus
543 1069 642 1102 surn,
675 1056 843 1107 judices,
881 1057 1111 1095 Poliuchum
1151 1058 1289 1094 summi
1325 1057 1530 1101 facturum,
1565 1056 1596 1093 si
1634 1054 1706 1092 sibi

240 1118 454 1167 contingat,
485 1117 555 1156 hoc
585 1124 780 1156 certamen
811 1131 857 1156 ex
887 1119 1001 1156 animi
1043 1119 1102 1156 sui
1140 1118 1328 1157 sententia
1357 1113 1583 1162 decertare3
1620 1116 1708 1154 ideo

244 1178 504 1223 solummodo,
525 1191 603 1228 quo
623 1179 849 1228 praeclaram
875 1179 1016 1216 habeat
1045 1179 1373 1230 opportunitatem
1401 1185 1440 1216 et
1465 1178 1513 1216 ad
1539 1178 1643 1215 cives
1670 1183 1710 1214 et

241 1241 291 1278 ad
316 1242 540 1291 peregrinos
568 1254 678 1278 suam
707 1241 880 1289 jactandi
909 1242 1133 1292 potentiam,
1159 1254 1236 1291 qua
1263 1249 1412 1279 tantum
1439 1240 1638 1283 valuisset,
1666 1246 1710 1275 ut

241 1314 309 1338 vos
329 1301 490 1339 eosdem
510 1309 750 1352 permoveret
771 1302 817 1340 ad
839 1303 1030 1340 contraria
1056 1303 1245 1340 vobismet
1272 1302 1362 1352 ipsis
1393 1300 1639 1339 sciscendum
1666 1299 1711 1336 iis

242 1362 291 1400 de
319 1363 448 1408 rebus,
470 1363 517 1401 de
542 1363 683 1413 quibus
711 1363 783 1413 ipsi
809 1370 957 1401 vosmet
985 1363 1230 1402 sanctissima
1248 1363 1501 1413 jurisjurandi
1527 1362 1712 1412 religione

242 1423 501 1474 obligassetis.
561 1423 809 1461 Permanabit
831 1425 932 1462 enim
960 1431 1043 1461 tum
1071 1437 1201 1462 rumor
1229 1423 1280 1462 ad
1307 1436 1455 1469 omnes,
1479 1422 1713 1460 Poliuchum

242 1498 331 1523 esse
369 1499 457 1523 eum
488 1486 566 1535 qui,
600 1498 689 1523 cum
721 1499 844 1537 nuper
877 1486 1104 1524 auctoritate
1139 1499 1210 1524 sua
1236 1486 1460 1537 perfecisset
1487 1492 1530 1522 ut
1559 1484 1714 1521 decreto

241 1546 397 1596 publico
437 1547 583 1584 mulcta
618 1546 722 1584 mille
760 1546 1031 1585 drachmarum
1065 1548 1099 1585 ei
1134 1547 1345 1584 sanciretur
1373 1546 1405 1583 si
1433 1545 1520 1596 quis
1546 1544 1713 1582 fundum

243 1612 416 1644 nostrum
432 1607 668 1656 proscribere
683 1607 860 1650 auderet,
876 1619 980 1642 nunc
995 1607 1122 1654 legem
1141 1605 1366 1654 pertulisset
1379 1605 1517 1643 eodem
1530 1605 1578 1643 de
1591 1604 1712 1642 fundo

247 1673 381 1704 nostro
400 1664 659 1716 publicando:
690 1677 768 1712 quo
788 1665 933 1700 factum
953 1669 1071 1707 esset,
1090 1669 1134 1700 ut
1153 1663 1410 1701 Athenienses
1431 1666 1604 1703 accusari
1624 1677 1714 1715 pos-

249 1733 349 1773 sent,
381 1732 518 1764 contra
545 1723 751 1761 formulam
777 1723 890 1771 juris,
918 1728 1082 1772 utroque
1110 1723 1148 1759 in
1179 1723 1351 1770 decreto,
1377 1724 1514 1762 eodem
1543 1731 1715 1766 auctore,

246 1787 439 1825 contraria
454 1785 626 1823 scivisse.
677 1785 822 1834 [Leges
839 1783 941 1821 enim
957 1790 1101 1830 vetare,
1117 1783 1212 1821 duas
1233 1784 1337 1834 leges
1357 1784 1396 1821 in
1417 1785 1567 1835 legibus
1585 1786 1717 1824 haberi

247 1848 403 1886 sibimet
439 1845 734 1897 repugnantes]
791 1845 881 1882 Non
922 1857 1016 1894 ergo
1051 1851 1164 1896 turpe
1199 1844 1261 1891 sit,
1295 1858 1384 1882 cum
1419 1846 1716 1885 Lacedaemoniis

249 1909 407 1959 quidem
432 1907 527 1945 inita
550 1913 666 1957 pacta
684 1918 752 1946 vos
780 1912 916 1945 sancte
940 1918 1105 1952 servare,
1124 1906 1279 1943 decreta
1304 1912 1432 1944 autem
1452 1906 1551 1944 inter
1567 1913 1719 1945 vosmet

248 1978 287 2009 et
314 1970 429 2008 vestri
460 1982 581 2008 causa
608 1969 711 2006 facta
742 1975 822 2006 tam
854 1974 1031 2019 prompte
1060 1967 1310 2006 rescindere?
1350 1975 1388 2006 et
1416 1975 1532 2019 pacta
1558 1968 1717 2018 quidem

245 2038 375 2070 vestra
400 2044 488 2070 cum
510 2029 815 2068 Lacedaemoniis
837 2036 934 2074 rata,
953 2030 1145 2067 vobismet
1167 2042 1256 2067 vero
1285 2042 1374 2067 cum
1401 2029 1490 2079 ipsis
1518 2030 1721 2079 antiquata

245 2092 420 2131 habere?
462 2099 501 2130 et
530 2105 661 2129 rursus
691 2097 840 2128 vosmet
867 2091 938 2141 ipsi
968 2097 1044 2128 tam
1075 2090 1284 2141 suspicitis,
1313 2097 1357 2127 ut
1388 2089 1542 2139 reliquis
1569 2089 1717 2128 Graecis

249 2153 415 2205 graviter
435 2152 711 2196 succenseam,
732 2152 762 2189 si
782 2152 867 2202 quis
887 2164 1019 2189 eorum
1038 2152 1156 2202 pluris
1178 2152 1493 2190 Lacedaemonios
1514 2164 1631 2201 quam
1649 2164 1717 2189 vos

248 2217 380 2262 faciat,
399 2229 492 2267 erga
510 2216 613 2254 cives
633 2222 761 2258 autem
781 2222 933 2252 vestros
951 2214 1200 2252 committetis
1221 2220 1264 2251 ut
1283 2213 1380 2250 fides
1401 2219 1528 2250 vestra
1543 2212 1719 2250 videa-tur

251 2290 338 2314 esse
359 2277 517 2314 intutior
537 2283 654 2326 atque
672 2276 808 2312 fluxior
828 2288 945 2325 quam
965 2288 1058 2325 erga
1076 2275 1239 2312 hostes?

304 2338 341 2374 6.
372 2337 451 2374 Sed
473 2337 546 2374 hoc
566 2336 736 2387 inprimis
758 2335 959 2373 stomacho
979 2335 1139 2385 dignum
1160 2342 1233 2381 est,
1252 2335 1476 2373 sedentibus
1496 2335 1545 2373 ad
1566 2335 1716 2374 clavum

251 2397 345 2448 reip.
363 2397 433 2434 has
455 2410 542 2434 esse
562 2403 723 2441 mentes,
742 2396 826 2433 haec
847 2397 989 2441 studia,
1012 2404 1054 2434 ut
1074 2404 1242 2435 oratores
1264 2410 1340 2435 non
1359 2411 1405 2435 ea
1424 2396 1614 2434 suadeant
1632 2410 1720 2447 quae

251 2460 345 2510 reip.
365 2472 481 2510 quam
501 2459 663 2496 maxime
682 2458 917 2504 conducant,
935 2459 1003 2496 sed
1025 2466 1202 2497 auctores
1220 2460 1330 2497 vobis
1348 2459 1445 2496 fiant
1464 2472 1511 2496 ea
1528 2459 1718 2496 sciscendi

252 2520 356 2558 unde
387 2520 460 2570 ipsi
493 2526 686 2570 quaestum
717 2519 862 2557 faciant
894 2520 1141 2557 uberrimum.
1198 2520 1348 2557 Vestrae
1374 2519 1529 2568 quidem
1558 2519 1660 2569 plebi
1688 2520 1719 2556 si

254 2581 468 2633 expediret,
489 2581 572 2618 aliis
601 2581 730 2630 quieta
755 2582 945 2618 bonorum
973 2594 1128 2618 suorum
1153 2582 1397 2633 possessione
1422 2580 1720 2630 perfruentibus,

256 2643 353 2681 alios
377 2642 579 2693 proscribi,
603 2641 738 2678 merito
761 2653 829 2677 vos
856 2641 1064 2678 orationem
1091 2649 1262 2679 nostram
1291 2641 1613 2678 contemneretis:
1637 2640 1718 2691 jam

256 2718 346 2742 vero
367 2711 535 2741 vestrum
560 2715 672 2740 nemo
699 2715 797 2738 unus
825 2709 885 2739 est
908 2703 1093 2749 omnium,
1114 2704 1207 2752 quin
1225 2702 1263 2739 in
1284 2702 1357 2738 hoc
1377 2700 1608 2746 consentiat,
1628 2713 1720 2739 con-

257 2765 388 2802 cordia
412 2764 536 2814 majus
566 2763 671 2800 aliud
698 2763 839 2800 bonum
866 2762 958 2812 reip.
980 2763 1126 2800 nullum
1154 2776 1254 2805 esse,
1275 2762 1506 2799 discordiam
1535 2768 1661 2798 autem
1682 2769 1721 2799 et

255 2825 399 2863 bellum
428 2824 536 2862 civile
562 2831 720 2862 matrem
749 2823 936 2861 malorum
965 2824 1149 2866 omnium,
1169 2823 1390 2873 nullamque
1417 2835 1495 2859 rem
1524 2822 1637 2859 aliam
1664 2822 1720 2858 di-

258 2886 525 2927 scidiacivium
553 2893 667 2935 atque
697 2885 963 2923 contentiones
991 2885 1089 2922 inter
1116 2898 1154 2921 se
1184 2885 1340 2934 gignere
1371 2883 1584 2922 crebriores
1606 2888 1720 2932 atque
