1822 3219
581 111 804 148 CONTRA
836 109 1200 147 DIOGITONEM.
1530 107 1599 142 361

167 215 352 264 nequiret,
373 213 542 259 tandem,
561 226 583 249 o
602 212 875 250 immanitatem
905 209 1123 260 cupiditatis
1152 217 1189 247 et
1213 207 1457 259 impudentiae
1481 207 1530 244 ad
1549 219 1606 244 ra-

155 275 346 324 *piendum
378 283 491 324 atque
517 273 778 310 mentiendum
805 272 1000 321 projectae,
1031 271 1169 315 aiebat,
1197 270 1294 306 intra
1318 268 1535 306 octennium
1555 267 1602 303 in

166 335 348 372 alimenta
365 335 526 371 duorum
549 334 706 370 marium
730 332 913 380 uniusque
931 331 1071 381 puellae
1100 330 1333 380 impendisse
1353 335 1439 366 octo
1458 328 1604 365 talenta

168 407 254 432 eum
291 395 424 431 decem
463 393 585 431 minis.
643 393 703 437 Et,
738 392 827 442 quia
856 390 961 428 nullo
993 391 1106 428 modo
1137 399 1214 428 tam
1250 390 1412 427 enormis
1444 401 1602 426 summae

159 454 349 492 'rationem
368 455 555 493 conficere
575 459 724 502 poterat
749 458 945 501 utcunque
965 451 1199 501 probabilem
1219 458 1335 500 atque
1355 449 1604 492 tolerabilem,

164 527 212 551 eo
239 514 448 551 excedebat
477 514 625 558 suroris,
645 522 687 549 ut
712 512 748 548 in
768 512 948 549 alimenta
973 511 1194 560 quotidiana
1221 511 1357 547 horum
1376 510 1489 546 trium
1511 509 1603 546 libe-

165 587 289 611 rorum
323 575 460 624 quinos
492 573 625 611 obolos
656 573 876 622 imputaret:
917 575 956 608 in
986 572 1137 609 calceos
1164 572 1263 609 etin
1282 571 1464 607 fullonem
1492 577 1603 618 atque

164 641 355 673 tonsorem
384 648 459 672 non
484 634 602 672 edidit
627 633 818 683 impendia
842 646 966 682 neque
995 633 1255 669 menstruatim
1279 644 1401 681 neque
1421 630 1603 673 annatim,

165 695 235 732 sed
269 692 488 733 universum
527 693 693 732 octenuii
730 693 912 730 ambitum
956 705 1031 729 uno
1069 693 1256 730 vocabulo
1293 690 1526 741 complexus,
1566 690 1602 725 in

163 755 379 793 istiusmodi
409 756 584 792 minutias
617 755 680 791 illo
710 761 790 791 toto
818 761 985 803 tempore
1010 753 1062 790 ait
1089 753 1340 803 insumpsisse
1370 751 1456 801 plus
1486 759 1601 800 quarn

163 815 351 852 talentum
372 816 530 865 argenti.
589 816 633 852 In
653 820 941 852 monumentum
955 814 1089 851 horum
1111 813 1206 864 patri
1219 813 1413 850 conditum
1434 825 1480 848 ne
1496 812 1603 861 quin-

163 888 237 924 que
250 875 403 925 quidem
424 882 540 925 atque
559 876 691 925 viginti
703 875 825 912 minas
839 874 1043 925 impendit:
1070 881 1113 910 ut
1133 881 1260 911 tamen
1281 873 1439 923 gloriam
1455 872 1601 922 magni—

160 936 324 973 ficentiae
351 943 466 986 atque
486 936 720 974 liberalitatis
740 935 918 973 aufferret
938 936 1019 972 sine
1040 942 1195 985 sumptu
1222 947 1304 979 suo,
1324 933 1603 983 quinquaginta

162 995 285 1035 minas
306 997 358 1034 ait
373 997 408 1034 in
428 998 523 1034 illud
550 1003 841 1035 monumentum
861 1009 1063 1046 erogasse3
1095 1008 1254 1045 quarum
1280 1002 1427 1046 partem
1444 994 1602 1031 alteram

163 1056 358 1094 dimidiam
378 1058 530 1108 pupillis
549 1057 760 1108 imputavit,
790 1057 945 1094 alteram
972 1070 1011 1094 se
1041 1056 1252 1094 contulisse
1268 1056 1403 1106 jactat,
1425 1055 1603 1091 sordidus

162 1116 339 1167 idemque
352 1131 488 1155 vanus.
545 1118 889 1167 Licetne,judices‚
905 1117 954 1155 ad.
973 1117 1151 1154 minutias
1172 1115 1431 1154 descendere?
1461 1114 1604 1158 Quidni

161 1177 303 1216 liceat?
333 1186 371 1216 et
391 1179 476 1216 loco
495 1179 586 1216 huic
612 1180 803 1224 convenit,
824 1191 899 1229 quo
923 1179 1051 1216 odium
1071 1178 1233 1216 hominis
1259 1177 1465 1226 sordesque
1488 1182 1604 1226 atque

163 1238 353 1288 cupiditas
372 1246 518 1288 quanta
537 1240 680 1286 sit‚hoc
694 1239 872 1289 liquidius
891 1239 1141 1289 perspiciatis.
1199 1240 1353 1288 Agrium
1367 1238 1404 1274 in
1423 1237 1607 1288 Dionysia

162 1311 231 1349 pro
245 1299 397 1349 pupillis
413 1308 583 1350 emptum
602 1299 770 1337 sedecim
786 1299 975 1336 drachmis
993 1299 1197 1337 aestimavit
1210 1299 1248 1335 in
1265 1299 1410 1336 ratione
1425 1298 1606 1342 exhibita,

163 1373 324 1410 quarum
344 1361 433 1398 item
462 1368 606 1411 partem
627 1361 822 1398 dimidiam
850 1361 974 1410 pueris
995 1361 1206 1410 imputavit,
1227 1361 1383 1397 alteram
1406 1360 1494 1397 sibi:
1526 1372 1605 1396 rem

162 1420 354 1458 enimvero
383 1421 593 1471 indignam,
619 1421 667 1458 de
695 1434 771 1471 qua
797 1434 867 1459 nos
894 1421 1060 1470 inprimis
1090 1422 1145 1458 ira
1171 1421 1392 1458 exarsimus.
1451 1419 1606 1457 Credite

165 1480 268 1526 mihi,
282 1481 449 1530 judices,
468 1481 683 1520 enormibus
709 1482 954 1519 circumventi
978 1481 1176 1519 fraudibus
1199 1482 1325 1519 solent
1343 1481 1514 1518 leviculis
1533 1481 1605 1518 illis

163 1548 202 1579 et
221 1554 332 1591 paene
361 1542 529 1579 ridendis
558 1543 745 1580 furticulis
771 1555 847 1579 non
873 1543 997 1579 minus
1022 1543 1250 1579 commoveri
1268 1555 1382 1592 quam
1402 1541 1514 1579 furtis
1532 1541 1606 1578 illis

160 1601 427 1652 grandioribus
444 1616 452 1640 ε
495 1603 606 1640 nimis
642 1603 742 1640 enim
775 1603 949 1653 aperiunt
977 1609 1092 1652 atque
1125 1603 1323 1640 denudant
1359 1602 1419 1639 hae
1449 1602 1608 1640 minutae

164 1662 316 1700 fraudes
336 1663 560 1713 cupidorum
579 1663 895 1713 flagitiositatem.
952 1663 1139 1713 Reliquos
1159 1663 1195 1700 in
1210 1663 1292 1700 dies
1312 1663 1432 1700 festos
1447 1670 1486 1700 et
1499 1675 1609 1700 sacra

165 1723 341 1760 universe
370 1724 618 1774 computabat
649 1724 687 1760 in
709 1724 779 1761 hos
812 1724 1005 1773 impensas
1031 1723 1287 1774 quadraginta
1316 1723 1438 1761 minas
1459 1730 1497 1760 et
1521 1724 1608 1774 plus

165 1783 292 1821 etiam.
350 1784 480 1821 Brevis
508 1792 550 1821 ut
569 1785 654 1829 sim,
675 1784 767 1821 alias
794 1784 1090 1834 quamplurimas
1119 1784 1309 1834 ejusmodi
1331 1797 1452 1834 nugas
1472 1784 1609 1821 rationi

165 1857 246 1882 suae
267 1851 453 1890 assuerat,
467 1858 543 1895 quo
563 1858 754 1882 enormem
767 1844 872 1882 illam
891 1858 1077 1882 summam
1093 1846 1178 1882 aeris
1193 1845 1491 1891 consarcinaret,
1504 1845 1611 1895 quod.

166 1904 206 1941 in
224 1905 296 1942 hos
317 1905 369 1942 ait
382 1905 640 1957 insumpsisse,
658 1918 792 1956 reapse
814 1911 941 1943 autem
954 1905 1103 1942 furatus
1124 1912 1205 1949 est;
1237 1906 1347 1955 quasi
1362 1919 1383 1943 a
1398 1906 1610 1956 patrelibe-

166 1977 291 2002 rorum
315 1972 418 2002 tutor
448 1976 553 2003 esset
574 1966 821 2010 constitutus,
851 1979 929 2015 quo
959 1965 1110 2016 pupillis
1139 1979 1207 2016 pro
1232 1967 1395 2003 nummis
1417 1974 1455 2003 et
1485 1966 1611 2003 fundis

166 2024 294 2062 literas
311 2026 346 2062 in
367 2025 500 2063 charta
519 2034 697 2064 exaratas
713 2027 893 2076 ipsosque
915 2039 963 2063 ex
980 2027 1170 2076 opulentis
1190 2028 1388 2065 mendicos
1414 2026 1612 2071 redderet;

167 2091 295 2135 etquo
314 2086 477 2136 puberes
497 2086 601 2132 facti,
622 2086 743 2123 litium
757 2086 848 2124 satis
868 2093 906 2123 et
919 2099 1031 2136 super
1050 2087 1238 2124 haberent
1256 2101 1370 2138 super
1384 2087 1611 2138 patrimonio

166 2159 254 2183 cum
275 2152 413 2191 tutore,
432 2146 496 2196 qui
514 2146 616 2184 idem
635 2159 730 2184 avus
751 2159 904 2197 quoque
925 2154 1159 2197 patruusque
1177 2155 1289 2194 esset,
1302 2150 1610 2195 exercendarum,

167 2207 304 2256 quibus
334 2219 402 2256 per
427 2220 580 2244 omnem
607 2207 722 2245 vitam
753 2208 915 2245 districti
944 2208 1271 2255 obliviscerentur,
1302 2210 1549 2256 inimicorum,
1581 2211 1612 2247 si

168 2279 264 2317 quos
284 2274 390 2316 pater
416 2267 509 2316 ipsis
535 2268 708 2305 inimicos
729 2268 833 2305 velut
850 2268 1062 2306 hereditate
1088 2269 1316 2319 reliquisset,
1337 2269 1548 2307 simultates
1575 2271 1611 2307 in

162 2328 248 2378 jure
265 2328 454 2377 persequi.
510 2329 630 2377 Atqui
647 2329 777 2379 justus
797 2342 887 2379 erga
903 2329 1069 2380 pupillos
1088 2343 1172 2367 esse
1194 2331 1224 2367 si
1242 2330 1438 2375 voluisset,
1465 2337 1614 2380 poterat

169 2388 353 2425 alterutro
370 2387 485 2424 modo
505 2395 544 2424 et
563 2389 633 2425 sibi
649 2389 852 2426 multarum
874 2390 1131 2427 molestiarum
1152 2390 1269 2428 otium
1289 2391 1412 2428 facere
1432 2397 1470 2427 et
1487 2390 1612 2441 pupil-

168 2450 289 2487 lorum
311 2463 450 2499 augere
468 2450 760 2500 patrimonium3
791 2451 982 2501 geminum
996 2452 1094 2489 enim
1115 2453 1269 2490 modum
1287 2452 1463 2502 gerendae
1484 2452 1611 2489 tutelae

168 2510 422 2560 praescribunt
448 2511 552 2560 leges
571 2511 774 2557 tutoribus,
794 2512 873 2549 sive
892 2512 1022 2549 valent
1041 2513 1172 2562 opibus
1193 2519 1338 2549 tutores
1367 2513 1445 2549 sive
1465 2513 1611 2550 minus:

168 2577 317 2621 poterat
330 2570 542 2608 universam
557 2572 809 2609 substantiam
826 2572 1055 2623 pupillorum
1070 2573 1181 2611 alicui
1196 2572 1422 2622 redemptori
1436 2573 1612 2610 mercede

171 2643 299 2667 annua
316 2631 476 2677 elocare,
497 2638 563 2669 aut
581 2633 766 2683 praedium
783 2646 921 2679 emere,
940 2633 1087 2684 illisque
1107 2647 1127 2671 e
1146 2634 1397 2681 vectigalibus
1416 2633 1493 2671 sive
1513 2647 1611 2684 prae-

169 2693 222 2730 dii
243 2693 320 2729 sive
340 2692 536 2732 locationis
557 2695 722 2746 pupillos
740 2696 852 2741 alere,
867 2708 1102 2744 excessuque
1124 2707 1362 2731 nummorum
1383 2702 1524 2732 sortem
1543 2708 1610 2733 au·

171 2766 274 2802 gere.
331 2753 394 2789 Sic
414 2754 496 2790 sine
515 2755 593 2793 ulla
613 2755 731 2805 ipsius
750 2755 938 2801 molestia,
958 2756 1047 2792 facti
1068 2760 1195 2792 essent
1213 2753 1346 2804 pupilli
1365 2760 1442 2791 tam
1462 2754 1610 2799 divites,

171 2822 213 2851 ut
240 2814 288 2852 de
308 2813 447 2852 divitiis
479 2828 567 2853 cum
598 2817 792 2855 ditissimis
819 2817 1036 2867 quibusque
1059 2816 1349 2854 Atheniensium
1380 2817 1610 2855 contendere

847 2879 868 2911 3
899 2891 920 2912 A
