1822 3219
364 519 896 570 ANTIPHONTIS
937 521 1430 573 TETRALOGIA
1479 526 1548 573 II.

446 757 478 792 l.
510 755 763 794 ACCUSATm
784 769 922 796 cAEms
946 771 1304 798 INVOLUNTARIAE.

440 817 478 853 2.
508 815 732 855 Dssrmsxo
752 831 888 856 cffims
912 832 1280 858 1Nv0LUNTAn1AE.

440 877 476 914 3.
506 877 760 916 AccusAno
783 892 1030 918 Pos‘rssnmu
1052 893 1252 918 EJUSDEM
1275 894 1422 919 cffims.

439 939 476 974 4.
507 937 734 977 Dssrmssm
756 953 1001 978 rosmmon
1026 953 1227 979 EJUSDEM
1252 954 1403 981 cAEmS.

419 1169 448 1204 l.
480 1167 792 1206 ACCUSA‘PIO
825 1169 1007 1208 CAEDIS
1037 1169 1482 1208 INVOLUNTARIAE.

792 1282 1115 1313 ARGUMENTUM.

272 1358 365 1389 Pueri
380 1360 440 1389 duo
455 1360 486 1389 in
509 1361 679 1399 gymnasiis
699 1363 927 1400 jaculabantur:
957 1364 1068 1394 accidit
1085 1375 1177 1393 unum
1194 1364 1291 1403 perite
1304 1363 1444 1403 jaculari,
1459 1365 1585 1394 alterum
1604 1377 1677 1395 vero

227 1409 256 1438 in
272 1408 417 1448 impetum
438 1409 556 1450 sagittae
580 1416 749 1442 currentem
768 1413 930 1443 vulnerari.
977 1415 1101 1444 Mortuo
1117 1425 1227 1454 puerO,
1243 1421 1331 1453 pater
1347 1416 1412 1453 ejus
1427 1424 1494 1444 eum
1512 1415 1562 1454 qui
1585 1416 1678 1454 sagit-

225 1467 286 1491 tam
313 1463 456 1492 emiserat
481 1464 638 1493 homicidii
662 1469 803 1495 accusat:
833 1466 884 1504 qui
909 1467 1028 1505 culpam
1053 1466 1132 1495 ictus
1148 1466 1178 1495 in
1204 1471 1373 1496 currentem
1391 1467 1546 1497 transfert.
1590 1467 1676 1496 Unde

226 1512 348 1550 quidam
361 1518 471 1543 statum
484 1524 586 1544 oansae
600 1514 889 1552 recriminmionem,
904 1516 955 1546 alii
969 1516 1241 1555 transpositionem
1257 1517 1421 1546 nominant.

282 1645 538 1684 CAUSARUM
558 1647 740 1699 quicquid
759 1649 795 1686 in
815 1648 993 1687 confesso
1008 1656 1046 1686 et
1059 1656 1166 1687 extra
1180 1649 1477 1687 controversiam
1494 1650 1678 1699 positum,

225 1714 301 1753 est,
319 1707 370 1745 de
388 1720 434 1745 eo
448 1709 530 1759 jam
549 1709 696 1747 dudum
725 1710 930 1748 edixerunt
955 1717 1070 1760 atque
1097 1717 1310 1747 sanxerunt
1336 1710 1457 1760 leges,
1487 1717 1526 1748 et
1554 1710 1592 1748 hi
1613 1712 1677 1762 qui

226 1766 334 1817 leges
363 1767 446 1806 illas
477 1769 554 1807 suis
587 1769 780 1820 suffragiis
818 1777 919 1808 ratas
954 1783 1038 1808 esse
1070 1770 1293 1821 jusserunt:
1336 1782 1423 1808 nam
1456 1783 1573 1821 penes
1606 1771 1676 1809 hos

227 1837 378 1866 summa
396 1842 519 1867 rerum
540 1837 712 1881 potestas
741 1832 778 1868 in
797 1843 877 1881 rep.
907 1837 988 1869 est:
1020 1830 1051 1869 si
1079 1831 1171 1880 quid
1197 1838 1325 1869 autem
1353 1830 1498 1869 incidat
1524 1838 1678 1869 contro-

226 1889 360 1926 versiae
392 1890 614 1936 obnoxium,
647 1892 695 1929 de
726 1904 772 1929 eo
802 1891 910 1929 vobis
941 1891 1216 1930 demandatum
1250 1899 1323 1937 est,
1353 1899 1396 1929 ut
1424 1891 1675 1942 dignoscatis.

228 1949 358 1990 Quare
375 1962 462 1987 cum
481 1963 602 1989 causa
619 1952 714 1998 haec,
732 1964 819 2002 quae
833 1952 921 1989 mihi
937 1964 1023 1990 cum
1040 1952 1113 1990 hoc
1134 1965 1198 1989 reo
1213 1958 1286 1998 est,
1301 1951 1435 2002 prioris
1451 1952 1501 1989 sit
1515 1952 1677 2003 generis,

226 2008 342 2058 plana
370 2017 408 2048 et
427 2019 571 2061 aperta,
590 2012 701 2050 venio
725 2012 774 2050 ad
794 2025 878 2061 vos,
902 2011 1068 2062 judices,
1098 2020 1272 2062 rogatum
1297 2018 1342 2049 ut
1359 2011 1526 2049 edictum
1546 2012 1675 2063 legum

225 2070 462 2118 exerceati33
493 2084 621 2122 neque
650 2072 750 2110 enim
779 2072 930 2110 videtur
955 2085 1042 2110 reus
1074 2072 1137 2109 hic
1165 2072 1404 2116 adolescens,
1434 2072 1538 2122 quod
1567 2073 1675 2111 oblo-

224 2136 378 2180 quatur,
407 2132 612 2182 quicquam
633 2146 718 2171 esse
743 2133 966 2171 habiturus:
998 2146 1101 2178 nam,
1131 2134 1283 2170 tametsi
1313 2133 1448 2177 fateor,
1474 2145 1576 2177 eum,
1597 2146 1674 2171 non

223 2190 430 2236 volentem,
467 2193 536 2229 sed
572 2192 733 2230 invitum
770 2194 924 2237 fecisse,
962 2200 1107 2230 certum
1146 2200 1274 2230 tamen
1304 2192 1378 2229 hoc
1413 2198 1471 2229 est
1499 2204 1603 2241 eum,
1637 2193 1674 2230 in

224 2252 425 2302 gymnasio
448 2252 579 2303 jaculo
599 2260 822 2298 certantem,
844 2253 908 2290 filii
934 2253 1008 2290 mei
1034 2252 1154 2290 latera
1179 2253 1246 2290 illo
1266 2252 1396 2302 jaculo
1415 2252 1673 2296 transfixisse:

225 2322 305 2360 quo
325 2324 348 2349 a
375 2313 531 2350 vulnere
559 2314 763 2352 confossus
789 2314 827 2351 in
856 2313 1069 2351 continenti
1097 2313 1317 2364 exspiravit.
1374 2312 1518 2349 Verum
1546 2319 1673 2351 tamen

223 2371 331 2417 mihi,
359 2373 424 2422 qui
444 2375 629 2424 perempti
656 2381 765 2424 pater
783 2387 881 2418 sum,
903 2386 961 2418 eo,
981 2374 1083 2424 quod
1111 2374 1251 2411 invitus
1270 2373 1373 2418 fecit,
1393 2384 1469 2410 non
1490 2373 1672 2411 minorem

223 2432 409 2469 conscivit
426 2434 697 2480 calamitatem,
714 2446 828 2485 quam
847 2434 878 2472 si
897 2434 989 2471 data
1007 2447 1122 2484 opera
1137 2433 1291 2471 fecisset
1306 2447 1315 2476 ;
1347 2445 1471 2483 neque
1487 2445 1533 2470 eo
1548 2433 1675 2471 minus

223 2499 422 2542 perempto
442 2493 561 2530 fatum
577 2500 663 2531 ante
681 2501 830 2545 tempus
847 2494 1113 2539 acceleratum,
1130 2494 1202 2544 ipsi
1220 2493 1290 2530 sibi
1305 2492 1547 2530 conscientiae
1559 2499 1674 2542 atque

224 2551 456 2600 poenitentiae
483 2553 673 2590 cruciatus
699 2560 739 2591 et
766 2554 911 2591 civibus
943 2554 980 2590 in
1012 2554 1088 2591 vita
1115 2553 1256 2591 relictis
1284 2551 1424 2603 piaculi
1455 2551 1673 2601 spurcitiem

225 2614 428 2651 contraxit.
484 2615 611 2656 Quare
631 2628 697 2652 vos
719 2627 826 2665 rogo,
842 2621 886 2651 ut
904 2614 1065 2652 occisori
1084 2614 1291 2665 imperetis,
1312 2620 1358 2650 ut
1377 2625 1462 2651 sese
1481 2612 1677 2650 abstineat

225 2683 247 2708 a
265 2672 570 2722 frequentatione
589 2675 762 2713 locorum
790 2674 941 2711 illorum
962 2674 1144 2720 omnium,
1164 2687 1326 2724 quorum
1347 2673 1452 2710 aditu
1472 2672 1532 2709 lex
1553 2672 1676 2710 homi-

224 2731 319 2768 cidis
337 2733 529 2772 interdicit
545 2748 554 2772 ε
585 2735 690 2786 quod
706 2734 901 2781 facientes,
920 2733 1245 2778 demonstrabitis,
1260 2746 1328 2771 vos
1346 2732 1676 2771 commiseratione

225 2791 312 2828 duci
334 2800 371 2830 et
391 2795 507 2843 patris
537 2795 696 2833 infelicis
716 2794 793 2833 filio
811 2795 947 2839 orbati,
977 2801 1015 2832 et
1033 2794 1095 2831 filii
1124 2800 1213 2832 ante
1233 2801 1386 2844 tempus
1414 2793 1528 2843 rapti,
1548 2805 1673 2843 neque

224 2851 354 2889 sinetis
369 2853 414 2889 ab
427 2854 500 2893 hoc
513 2856 755 2895 adolescente
767 2854 990 2906 adspersam
1004 2854 1071 2892 toti
1088 2854 1230 2892 civitati
1246 2853 1432 2892 maculam
1447 2852 1480 2891 ei
1495 2852 1673 2890 insidere.
