1822 3219
268 154 348 190 246
912 152 1083 190 LYSIAE

322 251 382 287 15.
413 249 597 300 Aperiam
616 250 738 297 vobis,
751 250 919 301 judices3
940 252 1094 302 quantis
1116 263 1184 289 vos
1205 251 1412 290 luminibus
1437 254 1591 303 privarit
1614 255 1718 305 Ago-

263 310 334 349 rati
354 310 494 349 scelus.
551 310 649 354 Quae
666 323 790 362 pauca
808 323 968 349 numero
984 311 1017 348 si
1032 316 1176 356 essent,
1197 312 1380 350 audiretis
1400 325 1460 350 me
1480 313 1529 351 de
1546 327 1720 366 unoquo-

264 384 339 422 que
367 371 561 421 sigillatim
591 378 872 422 exponentem;
914 377 971 408 tot
1000 377 1128 409 autem
1159 384 1318 410 numero
1349 385 1438 411 cum
1469 373 1559 420 sint,
1586 387 1720 414 omnes

262 444 342 470 una
369 433 602 484 complectar
629 433 917 484 praedieatione.
975 432 1234 471 Indicatorum
1255 434 1303 471 ab
1323 434 1395 472 hoc
1417 434 1590 485 Agorato
1609 441 1722 485 quot-

263 499 359 544 quot
376 500 611 544 strategatus
632 501 835 543 gesserunt
855 505 999 543 eosque
1019 494 1158 544 saepius
1178 495 1333 531 iteratos
1351 496 1461 544 jussu
1478 502 1595 546 atque
1616 508 1724 533 man-

263 552 355 591 datu
375 561 514 598 vestro,
537 555 575 591 hi
595 554 868 604 rempublicam
886 555 1176 592 successoribus
1198 554 1436 592 tradiderunt
1456 568 1478 592 a
1498 568 1538 594 se
1558 568 1634 593 non
1652 555 1723 592 im-

261 615 459 662 minutam,
475 616 543 654 sed
557 617 850 668 amplificatam;
881 617 964 654 aliis
980 625 1107 655 autem
1126 618 1246 655 functi
1262 618 1473 655 honoribus
1490 624 1556 655 ant
1572 617 1724 656 trierar-

262 677 418 715 chorum
439 679 503 729 qui
525 679 653 715 munia
673 680 827 716 crebras
848 692 916 729 per
931 679 1034 716 vices
1051 679 1242 723 obierunt,
1257 678 1295 715 hi
1310 692 1506 729 nunquam
1521 678 1723 717 commise-

261 744 351 776 runt
377 747 417 776 ut
444 746 557 790 turpe
586 740 623 776 in
652 739 795 777 crimen
823 740 1072 778 incurrerent.
1141 740 1290 777 Horum
1322 740 1530 791 plerosque
1563 740 1725 790 Agorati

261 800 389 837 scelus
412 801 631 850 prostravit.
688 801 730 837 Si
750 813 847 850 quos
868 808 996 838 tamen
1026 813 1155 839 eorum
1178 801 1349 839 secunda
1369 801 1547 851 quaedam
1569 801 1723 838 fortuna

260 867 299 898 et
323 873 406 898 sors
433 874 504 898 sua
531 860 756 910 superstites
777 861 895 898 voluit
920 875 1020 906 esse,
1039 874 1125 898 cum
1150 875 1217 912 per
1237 862 1351 912 hujus
1372 862 1536 913 Agorati
1556 861 1722 900 crudeli-

259 927 377 958 tatem
399 922 477 958 orci
497 921 673 958 faucibus
685 925 766 968 Jam
788 921 929 970 objecti
949 929 1064 971 atque
1085 922 1330 960 condemnati
1350 930 1496 968 essent,
1518 923 1600 968 sed,
1620 928 1724 960 sorte

251 980 391 1031 judicii
411 993 486 1018 non
507 988 744 1030 exspectata,
765 981 859 1030 fuga
879 995 920 1018 se
940 982 1209 1019 subduxerunt
1228 995 1350 1032 eoque
1371 996 1507 1021 manus
1528 983 1722 1021 insectan-

258 1041 354 1078 tium
375 1041 572 1078 eluserunt
595 1053 673 1089 quo
693 1041 820 1078 minus
847 1041 1278 1092 comprehenderentur,
1297 1050 1413 1091 atque
1433 1043 1679 1092 postmodum
1699 1056 1722 1081 e

259 1101 385 1153 Phyla
404 1103 442 1140 in
464 1102 626 1153 patriam
647 1102 866 1145 redierunt;
895 1102 934 1139 hi
955 1115 1057 1140 nunc
1079 1115 1102 1140 a
1120 1102 1228 1139 vobis
1248 1109 1291 1140 ut
1309 1102 1375 1139 viri
1394 1103 1517 1141 fortes
1534 1110 1573 1141 et
1591 1102 1723 1155 magni

258 1163 425 1201 faciendi
457 1162 710 1200 honorantur.
768 1163 820 1199 At
849 1162 920 1200 hos
955 1170 1096 1208 tamen,
1126 1170 1184 1200 tot
1208 1176 1368 1201 numero
1393 1170 1601 1215 tantosque
1621 1164 1722 1202 viros

258 1237 359 1262 unus
375 1225 582 1275 Agoratus‚
598 1225 693 1262 alios
715 1224 871 1269 occidit,
889 1223 984 1262 alios
1005 1224 1128 1262 solum
1146 1232 1292 1263 vertere
1312 1226 1458 1277 coegit!
1487 1229 1594 1275 cujas
1613 1225 1722 1277 ipse?

258 1286 363 1324 unde
383 1285 510 1324 ortus?
558 1286 724 1336 Oportet
744 1286 846 1324 enim
860 1299 928 1324 vos
949 1299 1060 1324 nosse
1080 1299 1167 1323 eum
1190 1300 1340 1324 servum
1362 1295 1401 1325 et
1422 1300 1442 1325 e
1461 1287 1580 1325 servis
1599 1287 1724 1326 oriun-

260 1346 352 1384 dum
383 1360 481 1393 esse,
509 1360 585 1398 quo
613 1347 742 1385 sciatis
772 1347 878 1398 cujas
913 1347 1027 1384 fuerit
1056 1347 1118 1385 ille
1146 1355 1273 1385 vester
1302 1349 1486 1385 carnifex.
1544 1348 1659 1386 Pater
1687 1348 1723 1386 ei

259 1420 398 1459 nempe
425 1408 497 1446 fuit
521 1409 719 1456 Eumares,
740 1421 872 1447 servus
906 1408 1075 1446 Nicoclis
1103 1416 1218 1459 atque
1238 1409 1416 1448 Anticlis.
1474 1409 1718 1448 Adscendite

259 1469 350 1507 mihi
368 1475 502 1508 testes.

883 1554 1096 1593 TESTES.

318 1642 378 1679 16.
407 1641 484 1678 Tot
502 1653 660 1678 numero
680 1647 782 1686 sunt,
797 1640 962 1692 judices,
984 1641 1155 1678 facinora
1175 1647 1290 1691 atque
1312 1640 1505 1679 dedecora
1525 1647 1563 1679 et
1580 1642 1628 1680 ab
1642 1641 1718 1681 hoc

259 1704 344 1754 ipso
363 1703 536 1752 Agorato
555 1708 594 1740 et
614 1703 661 1739 ab
680 1703 762 1753 ejus
782 1702 962 1739 fratribus
983 1702 1167 1747 admissa,
1187 1709 1228 1739 ut
1250 1714 1296 1739 ea
1314 1702 1441 1739 omnia
1459 1702 1630 1740 oratione
1650 1704 1715 1740 ex-

261 1764 370 1813 sequi
386 1765 495 1802 nimis
510 1777 716 1814 operosum
738 1763 786 1801 sit
805 1763 990 1800 futurum.
1032 1762 1170 1813 Neque
1188 1763 1312 1813 magis
1332 1776 1490 1800 necesse
1507 1762 1595 1800 mihi
1609 1763 1719 1801 video

261 1838 362 1871 esse,
382 1832 424 1861 ut
452 1825 627 1862 actiones
656 1825 738 1875 ejus
767 1825 940 1862 forenses
972 1823 1356 1872 machinationesque
1382 1823 1568 1861 nefandas
1588 1834 1720 1861 recen:

261 1900 381 1932 seam,
399 1888 536 1937 quibus
564 1887 705 1924 famam
733 1887 987 1936 fortunasque
1015 1884 1165 1921 studuit
1191 1885 1362 1922 honestis
1391 1892 1430 1923 et
1449 1886 1718 1924 innocentibus

261 1948 409 1986 civibus
440 1961 506 1998 per
535 1960 726 1984 summum
746 1946 868 1990 nefas,
889 1945 1034 1982 artibus
1053 1944 1304 1989 veteratoriis,
1325 1958 1393 1995 per
1425 1945 1591 1996 speciem
1619 1947 1718 1996 aequi

253 2009 368 2059 juris,
387 2008 546 2059 eripere,
562 2008 656 2045 alios
676 2006 804 2044 causis
826 2005 1056 2056 capitalibus
1076 2005 1366 2056 perduellionis,
1384 2006 1480 2044 alios
1496 2006 1719 2052 minoribus,

261 2070 310 2107 de
329 2070 484 2120 privatis
505 2068 734 2119 quibusdam
747 2068 893 2119 injuriis
911 2074 950 2105 et
964 2067 1178 2112 fraudibus,
1198 2067 1433 2105 innectendo
1452 2068 1548 2106 alios
1568 2076 1610 2106 ut
1627 2081 1721 2106 aera-

260 2132 337 2169 rios
358 2131 497 2169 detulit
511 2143 720 2180 eorumque
740 2131 843 2167 bona
863 2128 1108 2179 proscripsit:
1138 2141 1227 2165 nam
1249 2137 1292 2165 ut
1306 2128 1438 2166 omnes
1456 2129 1541 2167 illas
1556 2129 1638 2179 ejus
1659 2141 1720 2166 ca-

261 2192 427 2230 lumnias
446 2205 533 2243 quae
554 2192 686 2229 multae
705 2199 795 2228 sunt
816 2191 951 2241 paucis
972 2189 1097 2228 verbis
1119 2190 1368 2240 complectar,
1388 2202 1462 2227 vos¹
1487 2202 1619 2227 omnes
1638 2196 1717 2226 tam

261 2254 300 2291 in
315 2254 502 2291 concione
521 2266 638 2303 quam
654 2253 690 2289 in
706 2252 885 2290 tribunali
902 2251 1165 2302 sycophantiae
1179 2251 1405 2295 damnastis,
1423 2263 1548 2301 eoque
1566 2250 1718 2289 nomine

262 2315 446 2352 mulctam
467 2314 596 2351 decies
616 2313 717 2351 mille
737 2312 1005 2350 drachmarum
1020 2313 1054 2350 ei
1074 2311 1247 2359 dixistis3
1276 2324 1353 2361 quo
1372 2324 1440 2349 vos
1461 2324 1547 2349 eum
1563 2311 1718 2362 publico

262 2381 392 2412 vestro
421 2373 641 2412 testimonio
670 2373 862 2410 hominem
893 2386 1059 2424 nequam
1086 2379 1124 2410 et
1153 2373 1263 2410 furca
1290 2373 1450 2423 dignum
1479 2372 1714 2410 declarastis.

264 2437 316 2474 Et
333 2436 579 2474 nihilominus
598 2442 741 2480 tamen,
760 2434 875 2472 homo
894 2442 970 2472 tam
988 2434 1107 2485 turpis
1126 2447 1212 2471 cum
1229 2441 1342 2478 esset,
1360 2441 1435 2472 tam
1449 2433 1606 2484 ignobili
1618 2441 1716 2477 ortu,

264 2504 372 2535 tanta
402 2496 550 2535 obsitus
575 2495 744 2541 infamia,
762 2502 841 2533 tam
861 2495 1045 2546 probrosa
1065 2502 1157 2533 nota
1175 2495 1340 2540 inustus,
1359 2502 1554 2532 matronas
1569 2500 1716 2531 vestras

263 2559 346 2610 ipse
365 2571 496 2596 servus
515 2564 689 2608 stuprare
709 2564 869 2594 conatus
890 2563 968 2594 est:
999 2557 1174 2594 moechus
1199 2555 1237 2593 in
1267 2555 1435 2593 facinore
1453 2554 1716 2605 deprehensus

264 2626 336 2667 est,
357 2619 420 2657 cui
438 2618 597 2657 facinori
616 2630 730 2669 poena
749 2630 772 2655 a
785 2617 936 2667 legibus
952 2630 1052 2655 mors
1073 2625 1133 2655 est
1146 2616 1369 2655 constituta.
1419 2615 1508 2653 Cita
1527 2621 1662 2654 testes.

884 2719 1096 2756 TESTES.

324 2791 385 2827 17.
416 2791 593 2834 Quatuor
611 2789 651 2827 hi
666 2794 774 2827 erant
787 2787 938 2832 fratres,
955 2800 978 2825 o
993 2788 1158 2838 judices.
1204 2786 1400 2825 Maximus
1421 2792 1513 2824 natu
1532 2785 1568 2823 in
1586 2784 1719 2823 Sicilia

267 2851 528 2902 deprehensus
548 2851 586 2889 in
606 2856 747 2889 conatu
765 2848 992 2900 proditionis
1014 2861 1036 2886 a
1057 2846 1247 2887 Lamacho
1274 2846 1497 2897 imperatore
1527 2845 1716 2886 fustuario
