<?xml version="1.0" encoding="UTF-8"?>
<!DOCTYPE html PUBLIC "-//W3C//DTD XHTML 1.0 Transitional//EN"
    "http://www.w3.org/TR/xhtml1/DTD/xhtml1-transitional.dtd">
<html xmlns="http://www.w3.org/1999/xhtml" xml:lang="en" lang="en">
 <head>
  <title>
</title>
<meta http-equiv="Content-Type" content="text/html;charset=utf-8" />
  <meta name='ocr-system' content='tesseract 3.04.00' />
  <meta name='ocr-capabilities' content='ocr_page ocr_carea ocr_par ocr_line ocrx_word'/>
</head>
<body>
  <div class='ocr_page' id='page_1' title='image "./oratoresatticie13dobs_0133.png"; bbox 0 0 1822 3219; ppageno 0'>
   <div class='ocr_carea' id='block_1_1' title="bbox 651 125 1597 168">
    <p class='ocr_par' dir='ltr' id='par_1_1' title="bbox 651 125 1597 168">
     <span class='ocr_line' id='line_1_1' title="bbox 651 125 1597 168; baseline 0.003 -3"><span class='ocrx_word' id='word_1_1' title='bbox 651 128 723 165; x_wconf 91' lang='lat' dir='ltr'><strong>DE</strong></span> <span class='ocrx_word' id='word_1_2' title='bbox 755 125 1108 164; x_wconf 78' lang='lat' dir='ltr'><strong>SUOREDITU.</strong></span> <span class='ocrx_word' id='word_1_3' title='bbox 1529 133 1597 168; x_wconf 72' lang='lat'><strong>121</strong></span> 
     </span>
    </p>
   </div>
   <div class='ocr_carea' id='block_1_2' title="bbox 154 223 1617 686">
    <p class='ocr_par' dir='ltr' id='par_1_2' title="bbox 154 223 1617 686">
     <span class='ocr_line' id='line_1_2' title="bbox 161 223 1601 278; baseline 0.006 -17"><span class='ocrx_word' id='word_1_4' title='bbox 161 223 374 261; x_wconf 87' lang='lat' dir='ltr'><strong>hominibus</strong></span> <span class='ocrx_word' id='word_1_5' title='bbox 401 225 687 276; x_wconf 82' lang='lat' dir='ltr'>peregrinisque</span> <span class='ocrx_word' id='word_1_6' title='bbox 712 226 837 264; x_wconf 52' lang='lat' dir='ltr'><strong>omnis*</strong></span> <span class='ocrx_word' id='word_1_7' title='bbox 857 226 1021 276; x_wconf 87' lang='lat' dir='ltr'><strong>generis,</strong></span> <span class='ocrx_word' id='word_1_8' title='bbox 1041 226 1122 263; x_wconf 86' lang='lat' dir='ltr'><strong>aliis</strong></span> <span class='ocrx_word' id='word_1_9' title='bbox 1144 228 1210 278; x_wconf 88' lang='lat' dir='ltr'><strong>jus</strong></span> <span class='ocrx_word' id='word_1_10' title='bbox 1238 229 1415 276; x_wconf 82' lang='lat' dir='ltr'><strong>civitatis,</strong></span> <span class='ocrx_word' id='word_1_11' title='bbox 1437 232 1519 269; x_wconf 85' lang='lat' dir='ltr'><strong>aliis</strong></span> <span class='ocrx_word' id='word_1_12' title='bbox 1543 233 1601 269; x_wconf 91' lang='lat' dir='ltr'><strong>in-</strong></span> 
     </span>
     <span class='ocr_line' id='line_1_3' title="bbox 158 285 1598 337; baseline 0.006 -16"><span class='ocrx_word' id='word_1_13' title='bbox 158 285 287 333; x_wconf 83' lang='lat' dir='ltr'><strong>gentia</strong></span> <span class='ocrx_word' id='word_1_14' title='bbox 305 285 342 321; x_wconf 91' lang='lat' dir='ltr'><strong>in</strong></span> <span class='ocrx_word' id='word_1_15' title='bbox 362 298 436 323; x_wconf 88' lang='lat' dir='ltr'><strong>aere</strong></span> <span class='ocrx_word' id='word_1_16' title='bbox 457 285 560 324; x_wconf 84' lang='lat' dir='ltr'><strong>dona</strong></span> <span class='ocrx_word' id='word_1_17' title='bbox 577 287 724 332; x_wconf 84' lang='lat' dir='ltr'><strong>dantes,</strong></span> <span class='ocrx_word' id='word_1_18' title='bbox 745 286 775 325; x_wconf 90' lang='lat' dir='ltr'><strong>si</strong></span> <span class='ocrx_word' id='word_1_19' title='bbox 793 286 855 337; x_wconf 90' lang='lat' dir='ltr'><strong>qui</strong></span> <span class='ocrx_word' id='word_1_20' title='bbox 876 288 974 325; x_wconf 84' lang='lat' dir='ltr'><strong>bene</strong></span> <span class='ocrx_word' id='word_1_21' title='bbox 993 287 1040 325; x_wconf 93' lang='lat' dir='ltr'><strong>de</strong></span> <span class='ocrx_word' id='word_1_22' title='bbox 1059 288 1165 325; x_wconf 74' lang='lat' dir='ltr'><strong>vob1s</strong></span> <span class='ocrx_word' id='word_1_23' title='bbox 1185 289 1307 326; x_wconf 87' lang='lat' dir='ltr'><strong>meriti</strong></span> <span class='ocrx_word' id='word_1_24' title='bbox 1326 291 1397 328; x_wconf 90' lang='lat' dir='ltr'><strong>visi</strong></span> <span class='ocrx_word' id='word_1_25' title='bbox 1424 292 1598 330; x_wconf 88' lang='lat' dir='ltr'><strong>fuissent.</strong></span> 
     </span>
     <span class='ocr_line' id='line_1_4' title="bbox 159 345 1600 402; baseline 0.007 -21"><span class='ocrx_word' id='word_1_26' title='bbox 159 345 209 381; x_wconf 88' lang='lat' dir='ltr'><strong>Et</strong></span> <span class='ocrx_word' id='word_1_27' title='bbox 228 346 420 395; x_wconf 84' lang='lat' dir='ltr'><strong>sapienter</strong></span> <span class='ocrx_word' id='word_1_28' title='bbox 437 347 589 396; x_wconf 89' lang='lat' dir='ltr'><strong>quidem</strong></span> <span class='ocrx_word' id='word_1_29' title='bbox 607 348 661 385; x_wconf 84' lang='lat' dir='ltr'><strong>sic</strong></span> <span class='ocrx_word' id='word_1_30' title='bbox 681 348 806 387; x_wconf 86' lang='lat' dir='ltr'><strong>datis:</strong></span> <span class='ocrx_word' id='word_1_31' title='bbox 836 348 959 386; x_wconf 85' lang='lat' dir='ltr'><strong>facitis</strong></span> <span class='ocrx_word' id='word_1_32' title='bbox 978 348 1077 385; x_wconf 89' lang='lat' dir='ltr'><strong>enim</strong></span> <span class='ocrx_word' id='word_1_33' title='bbox 1097 348 1170 386; x_wconf 92' lang='lat' dir='ltr'><strong>hoc</strong></span> <span class='ocrx_word' id='word_1_34' title='bbox 1198 356 1326 399; x_wconf 86' lang='lat' dir='ltr'><strong>pacto,</strong></span> <span class='ocrx_word' id='word_1_35' title='bbox 1350 358 1392 388; x_wconf 87' lang='lat' dir='ltr'><strong>ut</strong></span> <span class='ocrx_word' id='word_1_36' title='bbox 1416 364 1439 388; x_wconf 89' lang='lat' dir='ltr'><strong>a</strong></span> <span class='ocrx_word' id='word_1_37' title='bbox 1466 366 1600 402; x_wconf 86' lang='lat' dir='ltr'><strong>quarn·</strong></span> 
     </span>
     <span class='ocr_line' id='line_1_5' title="bbox 156 404 1598 460; baseline 0.006 -18"><span class='ocrx_word' id='word_1_38' title='bbox 156 404 330 454; x_wconf 87' lang='lat' dir='ltr'><strong>plurimis</strong></span> <span class='ocrx_word' id='word_1_39' title='bbox 349 407 545 445; x_wconf 85' lang='lat' dir='ltr'><strong>beneficiis</strong></span> <span class='ocrx_word' id='word_1_40' title='bbox 566 409 822 446; x_wconf 88' lang='lat' dir='ltr'><strong>cumulemini.</strong></span> <span class='ocrx_word' id='word_1_41' title='bbox 877 408 979 446; x_wconf 87' lang='lat' dir='ltr'><strong>Illud</strong></span> <span class='ocrx_word' id='word_1_42' title='bbox 998 409 1143 459; x_wconf 88' lang='lat' dir='ltr'><strong>itaque,</strong></span> <span class='ocrx_word' id='word_1_43' title='bbox 1163 411 1267 459; x_wconf 85' lang='lat' dir='ltr'><strong>quod</strong></span> <span class='ocrx_word' id='word_1_44' title='bbox 1287 423 1360 460; x_wconf 83' lang='lat' dir='ltr'><strong>ego</strong></span> <span class='ocrx_word' id='word_1_45' title='bbox 1385 424 1453 448; x_wconf 84' lang='lat' dir='ltr'><strong>vos</strong></span> <span class='ocrx_word' id='word_1_46' title='bbox 1481 426 1598 451; x_wconf 88' lang='lat' dir='ltr'><strong>unum</strong></span> 
     </span>
     <span class='ocr_line' id='line_1_6' title="bbox 157 466 1598 521; baseline 0.007 -19"><span class='ocrx_word' id='word_1_47' title='bbox 157 477 265 514; x_wconf 87' lang='lat' dir='ltr'><strong>rogo,</strong></span> <span class='ocrx_word' id='word_1_48' title='bbox 284 466 359 504; x_wconf 87' lang='lat' dir='ltr'><strong>hoc</strong></span> <span class='ocrx_word' id='word_1_49' title='bbox 380 474 449 511; x_wconf 91' lang='lat' dir='ltr'><strong>est,</strong></span> <span class='ocrx_word' id='word_1_50' title='bbox 470 475 512 504; x_wconf 89' lang='lat' dir='ltr'><strong>ut</strong></span> <span class='ocrx_word' id='word_1_51' title='bbox 530 468 747 506; x_wconf 88' lang='lat' dir='ltr'><strong>immunitas</strong></span> <span class='ocrx_word' id='word_1_52' title='bbox 767 482 815 507; x_wconf 86' lang='lat' dir='ltr'><strong>ea</strong></span> <span class='ocrx_word' id='word_1_53' title='bbox 834 469 925 507; x_wconf 86' lang='lat' dir='ltr'><strong>mihi</strong></span> <span class='ocrx_word' id='word_1_54' title='bbox 945 471 1179 516; x_wconf 82' lang='lat' dir='ltr'><strong>restituatur,</strong></span> <span class='ocrx_word' id='word_1_55' title='bbox 1193 484 1307 521; x_wconf 88' lang='lat' dir='ltr'><strong>quam</strong></span> <span class='ocrx_word' id='word_1_56' title='bbox 1327 472 1414 510; x_wconf 88' lang='lat' dir='ltr'><strong>olim</strong></span> <span class='ocrx_word' id='word_1_57' title='bbox 1437 473 1598 512; x_wconf 85' lang='lat' dir='ltr'><strong>dedistis</strong></span> 
     </span>
     <span class='ocr_line' id='line_1_7' title="bbox 157 525 1597 583; baseline 0.007 -22"><span class='ocrx_word' id='word_1_58' title='bbox 157 537 222 573; x_wconf 88' lang='lat' dir='ltr'><strong>per</strong></span> <span class='ocrx_word' id='word_1_59' title='bbox 241 525 336 564; x_wconf 87' lang='lat' dir='ltr'><strong>illud</strong></span> <span class='ocrx_word' id='word_1_60' title='bbox 355 527 567 573; x_wconf 84' lang='lat' dir='ltr'><strong>decretum,</strong></span> <span class='ocrx_word' id='word_1_61' title='bbox 579 529 683 578; x_wconf 89' lang='lat' dir='ltr'><strong>quod</strong></span> <span class='ocrx_word' id='word_1_62' title='bbox 701 536 856 568; x_wconf 89' lang='lat' dir='ltr'><strong>auctore</strong></span> <span class='ocrx_word' id='word_1_63' title='bbox 877 530 1061 581; x_wconf 87' lang='lat' dir='ltr'><strong>Menippo</strong></span> <span class='ocrx_word' id='word_1_64' title='bbox 1077 544 1198 568; x_wconf 87' lang='lat' dir='ltr'><strong>meam</strong></span> <span class='ocrx_word' id='word_1_65' title='bbox 1215 533 1251 569; x_wconf 91' lang='lat' dir='ltr'><strong>in</strong></span> <span class='ocrx_word' id='word_1_66' title='bbox 1270 533 1430 583; x_wconf 82' lang='lat' dir='ltr'><strong>gratiam</strong></span> <span class='ocrx_word' id='word_1_67' title='bbox 1446 534 1597 572; x_wconf 83' lang='lat' dir='ltr'><strong>tulistis,</strong></span> 
     </span>
     <span class='ocr_line' id='line_1_8' title="bbox 157 585 1600 643; baseline 0.007 -21"><span class='ocrx_word' id='word_1_68' title='bbox 157 585 271 627; x_wconf 84' lang='lat' dir='ltr'><strong>Quod</strong></span> <span class='ocrx_word' id='word_1_69' title='bbox 290 586 484 624; x_wconf 87' lang='lat' dir='ltr'><strong>decretum</strong></span> <span class='ocrx_word' id='word_1_70' title='bbox 503 588 629 626; x_wconf 88' lang='lat' dir='ltr'><strong>scriba</strong></span> <span class='ocrx_word' id='word_1_71' title='bbox 640 589 747 628; x_wconf 89' lang='lat' dir='ltr'><strong>vobis</strong></span> <span class='ocrx_word' id='word_1_72' title='bbox 763 590 956 629; x_wconf 86' lang='lat' dir='ltr'><strong>recitabit:</strong></span> <span class='ocrx_word' id='word_1_73' title='bbox 986 590 1112 628; x_wconf 88' lang='lat' dir='ltr'><strong>adhuc</strong></span> <span class='ocrx_word' id='word_1_74' title='bbox 1127 592 1226 629; x_wconf 87' lang='lat' dir='ltr'><strong>enim</strong></span> <span class='ocrx_word' id='word_1_75' title='bbox 1245 599 1421 643; x_wconf 84' lang='lat' dir='ltr'><strong>superest</strong></span> <span class='ocrx_word' id='word_1_76' title='bbox 1436 593 1474 631; x_wconf 90' lang='lat' dir='ltr'><strong>in</strong></span> <span class='ocrx_word' id='word_1_77' title='bbox 1492 596 1600 632; x_wconf 88' lang='lat' dir='ltr'><strong>tabu-</strong></span> 
     </span>
     <span class='ocr_line' id='line_1_9' title="bbox 154 645 1617 686; baseline 0.01 -4"><span class='ocrx_word' id='word_1_78' title='bbox 154 645 246 684; x_wconf 84' lang='lat' dir='ltr'><strong>lario</strong></span> <span class='ocrx_word' id='word_1_79' title='bbox 264 655 431 686; x_wconf 87' lang='lat' dir='ltr'><strong>senatus.</strong></span> <span class='ocrx_word' id='word_1_80' title='bbox 1615 646 1617 649; x_wconf 32' lang='lat'><strong><em>¹</em></strong></span> 
     </span>
    </p>
   </div>
   <div class='ocr_carea' id='block_1_3' title="bbox 709 741 1029 782">
    <p class='ocr_par' dir='ltr' id='par_1_3' title="bbox 709 741 1029 782">
     <span class='ocr_line' id='line_1_10' title="bbox 709 741 1029 782; baseline 0.003 -2"><span class='ocrx_word' id='word_1_81' title='bbox 709 741 1029 782; x_wconf 87' lang='lat' dir='ltr'><strong>DECRETUM.</strong></span> 
     </span>
    </p>
   </div>
   <div class='ocr_carea' id='block_1_4' title="bbox 129 824 1596 2923">
    <p class='ocr_par' dir='ltr' id='par_1_4' title="bbox 129 824 1596 2923">
     <span class='ocr_line' id='line_1_11' title="bbox 154 824 1594 880; baseline 0.006 -21"><span class='ocrx_word' id='word_1_82' title='bbox 154 850 157 852; x_wconf 84' lang='lat'><em>-</em></span> <span class='ocrx_word' id='word_1_83' title='bbox 202 824 240 860; x_wconf 90' lang='grc'><strong>5.</strong></span> <span class='ocrx_word' id='word_1_84' title='bbox 269 824 386 866; x_wconf 83' lang='lat' dir='ltr'><strong>Quod</strong></span> <span class='ocrx_word' id='word_1_85' title='bbox 400 826 515 865; x_wconf 91' lang='lat' dir='ltr'><strong>modo</strong></span> <span class='ocrx_word' id='word_1_86' title='bbox 531 827 707 873; x_wconf 83' lang='lat' dir='ltr'><strong>audistis,</strong></span> <span class='ocrx_word' id='word_1_87' title='bbox 725 828 996 874; x_wconf 85' lang='lat' dir='ltr'><strong>Athenienses,</strong></span> <span class='ocrx_word' id='word_1_88' title='bbox 1009 828 1218 875; x_wconf 82' lang='lat' dir='ltr'><strong>decretum,</strong></span> <span class='ocrx_word' id='word_1_89' title='bbox 1233 829 1271 867; x_wconf 82' lang='lat' dir='ltr'><strong>id</strong></span> <span class='ocrx_word' id='word_1_90' title='bbox 1284 842 1371 867; x_wconf 88' lang='lat' dir='ltr'><strong>cum</strong></span> <span class='ocrx_word' id='word_1_91' title='bbox 1389 829 1459 880; x_wconf 89' lang='lat' dir='ltr'><strong>ipsi</strong></span> <span class='ocrx_word' id='word_1_92' title='bbox 1473 844 1594 868; x_wconf 84' lang='lat' dir='ltr'><strong>meam</strong></span> 
     </span>
     <span class='ocr_line' id='line_1_12' title="bbox 151 882 1594 941; baseline 0.007 -22"><span class='ocrx_word' id='word_1_93' title='bbox 151 882 188 927; x_wconf 84' lang='lat' dir='ltr'><strong>in</strong></span> <span class='ocrx_word' id='word_1_94' title='bbox 215 886 375 934; x_wconf 79' lang='lat' dir='ltr'><strong>gratiam</strong></span> <span class='ocrx_word' id='word_1_95' title='bbox 398 887 597 934; x_wconf 86' lang='lat' dir='ltr'><strong>tulissetis,</strong></span> <span class='ocrx_word' id='word_1_96' title='bbox 618 902 748 927; x_wconf 87' lang='lat' dir='ltr'><strong>rursus</strong></span> <span class='ocrx_word' id='word_1_97' title='bbox 769 889 864 927; x_wconf 91' lang='lat' dir='ltr'><strong>alius</strong></span> <span class='ocrx_word' id='word_1_98' title='bbox 884 890 1083 940; x_wconf 86' lang='lat' dir='ltr'><strong>cujusdam</strong></span> <span class='ocrx_word' id='word_1_99' title='bbox 1109 891 1146 927; x_wconf 89' lang='lat' dir='ltr'><strong>in</strong></span> <span class='ocrx_word' id='word_1_100' title='bbox 1168 891 1328 940; x_wconf 80' lang='lat' dir='ltr'><strong>gratiam</strong></span> <span class='ocrx_word' id='word_1_101' title='bbox 1347 892 1594 941; x_wconf 85' lang='lat' dir='ltr'><strong>postmodum</strong></span> 
     </span>
     <span class='ocr_line' id='line_1_13' title="bbox 150 944 1596 1001; baseline 0.004 -16"><span class='ocrx_word' id='word_1_102' title='bbox 150 944 360 997; x_wconf 79' lang='lat' dir='ltr'><strong>ademistis.</strong></span> <span class='ocrx_word' id='word_1_103' title='bbox 417 948 494 986; x_wconf 92' lang='lat' dir='ltr'><strong>Sed</strong></span> <span class='ocrx_word' id='word_1_104' title='bbox 524 949 615 987; x_wconf 89' lang='lat' dir='ltr'><strong>date</strong></span> <span class='ocrx_word' id='word_1_105' title='bbox 644 950 716 988; x_wconf 88' lang='lat' dir='ltr'><strong>hoc</strong></span> <span class='ocrx_word' id='word_1_106' title='bbox 744 950 920 1001; x_wconf 88' lang='lat' dir='ltr'><strong>precibus</strong></span> <span class='ocrx_word' id='word_1_107' title='bbox 949 957 1064 1000; x_wconf 89' lang='lat' dir='ltr'><strong>atque</strong></span> <span class='ocrx_word' id='word_1_108' title='bbox 1091 951 1392 1001; x_wconf 80' lang='lat' dir='ltr'><strong>flagitationibus</strong></span> <span class='ocrx_word' id='word_1_109' title='bbox 1420 953 1531 997; x_wconf 87' lang='lat' dir='ltr'><strong>meis,</strong></span> <span class='ocrx_word' id='word_1_110' title='bbox 1554 961 1596 992; x_wconf 88' lang='lat' dir='ltr'><strong>ut</strong></span> 
     </span>
     <span class='ocr_line' id='line_1_14' title="bbox 151 1007 1595 1059; baseline 0.006 -17"><span class='ocrx_word' id='word_1_111' title='bbox 151 1007 306 1044; x_wconf 87' lang='lat' dir='ltr'><strong>tandem</strong></span> <span class='ocrx_word' id='word_1_112' title='bbox 328 1009 535 1059; x_wconf 85' lang='lat' dir='ltr'><strong>aliquando</strong></span> <span class='ocrx_word' id='word_1_113' title='bbox 554 1011 738 1049; x_wconf 88' lang='lat' dir='ltr'><strong>desinatis</strong></span> <span class='ocrx_word' id='word_1_114' title='bbox 764 1011 854 1049; x_wconf 84' lang='lat' dir='ltr'><strong>mihi</strong></span> <span class='ocrx_word' id='word_1_115' title='bbox 879 1024 1121 1058; x_wconf 88' lang='lat' dir='ltr'><strong>succensere,</strong></span> <span class='ocrx_word' id='word_1_116' title='bbox 1140 1012 1171 1049; x_wconf 91' lang='lat' dir='ltr'><strong>si</strong></span> <span class='ocrx_word' id='word_1_117' title='bbox 1197 1013 1258 1049; x_wconf 92' lang='lat' dir='ltr'><strong>cui</strong></span> <span class='ocrx_word' id='word_1_118' title='bbox 1279 1020 1447 1050; x_wconf 85' lang='lat' dir='ltr'><strong>vestrum</strong></span> <span class='ocrx_word' id='word_1_119' title='bbox 1464 1014 1595 1055; x_wconf 49' lang='lat' dir='ltr'><strong>simul*</strong></span> 
     </span>
     <span class='ocr_line' id='line_1_15' title="bbox 149 1070 1591 1123; baseline 0.003 -17"><span class='ocrx_word' id='word_1_120' title='bbox 149 1070 238 1107; x_wconf 88' lang='lat' dir='ltr'><strong>tatis</strong></span> <span class='ocrx_word' id='word_1_121' title='bbox 259 1071 403 1121; x_wconf 86' lang='lat' dir='ltr'><strong>aliquid</strong></span> <span class='ocrx_word' id='word_1_122' title='bbox 427 1079 542 1123; x_wconf 89' lang='lat' dir='ltr'><strong>atque</strong></span> <span class='ocrx_word' id='word_1_123' title='bbox 562 1073 838 1111; x_wconf 79' lang='lat' dir='ltr'><strong>malevolentiae</strong></span> <span class='ocrx_word' id='word_1_124' title='bbox 859 1073 1024 1110; x_wconf 79' lang='lat' dir='ltr'><strong>adhaesit</strong></span> <span class='ocrx_word' id='word_1_125' title='bbox 1043 1085 1090 1110; x_wconf 80' lang='lat' dir='ltr'><strong>ex</strong></span> <span class='ocrx_word' id='word_1_126' title='bbox 1109 1072 1248 1122; x_wconf 86' lang='lat' dir='ltr'><strong>iniquis</strong></span> <span class='ocrx_word' id='word_1_127' title='bbox 1265 1072 1591 1111; x_wconf 84' lang='lat' dir='ltr'><strong>criminationibus</strong></span> 
     </span>
     <span class='ocr_line' id='line_1_16' title="bbox 150 1134 1592 1184; baseline 0.003 -17"><span class='ocrx_word' id='word_1_128' title='bbox 150 1139 362 1181; x_wconf 84' lang='lat' dir='ltr'><strong>conceptae.</strong></span> <span class='ocrx_word' id='word_1_129' title='bbox 438 1134 578 1171; x_wconf 89' lang='lat' dir='ltr'><strong>Verum</strong></span> <span class='ocrx_word' id='word_1_130' title='bbox 617 1134 716 1171; x_wconf 91' lang='lat' dir='ltr'><strong>enim</strong></span> <span class='ocrx_word' id='word_1_131' title='bbox 752 1135 782 1172; x_wconf 94' lang='lat' dir='ltr'><strong>si</strong></span> <span class='ocrx_word' id='word_1_132' title='bbox 816 1142 891 1182; x_wconf 84' lang='lat' dir='ltr'><strong>est,</strong></span> <span class='ocrx_word' id='word_1_133' title='bbox 930 1134 1032 1183; x_wconf 91' lang='lat' dir='ltr'><strong>quod</strong></span> <span class='ocrx_word' id='word_1_134' title='bbox 1069 1134 1202 1183; x_wconf 90' lang='lat' dir='ltr'><strong>utique</strong></span> <span class='ocrx_word' id='word_1_135' title='bbox 1241 1140 1315 1179; x_wconf 91' lang='lat' dir='ltr'><strong>est,</strong></span> <span class='ocrx_word' id='word_1_136' title='bbox 1349 1147 1592 1184; x_wconf 87' lang='lat' dir='ltr'><strong>quaecunque</strong></span> 
     </span>
     <span class='ocr_line' id='line_1_17' title="bbox 149 1190 1591 1244; baseline 0.004 -18"><span class='ocrx_word' id='word_1_137' title='bbox 149 1190 322 1228; x_wconf 89' lang='lat' dir='ltr'><strong>homines</strong></span> <span class='ocrx_word' id='word_1_138' title='bbox 353 1194 488 1231; x_wconf 88' lang='lat' dir='ltr'><strong>mentis</strong></span> <span class='ocrx_word' id='word_1_139' title='bbox 519 1207 642 1232; x_wconf 88' lang='lat' dir='ltr'><strong>errore</strong></span> <span class='ocrx_word' id='word_1_140' title='bbox 679 1194 920 1243; x_wconf 88' lang='lat' dir='ltr'><strong>delinquunt,</strong></span> <span class='ocrx_word' id='word_1_141' title='bbox 954 1207 1084 1231; x_wconf 85' lang='lat' dir='ltr'><strong>eorum</strong></span> <span class='ocrx_word' id='word_1_142' title='bbox 1118 1194 1234 1243; x_wconf 85' lang='lat' dir='ltr'><strong>culpa</strong></span> <span class='ocrx_word' id='word_1_143' title='bbox 1270 1207 1410 1244; x_wconf 90' lang='lat' dir='ltr'><strong>corpus</strong></span> <span class='ocrx_word' id='word_1_144' title='bbox 1443 1208 1591 1239; x_wconf 88' lang='lat' dir='ltr'><strong>vacare,</strong></span> 
     </span>
     <span class='ocr_line' id='line_1_18' title="bbox 149 1252 1592 1304; baseline 0.002 -16"><span class='ocrx_word' id='word_1_145' title='bbox 149 1264 288 1301; x_wconf 90' lang='lat' dir='ltr'><strong>corpus</strong></span> <span class='ocrx_word' id='word_1_146' title='bbox 309 1252 379 1290; x_wconf 89' lang='lat' dir='ltr'><strong>hoc</strong></span> <span class='ocrx_word' id='word_1_147' title='bbox 398 1267 524 1291; x_wconf 89' lang='lat' dir='ltr'><strong>meum</strong></span> <span class='ocrx_word' id='word_1_148' title='bbox 551 1261 658 1292; x_wconf 86' lang='lat' dir='ltr'><strong>extra</strong></span> <span class='ocrx_word' id='word_1_149' title='bbox 683 1254 836 1304; x_wconf 89' lang='lat' dir='ltr'><strong>culpam</strong></span> <span class='ocrx_word' id='word_1_150' title='bbox 861 1261 930 1298; x_wconf 91' lang='lat' dir='ltr'><strong>est,</strong></span> <span class='ocrx_word' id='word_1_151' title='bbox 952 1254 1091 1303; x_wconf 91' lang='lat' dir='ltr'><strong>quippe</strong></span> <span class='ocrx_word' id='word_1_152' title='bbox 1112 1253 1216 1303; x_wconf 93' lang='lat' dir='ltr'><strong>quod</strong></span> <span class='ocrx_word' id='word_1_153' title='bbox 1241 1253 1461 1290; x_wconf 87' lang='lat' dir='ltr'><strong>adhucdum</strong></span> <span class='ocrx_word' id='word_1_154' title='bbox 1490 1255 1592 1291; x_wconf 89' lang='lat' dir='ltr'><strong>idem</strong></span> 
     </span>
     <span class='ocr_line' id='line_1_19' title="bbox 147 1313 1591 1364; baseline 0.003 -17"><span class='ocrx_word' id='word_1_155' title='bbox 147 1318 205 1348; x_wconf 86' lang='lat' dir='ltr'><strong>est</strong></span> <span class='ocrx_word' id='word_1_156' title='bbox 236 1319 350 1362; x_wconf 87' lang='lat' dir='ltr'><strong>atque</strong></span> <span class='ocrx_word' id='word_1_157' title='bbox 382 1313 470 1350; x_wconf 90' lang='lat' dir='ltr'><strong>olim</strong></span> <span class='ocrx_word' id='word_1_158' title='bbox 492 1315 576 1359; x_wconf 81' lang='lat' dir='ltr'><strong>fuit,</strong></span> <span class='ocrx_word' id='word_1_159' title='bbox 605 1322 686 1352; x_wconf 91' lang='lat' dir='ltr'><strong>tum</strong></span> <span class='ocrx_word' id='word_1_160' title='bbox 713 1328 861 1364; x_wconf 86' lang='lat' dir='ltr'><strong>nempe,</strong></span> <span class='ocrx_word' id='word_1_161' title='bbox 887 1327 975 1351; x_wconf 89' lang='lat' dir='ltr'><strong>cum</strong></span> <span class='ocrx_word' id='word_1_162' title='bbox 1009 1327 1116 1350; x_wconf 87' lang='lat' dir='ltr'><strong>mens</strong></span> <span class='ocrx_word' id='word_1_163' title='bbox 1150 1314 1290 1351; x_wconf 85' lang='lat' dir='ltr'><strong>crimen</strong></span> <span class='ocrx_word' id='word_1_164' title='bbox 1325 1314 1591 1361; x_wconf 85' lang='lat' dir='ltr'><strong>committeret,</strong></span> 
     </span>
     <span class='ocr_line' id='line_1_20' title="bbox 146 1372 1590 1425; baseline 0.003 -18"><span class='ocrx_word' id='word_1_165' title='bbox 146 1372 255 1422; x_wconf 87' lang='lat' dir='ltr'><strong>cujus</strong></span> <span class='ocrx_word' id='word_1_166' title='bbox 289 1373 381 1410; x_wconf 87' lang='lat' dir='ltr'><strong>nihil</strong></span> <span class='ocrx_word' id='word_1_167' title='bbox 416 1375 465 1412; x_wconf 89' lang='lat' dir='ltr'><strong>ad</strong></span> <span class='ocrx_word' id='word_1_168' title='bbox 495 1387 633 1425; x_wconf 87' lang='lat' dir='ltr'><strong>corpus</strong></span> <span class='ocrx_word' id='word_1_169' title='bbox 662 1375 838 1424; x_wconf 88' lang='lat' dir='ltr'><strong>pertinet,</strong></span> <span class='ocrx_word' id='word_1_170' title='bbox 865 1387 971 1410; x_wconf 89' lang='lat' dir='ltr'><strong>mens</strong></span> <span class='ocrx_word' id='word_1_171' title='bbox 1001 1380 1142 1418; x_wconf 87' lang='lat' dir='ltr'><strong>autem,</strong></span> <span class='ocrx_word' id='word_1_172' title='bbox 1165 1387 1252 1423; x_wconf 89' lang='lat' dir='ltr'><strong>quae</strong></span> <span class='ocrx_word' id='word_1_173' title='bbox 1282 1374 1398 1425; x_wconf 86' lang='lat' dir='ltr'><strong>culpa</strong></span> <span class='ocrx_word' id='word_1_174' title='bbox 1426 1382 1590 1419; x_wconf 87' lang='lat' dir='ltr'><strong>tenetur,</strong></span> 
     </span>
     <span class='ocr_line' id='line_1_21' title="bbox 145 1434 1589 1485; baseline 0.002 -16"><span class='ocrx_word' id='word_1_175' title='bbox 145 1445 249 1470; x_wconf 90' lang='lat' dir='ltr'><strong>nunc</strong></span> <span class='ocrx_word' id='word_1_176' title='bbox 267 1441 326 1471; x_wconf 86' lang='lat' dir='ltr'><strong>est</strong></span> <span class='ocrx_word' id='word_1_177' title='bbox 347 1447 445 1471; x_wconf 87' lang='lat' dir='ltr'><strong>nova</strong></span> <span class='ocrx_word' id='word_1_178' title='bbox 460 1435 550 1472; x_wconf 88' lang='lat' dir='ltr'><strong>mihi</strong></span> <span class='ocrx_word' id='word_1_179' title='bbox 575 1448 727 1485; x_wconf 86' lang='lat' dir='ltr'><strong>prorsus</strong></span> <span class='ocrx_word' id='word_1_180' title='bbox 747 1436 795 1472; x_wconf 87' lang='lat' dir='ltr'><strong>ab</strong></span> <span class='ocrx_word' id='word_1_181' title='bbox 821 1435 886 1472; x_wconf 86' lang='lat' dir='ltr'><strong>illa</strong></span> <span class='ocrx_word' id='word_1_182' title='bbox 905 1434 1064 1484; x_wconf 85' lang='lat' dir='ltr'><strong>pristina</strong></span> <span class='ocrx_word' id='word_1_183' title='bbox 1084 1434 1256 1472; x_wconf 85' lang='lat' dir='ltr'><strong>diversa:</strong></span> <span class='ocrx_word' id='word_1_184' title='bbox 1286 1436 1473 1484; x_wconf 85' lang='lat' dir='ltr'><strong>quocirca</strong></span> <span class='ocrx_word' id='word_1_185' title='bbox 1496 1435 1589 1472; x_wconf 89' lang='lat' dir='ltr'><strong>nihil</strong></span> 
     </span>
     <span class='ocr_line' id='line_1_22' title="bbox 137 1491 1588 1545; baseline 0.002 -16"><span class='ocrx_word' id='word_1_186' title='bbox 137 1491 216 1542; x_wconf 83' lang='lat' dir='ltr'><strong>jam</strong></span> <span class='ocrx_word' id='word_1_187' title='bbox 239 1501 423 1543; x_wconf 86' lang='lat' dir='ltr'><strong>superest,</strong></span> <span class='ocrx_word' id='word_1_188' title='bbox 443 1496 490 1532; x_wconf 89' lang='lat' dir='ltr'><strong>ob</strong></span> <span class='ocrx_word' id='word_1_189' title='bbox 517 1496 620 1545; x_wconf 91' lang='lat' dir='ltr'><strong>quod</strong></span> <span class='ocrx_word' id='word_1_190' title='bbox 647 1495 780 1532; x_wconf 90' lang='lat' dir='ltr'><strong>merito</strong></span> <span class='ocrx_word' id='word_1_191' title='bbox 807 1495 896 1532; x_wconf 91' lang='lat' dir='ltr'><strong>mihi</strong></span> <span class='ocrx_word' id='word_1_192' title='bbox 925 1494 1197 1532; x_wconf 84' lang='lat' dir='ltr'><strong>succenseatis.</strong></span> <span class='ocrx_word' id='word_1_193' title='bbox 1254 1495 1588 1536; x_wconf 82' lang='lat' dir='ltr'><strong>Quemadmodum</strong></span> 
     </span>
     <span class='ocr_line' id='line_1_23' title="bbox 143 1554 1588 1606; baseline 0.002 -17"><span class='ocrx_word' id='word_1_194' title='bbox 143 1561 270 1590; x_wconf 84' lang='lat' dir='ltr'><strong>autem</strong></span> <span class='ocrx_word' id='word_1_195' title='bbox 297 1561 388 1592; x_wconf 87' lang='lat' dir='ltr'><strong>tunc</strong></span> <span class='ocrx_word' id='word_1_196' title='bbox 410 1556 592 1606; x_wconf 85' lang='lat' dir='ltr'><strong>temporis</strong></span> <span class='ocrx_word' id='word_1_197' title='bbox 622 1556 760 1593; x_wconf 89' lang='lat' dir='ltr'><strong>indicia</strong></span> <span class='ocrx_word' id='word_1_198' title='bbox 788 1568 912 1592; x_wconf 87' lang='lat' dir='ltr'><strong>rerum</strong></span> <span class='ocrx_word' id='word_1_199' title='bbox 935 1561 1129 1604; x_wconf 86' lang='lat' dir='ltr'><strong>gestarum</strong></span> <span class='ocrx_word' id='word_1_200' title='bbox 1156 1567 1222 1604; x_wconf 91' lang='lat' dir='ltr'><strong>pro</strong></span> <span class='ocrx_word' id='word_1_201' title='bbox 1249 1554 1398 1592; x_wconf 87' lang='lat' dir='ltr'><strong>indiciis</strong></span> <span class='ocrx_word' id='word_1_202' title='bbox 1420 1555 1588 1592; x_wconf 88' lang='lat' dir='ltr'><strong>omnium</strong></span> 
     </span>
     <span class='ocr_line' id='line_1_24' title="bbox 142 1615 1587 1666; baseline 0.001 -15"><span class='ocrx_word' id='word_1_203' title='bbox 142 1615 363 1653; x_wconf 88' lang='lat' dir='ltr'><strong>certissimis</strong></span> <span class='ocrx_word' id='word_1_204' title='bbox 382 1616 579 1661; x_wconf 83' lang='lat' dir='ltr'><strong>habentes,</strong></span> <span class='ocrx_word' id='word_1_205' title='bbox 601 1616 758 1653; x_wconf 86' lang='lat' dir='ltr'><strong>aiebatis</strong></span> <span class='ocrx_word' id='word_1_206' title='bbox 779 1622 954 1666; x_wconf 88' lang='lat' dir='ltr'><strong>oportere</strong></span> <span class='ocrx_word' id='word_1_207' title='bbox 975 1628 1034 1652; x_wconf 89' lang='lat' dir='ltr'><strong>me</strong></span> <span class='ocrx_word' id='word_1_208' title='bbox 1053 1615 1091 1651; x_wconf 92' lang='lat' dir='ltr'><strong>in</strong></span> <span class='ocrx_word' id='word_1_209' title='bbox 1111 1628 1268 1652; x_wconf 89' lang='lat' dir='ltr'><strong>numero</strong></span> <span class='ocrx_word' id='word_1_210' title='bbox 1295 1615 1491 1652; x_wconf 87' lang='lat' dir='ltr'><strong>hominum</strong></span> <span class='ocrx_word' id='word_1_211' title='bbox 1518 1617 1587 1653; x_wconf 91' lang='lat' dir='ltr'><strong>im-</strong></span> 
     </span>
     <span class='ocr_line' id='line_1_25' title="bbox 141 1677 1587 1729; baseline 0.001 -16"><span class='ocrx_word' id='word_1_212' title='bbox 141 1678 344 1726; x_wconf 85' lang='lat' dir='ltr'><strong>proborum</strong></span> <span class='ocrx_word' id='word_1_213' title='bbox 366 1678 511 1724; x_wconf 86' lang='lat' dir='ltr'><strong>haberi,</strong></span> <span class='ocrx_word' id='word_1_214' title='bbox 539 1679 591 1716; x_wconf 87' lang='lat' dir='ltr'><strong>ita</strong></span> <span class='ocrx_word' id='word_1_215' title='bbox 614 1679 726 1729; x_wconf 91' lang='lat' dir='ltr'><strong>hujus</strong></span> <span class='ocrx_word' id='word_1_216' title='bbox 748 1690 842 1714; x_wconf 87' lang='lat' dir='ltr'><strong>meae</strong></span> <span class='ocrx_word' id='word_1_217' title='bbox 868 1690 955 1727; x_wconf 88' lang='lat' dir='ltr'><strong>quae</strong></span> <span class='ocrx_word' id='word_1_218' title='bbox 981 1690 1082 1714; x_wconf 86' lang='lat' dir='ltr'><strong>nunc</strong></span> <span class='ocrx_word' id='word_1_219' title='bbox 1102 1683 1161 1714; x_wconf 90' lang='lat' dir='ltr'><strong>est</strong></span> <span class='ocrx_word' id='word_1_220' title='bbox 1181 1689 1273 1727; x_wconf 83' lang='lat' dir='ltr'><strong>ergo</strong></span> <span class='ocrx_word' id='word_1_221' title='bbox 1295 1690 1359 1714; x_wconf 89' lang='lat' dir='ltr'><strong>vos</strong></span> <span class='ocrx_word' id='word_1_222' title='bbox 1380 1677 1587 1715; x_wconf 85' lang='lat' dir='ltr'><strong>voluntatis</strong></span> 
     </span>
     <span class='ocr_line' id='line_1_26' title="bbox 143 1737 1587 1789; baseline 0.001 -16"><span class='ocrx_word' id='word_1_223' title='bbox 143 1737 260 1775; x_wconf 92' lang='lat' dir='ltr'><strong>nolite</strong></span> <span class='ocrx_word' id='word_1_224' title='bbox 282 1739 400 1775; x_wconf 91' lang='lat' dir='ltr'><strong>ullum</strong></span> <span class='ocrx_word' id='word_1_225' title='bbox 421 1739 524 1776; x_wconf 85' lang='lat' dir='ltr'><strong>aliud</strong></span> <span class='ocrx_word' id='word_1_226' title='bbox 549 1752 722 1789; x_wconf 84' lang='lat' dir='ltr'><strong>quaerere</strong></span> <span class='ocrx_word' id='word_1_227' title='bbox 744 1739 1033 1783; x_wconf 90' lang='lat' dir='ltr'><strong>documentum,</strong></span> <span class='ocrx_word' id='word_1_228' title='bbox 1058 1744 1311 1788; x_wconf 79' lang='lat' dir='ltr'><strong>praeterquam</strong></span> <span class='ocrx_word' id='word_1_229' title='bbox 1332 1737 1436 1774; x_wconf 90' lang='lat' dir='ltr'><strong>illam</strong></span> <span class='ocrx_word' id='word_1_230' title='bbox 1457 1751 1587 1775; x_wconf 89' lang='lat' dir='ltr'><strong>recen-</strong></span> 
     </span>
     <span class='ocr_line' id='line_1_27' title="bbox 141 1796 1585 1848; baseline 0.003 -16"><span class='ocrx_word' id='word_1_231' title='bbox 141 1796 325 1835; x_wconf 85' lang='lat' dir='ltr'><strong>tissimam</strong></span> <span class='ocrx_word' id='word_1_232' title='bbox 348 1799 459 1836; x_wconf 88' lang='lat' dir='ltr'><strong>fidem</strong></span> <span class='ocrx_word' id='word_1_233' title='bbox 473 1799 684 1836; x_wconf 89' lang='lat' dir='ltr'><strong>officiorum</strong></span> <span class='ocrx_word' id='word_1_234' title='bbox 705 1812 727 1836; x_wconf 88' lang='lat' dir='ltr'><strong>a</strong></span> <span class='ocrx_word' id='word_1_235' title='bbox 746 1812 805 1835; x_wconf 91' lang='lat' dir='ltr'><strong>me</strong></span> <span class='ocrx_word' id='word_1_236' title='bbox 825 1798 932 1836; x_wconf 93' lang='lat' dir='ltr'><strong>vobis</strong></span> <span class='ocrx_word' id='word_1_237' title='bbox 949 1810 1068 1848; x_wconf 90' lang='lat' dir='ltr'><strong>nuper</strong></span> <span class='ocrx_word' id='word_1_238' title='bbox 1083 1798 1291 1834; x_wconf 82' lang='lat' dir='ltr'><strong>admodum</strong></span> <span class='ocrx_word' id='word_1_239' title='bbox 1313 1798 1585 1847; x_wconf 83' lang='lat' dir='ltr'><strong>praestitorum.</strong></span> 
     </span>
     <span class='ocr_line' id='line_1_28' title="bbox 143 1856 1585 1908; baseline 0.001 -15"><span class='ocrx_word' id='word_1_240' title='bbox 143 1856 254 1894; x_wconf 89' lang='lat' dir='ltr'><strong>Nova</strong></span> <span class='ocrx_word' id='word_1_241' title='bbox 273 1857 374 1894; x_wconf 91' lang='lat' dir='ltr'><strong>enim</strong></span> <span class='ocrx_word' id='word_1_242' title='bbox 393 1858 477 1896; x_wconf 90' lang='lat' dir='ltr'><strong>haec</strong></span> <span class='ocrx_word' id='word_1_243' title='bbox 497 1858 775 1896; x_wconf 84' lang='lat' dir='ltr'><strong>benevolentiae</strong></span> <span class='ocrx_word' id='word_1_244' title='bbox 806 1871 898 1908; x_wconf 86' lang='lat' dir='ltr'><strong>erga</strong></span> <span class='ocrx_word' id='word_1_245' title='bbox 917 1871 983 1895; x_wconf 91' lang='lat' dir='ltr'><strong>vos</strong></span> <span class='ocrx_word' id='word_1_246' title='bbox 1012 1870 1106 1894; x_wconf 86' lang='lat' dir='ltr'><strong>meae</strong></span> <span class='ocrx_word' id='word_1_247' title='bbox 1135 1857 1276 1894; x_wconf 83' lang='lat' dir='ltr'><strong>indicia</strong></span> <span class='ocrx_word' id='word_1_248' title='bbox 1302 1858 1424 1895; x_wconf 85' lang='lat' dir='ltr'><strong>multo</strong></span> <span class='ocrx_word' id='word_1_249' title='bbox 1449 1859 1585 1908; x_wconf 87' lang='lat' dir='ltr'><strong>magis,</strong></span> 
     </span>
     <span class='ocr_line' id='line_1_29' title="bbox 140 1917 1586 1967; baseline 0.003 -15"><span class='ocrx_word' id='word_1_250' title='bbox 140 1929 255 1965; x_wconf 86' lang='lat' dir='ltr'><strong>quam</strong></span> <span class='ocrx_word' id='word_1_251' title='bbox 283 1917 348 1955; x_wconf 87' lang='lat' dir='ltr'><strong>illa</strong></span> <span class='ocrx_word' id='word_1_252' title='bbox 368 1925 517 1956; x_wconf 90' lang='lat' dir='ltr'><strong>vetusta</strong></span> <span class='ocrx_word' id='word_1_253' title='bbox 544 1918 839 1964; x_wconf 85' lang='lat' dir='ltr'><strong>malevolentiae,</strong></span> <span class='ocrx_word' id='word_1_254' title='bbox 858 1918 1028 1967; x_wconf 87' lang='lat' dir='ltr'><strong>mihique</strong></span> <span class='ocrx_word' id='word_1_255' title='bbox 1058 1917 1294 1955; x_wconf 87' lang='lat' dir='ltr'><strong>conveniunt</strong></span> <span class='ocrx_word' id='word_1_256' title='bbox 1313 1924 1353 1955; x_wconf 92' lang='lat' dir='ltr'><strong>et</strong></span> <span class='ocrx_word' id='word_1_257' title='bbox 1373 1918 1410 1954; x_wconf 92' lang='lat' dir='ltr'><strong>in</strong></span> <span class='ocrx_word' id='word_1_258' title='bbox 1433 1932 1507 1955; x_wconf 89' lang='lat' dir='ltr'><strong>usu</strong></span> <span class='ocrx_word' id='word_1_259' title='bbox 1527 1927 1586 1956; x_wconf 88' lang='lat' dir='ltr'><strong>at-</strong></span> 
     </span>
     <span class='ocr_line' id='line_1_30' title="bbox 140 1977 1583 2029; baseline 0.002 -16"><span class='ocrx_word' id='word_1_260' title='bbox 140 1990 214 2025; x_wconf 91' lang='lat' dir='ltr'><strong>que</strong></span> <span class='ocrx_word' id='word_1_261' title='bbox 241 1991 341 2015; x_wconf 91' lang='lat' dir='ltr'><strong>more</strong></span> <span class='ocrx_word' id='word_1_262' title='bbox 361 1986 449 2016; x_wconf 89' lang='lat' dir='ltr'><strong>sunt</strong></span> <span class='ocrx_word' id='word_1_263' title='bbox 468 1980 539 2016; x_wconf 89' lang='lat' dir='ltr'><strong>mei</strong></span> <span class='ocrx_word' id='word_1_264' title='bbox 555 1980 719 2029; x_wconf 85' lang='lat' dir='ltr'><strong>generis.</strong></span> <span class='ocrx_word' id='word_1_265' title='bbox 775 1979 930 2016; x_wconf 87' lang='lat' dir='ltr'><strong>Mentiri</strong></span> <span class='ocrx_word' id='word_1_266' title='bbox 955 1977 1112 2028; x_wconf 91' lang='lat' dir='ltr'><strong>quidem</strong></span> <span class='ocrx_word' id='word_1_267' title='bbox 1133 1979 1162 2015; x_wconf 92' lang='lat' dir='ltr'><strong>si</strong></span> <span class='ocrx_word' id='word_1_268' title='bbox 1179 1978 1302 2028; x_wconf 89' lang='lat' dir='ltr'><strong>juvet,</strong></span> <span class='ocrx_word' id='word_1_269' title='bbox 1317 1979 1419 2015; x_wconf 84' lang='lat' dir='ltr'><strong>haud</strong></span> <span class='ocrx_word' id='word_1_270' title='bbox 1441 1979 1583 2028; x_wconf 90' lang='lat' dir='ltr'><strong>possim</strong></span> 
     </span>
     <span class='ocr_line' id='line_1_31' title="bbox 139 2037 1582 2088; baseline 0.002 -16"><span class='ocrx_word' id='word_1_271' title='bbox 139 2037 307 2074; x_wconf 85' lang='lat' dir='ltr'><strong>seniores</strong></span> <span class='ocrx_word' id='word_1_272' title='bbox 327 2045 430 2076; x_wconf 86' lang='lat' dir='ltr'><strong>certe</strong></span> <span class='ocrx_word' id='word_1_273' title='bbox 449 2046 613 2076; x_wconf 87' lang='lat' dir='ltr'><strong>vestrum</strong></span> <span class='ocrx_word' id='word_1_274' title='bbox 633 2045 823 2088; x_wconf 88' lang='lat' dir='ltr'><strong>quotquot</strong></span> <span class='ocrx_word' id='word_1_275' title='bbox 842 2037 1010 2075; x_wconf 89' lang='lat' dir='ltr'><strong>assident</strong></span> <span class='ocrx_word' id='word_1_276' title='bbox 1030 2037 1182 2075; x_wconf 82' lang='lat' dir='ltr'><strong>fallere:</strong></span> <span class='ocrx_word' id='word_1_277' title='bbox 1213 2050 1343 2074; x_wconf 85' lang='lat' dir='ltr'><strong>verum</strong></span> <span class='ocrx_word' id='word_1_278' title='bbox 1372 2051 1448 2074; x_wconf 90' lang='lat' dir='ltr'><strong>non</strong></span> <span class='ocrx_word' id='word_1_279' title='bbox 1475 2051 1582 2075; x_wconf 90' lang='lat' dir='ltr'><strong>men-</strong></span> 
     </span>
     <span class='ocr_line' id='line_1_32' title="bbox 139 2097 1582 2148; baseline 0.001 -15"><span class='ocrx_word' id='word_1_280' title='bbox 139 2097 225 2142; x_wconf 86' lang='lat' dir='ltr'><strong>tior,</strong></span> <span class='ocrx_word' id='word_1_281' title='bbox 245 2098 311 2135; x_wconf 88' lang='lat' dir='ltr'><strong>sed</strong></span> <span class='ocrx_word' id='word_1_282' title='bbox 332 2113 459 2136; x_wconf 89' lang='lat' dir='ltr'><strong>verum</strong></span> <span class='ocrx_word' id='word_1_283' title='bbox 477 2100 550 2144; x_wconf 90' lang='lat' dir='ltr'><strong>aio,</strong></span> <span class='ocrx_word' id='word_1_284' title='bbox 570 2099 773 2145; x_wconf 88' lang='lat' dir='ltr'><strong>affirmans,</strong></span> <span class='ocrx_word' id='word_1_285' title='bbox 790 2098 999 2148; x_wconf 82' lang='lat' dir='ltr'><strong>Leogoram</strong></span> <span class='ocrx_word' id='word_1_286' title='bbox 1018 2098 1136 2147; x_wconf 88' lang='lat' dir='ltr'><strong>patris</strong></span> <span class='ocrx_word' id='word_1_287' title='bbox 1149 2097 1223 2135; x_wconf 88' lang='lat' dir='ltr'><strong>mei</strong></span> <span class='ocrx_word' id='word_1_288' title='bbox 1239 2110 1351 2135; x_wconf 89' lang='lat' dir='ltr'><strong>avum</strong></span> <span class='ocrx_word' id='word_1_289' title='bbox 1367 2106 1582 2148; x_wconf 89' lang='lat' dir='ltr'><strong>paternum,</strong></span> 
     </span>
     <span class='ocr_line' id='line_1_33' title="bbox 136 2157 1582 2210; baseline -0.001 -14"><span class='ocrx_word' id='word_1_290' title='bbox 136 2171 223 2196; x_wconf 90' lang='lat' dir='ltr'><strong>cum</strong></span> <span class='ocrx_word' id='word_1_291' title='bbox 237 2160 425 2209; x_wconf 81' lang='lat' dir='ltr'><strong>potuisset</strong></span> <span class='ocrx_word' id='word_1_292' title='bbox 444 2161 481 2197; x_wconf 89' lang='lat' dir='ltr'><strong>in</strong></span> <span class='ocrx_word' id='word_1_293' title='bbox 503 2161 663 2210; x_wconf 84' lang='lat' dir='ltr'><strong>gratiam</strong></span> <span class='ocrx_word' id='word_1_294' title='bbox 685 2173 773 2197; x_wconf 91' lang='lat' dir='ltr'><strong>cum</strong></span> <span class='ocrx_word' id='word_1_295' title='bbox 790 2158 1036 2196; x_wconf 88' lang='lat' dir='ltr'><strong>Pisistratidis</strong></span> <span class='ocrx_word' id='word_1_296' title='bbox 1057 2157 1192 2203; x_wconf 89' lang='lat' dir='ltr'><strong>redire,</strong></span> <span class='ocrx_word' id='word_1_297' title='bbox 1206 2158 1434 2207; x_wconf 86' lang='lat' dir='ltr'><strong>quibuscum</strong></span> <span class='ocrx_word' id='word_1_298' title='bbox 1455 2158 1582 2196; x_wconf 88' lang='lat' dir='ltr'><strong>studio</strong></span> 
     </span>
     <span class='ocr_line' id='line_1_34' title="bbox 136 2219 1580 2271; baseline 0.001 -15"><span class='ocrx_word' id='word_1_299' title='bbox 136 2219 252 2269; x_wconf 88' lang='lat' dir='ltr'><strong>partis</strong></span> <span class='ocrx_word' id='word_1_300' title='bbox 277 2222 470 2271; x_wconf 87' lang='lat' dir='ltr'><strong>popularis</strong></span> <span class='ocrx_word' id='word_1_301' title='bbox 490 2222 714 2268; x_wconf 88' lang='lat' dir='ltr'><strong>dissidebat,</strong></span> <span class='ocrx_word' id='word_1_302' title='bbox 733 2227 1006 2270; x_wconf 87' lang='lat' dir='ltr'><strong>contractaque</strong></span> <span class='ocrx_word' id='word_1_303' title='bbox 1028 2231 1116 2256; x_wconf 87' lang='lat' dir='ltr'><strong>cum</strong></span> <span class='ocrx_word' id='word_1_304' title='bbox 1138 2219 1230 2269; x_wconf 87' lang='lat' dir='ltr'><strong>ipsis</strong></span> <span class='ocrx_word' id='word_1_305' title='bbox 1258 2219 1443 2256; x_wconf 87' lang='lat' dir='ltr'><strong>affinitate</strong></span> <span class='ocrx_word' id='word_1_306' title='bbox 1464 2227 1580 2270; x_wconf 88' lang='lat' dir='ltr'><strong>potu-</strong></span> 
     </span>
     <span class='ocr_line' id='line_1_35' title="bbox 136 2279 1581 2332; baseline 0.001 -17"><span class='ocrx_word' id='word_1_307' title='bbox 136 2279 230 2316; x_wconf 88' lang='lat' dir='ltr'><strong>isset</strong></span> <span class='ocrx_word' id='word_1_308' title='bbox 258 2293 368 2329; x_wconf 86' lang='lat' dir='ltr'><strong>aequa</strong></span> <span class='ocrx_word' id='word_1_309' title='bbox 399 2282 610 2331; x_wconf 86' lang='lat' dir='ltr'><strong>tyrannidis</strong></span> <span class='ocrx_word' id='word_1_310' title='bbox 640 2282 813 2332; x_wconf 89' lang='lat' dir='ltr'><strong>portione</strong></span> <span class='ocrx_word' id='word_1_311' title='bbox 845 2281 969 2331; x_wconf 88' lang='lat' dir='ltr'><strong>potiri,</strong></span> <span class='ocrx_word' id='word_1_312' title='bbox 994 2279 1173 2317; x_wconf 88' lang='lat' dir='ltr'><strong>maluisse</strong></span> <span class='ocrx_word' id='word_1_313' title='bbox 1201 2286 1330 2316; x_wconf 87' lang='lat' dir='ltr'><strong>tamen</strong></span> <span class='ocrx_word' id='word_1_314' title='bbox 1357 2293 1444 2316; x_wconf 89' lang='lat' dir='ltr'><strong>cum</strong></span> <span class='ocrx_word' id='word_1_315' title='bbox 1470 2280 1581 2330; x_wconf 87' lang='lat' dir='ltr'><strong>plebe</strong></span> 
     </span>
     <span class='ocr_line' id='line_1_36' title="bbox 135 2339 1582 2391; baseline 0 -15"><span class='ocrx_word' id='word_1_316' title='bbox 135 2340 330 2377; x_wconf 87' lang='lat' dir='ltr'><strong>molestias</strong></span> <span class='ocrx_word' id='word_1_317' title='bbox 354 2342 474 2378; x_wconf 83' lang='lat' dir='ltr'><strong>exsilii</strong></span> <span class='ocrx_word' id='word_1_318' title='bbox 498 2343 674 2386; x_wconf 88' lang='lat' dir='ltr'><strong>tolerare,</strong></span> <span class='ocrx_word' id='word_1_319' title='bbox 695 2354 810 2391; x_wconf 87' lang='lat' dir='ltr'><strong>quam</strong></span> <span class='ocrx_word' id='word_1_320' title='bbox 835 2340 968 2391; x_wconf 86' lang='lat' dir='ltr'><strong>patriae</strong></span> <span class='ocrx_word' id='word_1_321' title='bbox 990 2339 1160 2390; x_wconf 88' lang='lat' dir='ltr'><strong>proditor</strong></span> <span class='ocrx_word' id='word_1_322' title='bbox 1185 2352 1283 2378; x_wconf 87' lang='lat' dir='ltr'><strong>esse.</strong></span> <span class='ocrx_word' id='word_1_323' title='bbox 1341 2340 1582 2390; x_wconf 85' lang='lat' dir='ltr'><strong>Quapropter</strong></span> 
     </span>
     <span class='ocr_line' id='line_1_37' title="bbox 132 2402 1579 2453; baseline 0 -14"><span class='ocrx_word' id='word_1_324' title='bbox 132 2409 437 2440; x_wconf 86' lang='lat' dir='ltr'><strong>consentaneum</strong></span> <span class='ocrx_word' id='word_1_325' title='bbox 454 2411 525 2448; x_wconf 91' lang='lat' dir='ltr'><strong>est,</strong></span> <span class='ocrx_word' id='word_1_326' title='bbox 546 2417 603 2441; x_wconf 86' lang='lat' dir='ltr'><strong>me</strong></span> <span class='ocrx_word' id='word_1_327' title='bbox 623 2417 775 2453; x_wconf 90' lang='lat' dir='ltr'><strong>quoque</strong></span> <span class='ocrx_word' id='word_1_328' title='bbox 794 2403 980 2440; x_wconf 88' lang='lat' dir='ltr'><strong>libertatis</strong></span> <span class='ocrx_word' id='word_1_329' title='bbox 1000 2402 1216 2440; x_wconf 86' lang='lat' dir='ltr'><strong>studiosum</strong></span> <span class='ocrx_word' id='word_1_330' title='bbox 1239 2409 1276 2440; x_wconf 89' lang='lat' dir='ltr'><strong>et</strong></span> <span class='ocrx_word' id='word_1_331' title='bbox 1288 2402 1390 2452; x_wconf 91' lang='lat' dir='ltr'><strong>plebi</strong></span> <span class='ocrx_word' id='word_1_332' title='bbox 1410 2403 1579 2440; x_wconf 85' lang='lat' dir='ltr'><strong>deditum</strong></span> 
     </span>
     <span class='ocr_line' id='line_1_38' title="bbox 130 2463 1579 2514; baseline -0.001 -15"><span class='ocrx_word' id='word_1_333' title='bbox 130 2475 226 2508; x_wconf 82' lang='lat' dir='ltr'><strong>esse,</strong></span> <span class='ocrx_word' id='word_1_334' title='bbox 239 2476 325 2500; x_wconf 83' lang='lat' dir='ltr'><strong>curn</strong></span> <span class='ocrx_word' id='word_1_335' title='bbox 343 2470 495 2513; x_wconf 87' lang='lat' dir='ltr'><strong>propter</strong></span> <span class='ocrx_word' id='word_1_336' title='bbox 508 2464 682 2513; x_wconf 85' lang='lat' dir='ltr'><strong>exempla</strong></span> <span class='ocrx_word' id='word_1_337' title='bbox 701 2463 886 2514; x_wconf 81' lang='lat' dir='ltr'><strong>majorum</strong></span> <span class='ocrx_word' id='word_1_338' title='bbox 902 2475 1087 2508; x_wconf 89' lang='lat' dir='ltr'><strong>meorum,</strong></span> <span class='ocrx_word' id='word_1_339' title='bbox 1105 2468 1184 2498; x_wconf 89' lang='lat' dir='ltr'><strong>tum</strong></span> <span class='ocrx_word' id='word_1_340' title='bbox 1201 2469 1356 2512; x_wconf 88' lang='lat' dir='ltr'><strong>propter</strong></span> <span class='ocrx_word' id='word_1_341' title='bbox 1371 2475 1454 2499; x_wconf 88' lang='lat' dir='ltr'><strong>eam</strong></span> <span class='ocrx_word' id='word_1_342' title='bbox 1476 2476 1579 2499; x_wconf 87' lang='lat' dir='ltr'><strong>men-</strong></span> 
     </span>
     <span class='ocr_line' id='line_1_39' title="bbox 132 2522 1584 2574; baseline -0.001 -14"><span class='ocrx_word' id='word_1_343' title='bbox 132 2530 223 2568; x_wconf 90' lang='lat' dir='ltr'><strong>tem,</strong></span> <span class='ocrx_word' id='word_1_344' title='bbox 244 2538 330 2574; x_wconf 89' lang='lat' dir='ltr'><strong>quae</strong></span> <span class='ocrx_word' id='word_1_345' title='bbox 351 2525 382 2561; x_wconf 90' lang='lat' dir='ltr'><strong>si</strong></span> <span class='ocrx_word' id='word_1_346' title='bbox 401 2525 502 2574; x_wconf 86' lang='lat' dir='ltr'><strong>prius</strong></span> <span class='ocrx_word' id='word_1_347' title='bbox 523 2525 613 2561; x_wconf 88' lang='lat' dir='ltr'><strong>mihi</strong></span> <span class='ocrx_word' id='word_1_348' title='bbox 634 2537 708 2562; x_wconf 92' lang='lat' dir='ltr'><strong>non</strong></span> <span class='ocrx_word' id='word_1_349' title='bbox 734 2524 819 2568; x_wconf 85' lang='lat' dir='ltr'><strong>fuit,</strong></span> <span class='ocrx_word' id='word_1_350' title='bbox 839 2536 941 2561; x_wconf 89' lang='lat' dir='ltr'><strong>nunc</strong></span> <span class='ocrx_word' id='word_1_351' title='bbox 962 2529 1032 2561; x_wconf 89' lang='lat' dir='ltr'><strong>est.</strong></span> <span class='ocrx_word' id='word_1_352' title='bbox 1089 2522 1178 2560; x_wconf 88' lang='lat' dir='ltr'><strong>Pari</strong></span> <span class='ocrx_word' id='word_1_353' title='bbox 1204 2522 1251 2560; x_wconf 92' lang='lat' dir='ltr'><strong>de</strong></span> <span class='ocrx_word' id='word_1_354' title='bbox 1271 2535 1387 2559; x_wconf 82' lang='lat' dir='ltr'><strong>causa</strong></span> <span class='ocrx_word' id='word_1_355' title='bbox 1408 2535 1474 2558; x_wconf 90' lang='lat' dir='ltr'><strong>vos</strong></span> <span class='ocrx_word' id='word_1_356' title='bbox 1493 2535 1584 2572; x_wconf 86' lang='lat' dir='ltr'><strong>qno-</strong></span> 
     </span>
     <span class='ocr_line' id='line_1_40' title="bbox 130 2584 1581 2634; baseline 0 -14"><span class='ocrx_word' id='word_1_357' title='bbox 130 2597 203 2632; x_wconf 88' lang='lat' dir='ltr'><strong>que</strong></span> <span class='ocrx_word' id='word_1_358' title='bbox 219 2585 343 2630; x_wconf 85' lang='lat' dir='ltr'><strong>decet,</strong></span> <span class='ocrx_word' id='word_1_359' title='bbox 362 2585 427 2622; x_wconf 86' lang='lat' dir='ltr'><strong>ubi</strong></span> <span class='ocrx_word' id='word_1_360' title='bbox 447 2586 658 2623; x_wconf 86' lang='lat' dir='ltr'><strong>constiterit</strong></span> <span class='ocrx_word' id='word_1_361' title='bbox 678 2585 786 2622; x_wconf 91' lang='lat' dir='ltr'><strong>vobis</strong></span> <span class='ocrx_word' id='word_1_362' title='bbox 817 2585 1008 2622; x_wconf 89' lang='lat' dir='ltr'><strong>hominem</strong></span> <span class='ocrx_word' id='word_1_363' title='bbox 1028 2584 1128 2634; x_wconf 81' lang='lat' dir='ltr'><strong>frugi</strong></span> <span class='ocrx_word' id='word_1_364' title='bbox 1150 2597 1209 2621; x_wconf 90' lang='lat' dir='ltr'><strong>me</strong></span> <span class='ocrx_word' id='word_1_365' title='bbox 1237 2596 1340 2619; x_wconf 90' lang='lat' dir='ltr'><strong>nunc</strong></span> <span class='ocrx_word' id='word_1_366' title='bbox 1368 2594 1453 2618; x_wconf 88' lang='lat' dir='ltr'><strong>esse</strong></span> <span class='ocrx_word' id='word_1_367' title='bbox 1483 2584 1581 2633; x_wconf 85' lang='lat' dir='ltr'><strong>opti-</strong></span> 
     </span>
     <span class='ocr_line' id='line_1_41' title="bbox 133 2643 1574 2692; baseline 0.001 -13"><span class='ocrx_word' id='word_1_368' title='bbox 133 2656 267 2692; x_wconf 90' lang='lat' dir='ltr'><strong>meque</strong></span> <span class='ocrx_word' id='word_1_369' title='bbox 290 2645 336 2681; x_wconf 87' lang='lat' dir='ltr'><strong>de</strong></span> <span class='ocrx_word' id='word_1_370' title='bbox 351 2646 456 2683; x_wconf 90' lang='lat' dir='ltr'><strong>vobis</strong></span> <span class='ocrx_word' id='word_1_371' title='bbox 481 2646 670 2691; x_wconf 85' lang='lat' dir='ltr'><strong>meritum,</strong></span> <span class='ocrx_word' id='word_1_372' title='bbox 691 2645 818 2683; x_wconf 88' lang='lat' dir='ltr'><strong>studia</strong></span> <span class='ocrx_word' id='word_1_373' title='bbox 842 2657 926 2681; x_wconf 86' lang='lat' dir='ltr'><strong>mea</strong></span> <span class='ocrx_word' id='word_1_374' title='bbox 954 2644 1028 2682; x_wconf 88' lang='lat' dir='ltr'><strong>hoc</strong></span> <span class='ocrx_word' id='word_1_375' title='bbox 1048 2643 1338 2682; x_wconf 88' lang='lat' dir='ltr'><strong>benevolentius</strong></span> <span class='ocrx_word' id='word_1_376' title='bbox 1359 2648 1574 2691; x_wconf 82' lang='lat' dir='ltr'><strong>acceptare.</strong></span> 
     </span>
     <span class='ocr_line' id='line_1_42' title="bbox 132 2701 1582 2753; baseline 0.002 -14"><span class='ocrx_word' id='word_1_377' title='bbox 132 2704 414 2742; x_wconf 89' lang='lat' dir='ltr'><strong>Immunitatem</strong></span> <span class='ocrx_word' id='word_1_378' title='bbox 434 2719 456 2742; x_wconf 89' lang='lat' dir='ltr'><strong>a</strong></span> <span class='ocrx_word' id='word_1_379' title='bbox 475 2707 580 2743; x_wconf 81' lang='lat' dir='ltr'><strong>vobis</strong></span> <span class='ocrx_word' id='word_1_380' title='bbox 605 2706 722 2743; x_wconf 89' lang='lat' dir='ltr'><strong>semel</strong></span> <span class='ocrx_word' id='word_1_381' title='bbox 741 2706 830 2742; x_wconf 81' lang='lat' dir='ltr'><strong>mihi</strong></span> <span class='ocrx_word' id='word_1_382' title='bbox 854 2706 1050 2749; x_wconf 82' lang='lat' dir='ltr'><strong>tributam,</strong></span> <span class='ocrx_word' id='word_1_383' title='bbox 1071 2704 1175 2753; x_wconf 87' lang='lat' dir='ltr'><strong>quod</strong></span> <span class='ocrx_word' id='word_1_384' title='bbox 1202 2714 1332 2739; x_wconf 82' lang='lat' dir='ltr'><strong>rursus</strong></span> <span class='ocrx_word' id='word_1_385' title='bbox 1352 2701 1582 2749; x_wconf 85' lang='lat' dir='ltr'><strong>ademeritis,</strong></span> 
     </span>
     <span class='ocr_line' id='line_1_43' title="bbox 129 2761 1580 2812; baseline 0 -12"><span class='ocrx_word' id='word_1_386' title='bbox 129 2765 306 2801; x_wconf 88' lang='lat' dir='ltr'><strong>certiores</strong></span> <span class='ocrx_word' id='word_1_387' title='bbox 335 2777 401 2802; x_wconf 92' lang='lat' dir='ltr'><strong>vos</strong></span> <span class='ocrx_word' id='word_1_388' title='bbox 429 2766 540 2810; x_wconf 82' lang='lat' dir='ltr'><strong>facio,</strong></span> <span class='ocrx_word' id='word_1_389' title='bbox 568 2767 712 2803; x_wconf 89' lang='lat' dir='ltr'><strong>credite</strong></span> <span class='ocrx_word' id='word_1_390' title='bbox 738 2765 827 2803; x_wconf 88' lang='lat' dir='ltr'><strong>mihi</strong></span> <span class='ocrx_word' id='word_1_391' title='bbox 859 2778 946 2802; x_wconf 88' lang='lat' dir='ltr'><strong>vere</strong></span> <span class='ocrx_word' id='word_1_392' title='bbox 976 2763 1194 2804; x_wconf 83' lang='lat' dir='ltr'><strong>affirmanti,</strong></span> <span class='ocrx_word' id='word_1_393' title='bbox 1224 2774 1285 2798; x_wconf 91' lang='lat' dir='ltr'><strong>me</strong></span> <span class='ocrx_word' id='word_1_394' title='bbox 1311 2761 1348 2798; x_wconf 90' lang='lat' dir='ltr'><strong>id</strong></span> <span class='ocrx_word' id='word_1_395' title='bbox 1383 2775 1580 2812; x_wconf 86' lang='lat' dir='ltr'><strong>nunquam</strong></span> 
     </span>
     <span class='ocr_line' id='line_1_44' title="bbox 131 2823 1581 2875; baseline -0.001 -12"><span class='ocrx_word' id='word_1_396' title='bbox 131 2839 231 2875; x_wconf 79' lang='lat' dir='ltr'><strong>aegre</strong></span> <span class='ocrx_word' id='word_1_397' title='bbox 253 2826 405 2863; x_wconf 86' lang='lat' dir='ltr'><strong>tulisse:</strong></span> <span class='ocrx_word' id='word_1_398' title='bbox 438 2827 500 2864; x_wconf 89' lang='lat' dir='ltr'><strong>ubi</strong></span> <span class='ocrx_word' id='word_1_399' title='bbox 520 2828 618 2865; x_wconf 88' lang='lat' dir='ltr'><strong>enim</strong></span> <span class='ocrx_word' id='word_1_400' title='bbox 636 2828 769 2865; x_wconf 88' lang='lat' dir='ltr'><strong>horum</strong></span> <span class='ocrx_word' id='word_1_401' title='bbox 786 2827 981 2864; x_wconf 85' lang='lat' dir='ltr'><strong>hominum</strong></span> <span class='ocrx_word' id='word_1_402' title='bbox 1004 2824 1209 2875; x_wconf 73' lang='lat' dir='ltr'><strong>praestigiis</strong></span> <span class='ocrx_word' id='word_1_403' title='bbox 1230 2823 1303 2860; x_wconf 91' lang='lat' dir='ltr'><strong>hoc</strong></span> <span class='ocrx_word' id='word_1_404' title='bbox 1324 2823 1523 2870; x_wconf 83' lang='lat' dir='ltr'><strong>tribuistis,</strong></span> <span class='ocrx_word' id='word_1_405' title='bbox 1540 2834 1581 2862; x_wconf 88' lang='lat' dir='ltr'><strong>ut</strong></span> 
     </span>
     <span class='ocr_line' id='line_1_45' title="bbox 835 2900 861 2923; baseline 0 0"><span class='ocrx_word' id='word_1_406' title='bbox 835 2900 861 2923; x_wconf 78' lang='lat' dir='ltr'>R</span> 
     </span>
    </p>
   </div>
  </div>
 </body>
</html>
