1822 3219
543 137 614 174 DE
644 136 803 175 CAEDE
833 134 1086 172 HERODIS.
1490 136 1537 170 47

103 240 221 272 caret.
278 233 422 272 Verum
457 249 579 286 neque
611 235 713 286 apud
743 234 972 286 Mitylenam
1006 238 1133 285 neque
1176 246 1339 285 usquam
1370 235 1543 273 locorum

103 295 198 332 alias
217 295 254 333 iu
273 305 522 347 conspectum
543 296 717 347 prodibat
747 296 935 340 Herodes,
955 296 1044 333 licet
1071 295 1204 333 sedulo
1230 296 1456 345 requisitus÷
1485 296 1544 333 in-

105 356 212 392 terim
245 357 382 394 coelum
411 357 578 395 serenius
607 356 785 393 renidens
816 356 1095 406 navigationem
1126 368 1256 393 rursus
1283 357 1488 405 aperiebat,
1508 362 1548 393 et

105 416 253 465 reliqua
270 430 421 467 quoque
441 417 592 466 navigia
618 416 747 453 omnia
766 429 813 453 ex
832 416 964 454 eodem
986 423 1098 466 portu
1118 416 1156 453 in
1182 416 1301 453 altum
1331 415 1546 453 eveheban-

106 483 189 514 tur:
219 485 452 528 quapropter
469 490 541 527 ego
567 489 718 527 quoque
737 484 903 527 coeptum
923 478 1077 514 cursum
1096 477 1368 527 prosequebar.
1416 476 1547 514 Etiam

105 537 179 575 hac
195 538 244 575 de
262 551 301 575 re
321 545 438 575 testes
459 550 526 575 vos
548 538 728 575 certiores
748 538 923 575 reddent.

725 637 931 674 TESTES.

159 716 197 751 5.
227 713 324 749 Haec
344 719 435 750 sunt
449 713 572 760 facta3
601 726 621 749 e
641 713 778 762 quibus
794 726 861 749 vos
878 712 987 749 velim
1007 711 1217 761 cogitando
1235 724 1282 749 ea
1300 724 1387 761 quae
1406 723 1474 762 par
1492 716 1552 749 est

108 774 258 811 elicere.
314 773 497 817 Primum,
534 779 739 822 antequam
761 773 845 809 vela
873 772 996 809 ventis
1030 772 1207 809 daremus
1237 772 1379 808 AEnum
1405 784 1551 816 versus,

110 834 263 871 Herode
291 847 311 871 e
332 841 543 884 conspectu
572 832 740 877 sublato,
761 845 871 869 nemo
902 832 1117 869 mortalium
1149 845 1210 869 me
1229 831 1342 879 hujus
1362 831 1415 868 rei
1444 832 1552 869 incu-

108 896 231 940 sabat,
246 906 477 944 quamquam
499 892 535 929 hi
563 893 785 942 [adversarii
812 892 902 940 mei]
927 893 1008 942 jam
1029 899 1110 929 tum
1140 892 1189 929 de
1218 891 1292 929 hoc
1318 898 1455 930 evento
1471 904 1553 929 cer-

108 956 222 993 tiores
253 961 385 992 essent
417 952 529 996 facti;
563 966 651 991 narn
673 953 703 990 si
733 953 937 1003 quisquam
969 952 1008 989 id
1038 952 1130 989 mihi
1157 952 1396 1002 imputasset,
1428 964 1501 1002 ego
1533 964 1554 989 e

109 1023 220 1067 portu
254 1028 328 1052 non
354 1014 629 1053 excessissem:
661 1027 805 1058 verum,
831 1020 912 1050 tum
938 1013 1068 1050 statim
1094 1013 1249 1062 quidem
1268 1012 1405 1050 veritas
1433 1013 1556 1063 potior

111 1083 193 1114 erat
211 1074 411 1113 mendacio
430 1081 469 1111 et
498 1087 555 1111 res
587 1080 693 1124 gesta
712 1073 954 1124 opprimebat
976 1073 1144 1122 ipsorum
1163 1073 1462 1110 commentitiam
1483 1073 1557 1110 mei

111 1136 404 1180 incusationem,
424 1147 485 1171 me
518 1135 728 1185 praesertim
763 1134 889 1172 adhuc
919 1140 1111 1184 praesente
1132 1140 1171 1170 et
1194 1134 1232 1170 in
1261 1133 1358 1171 locis
1387 1134 1461 1171 illis
1478 1147 1560 1171 ver-

112 1204 221 1234 sante
241 1198 305 1234 ubi
333 1196 459 1234 scelus
479 1196 725 1234 commissum
739 1195 909 1246 jactatur
939 1207 1040 1231 esse.
1098 1195 1151 1231 Ut
1178 1201 1308 1231 autem
1335 1207 1407 1244 ego
1433 1195 1559 1233 insula

112 1270 364 1303 excesseram,
381 1269 469 1294 cum
481 1257 519 1293 hi
538 1270 605 1307 per
617 1256 735 1293 otium
753 1256 850 1293 inter
870 1268 953 1293 sese
973 1255 1151 1292 fraudum
1167 1267 1323 1292 suarum
1341 1261 1560 1293 commenta

113 1317 162 1354 ad
182 1324 331 1369 pestem
359 1330 484 1355 meam
512 1323 815 1367 comparassent,
837 1323 917 1353 tum
948 1316 1101 1353 demum
1127 1321 1327 1366 coeperunt
1352 1328 1413 1352 me
1434 1316 1559 1353 crimi-

113 1377 216 1421 nari;
250 1377 412 1422 aientes,
433 1390 494 1414 me
524 1390 657 1414 saxum
689 1377 727 1413 in
757 1382 874 1426 caput
906 1375 1078 1413 Herodis
1107 1375 1326 1425 impegisse,
1357 1381 1472 1425 atque
1503 1376 1560 1413 sic

114 1438 369 1483 exanimasse,
389 1444 503 1488 atque
536 1438 575 1475 id
606 1437 765 1475 interra
784 1437 1005 1474 continente
1035 1436 1180 1474 factum
1201 1449 1299 1481 esse,
1327 1448 1414 1473 cum
1443 1437 1561 1486 probe

115 1507 288 1546 nossent,
308 1513 369 1537 me
385 1500 524 1551 pedem
543 1513 564 1537 e
587 1499 738 1549 navigio
769 1498 806 1534 in
825 1504 962 1535 terram
982 1497 1242 1535 continentem
1267 1508 1345 1533 non
1365 1495 1562 1533 extulisse.

116 1561 211 1598 Haec
232 1561 392 1606 aientes,
413 1567 538 1598 tamen
558 1560 713 1597 modum
733 1559 902 1596 indicare
931 1571 1005 1595 non
1023 1557 1185 1601 habent,
1217 1569 1294 1607 quo
1315 1568 1388 1605 ego
1408 1568 1562 1606 corpus,

116 1635 139 1660 a
157 1634 232 1667 me,
263 1622 295 1659 si
323 1621 397 1659 illis
425 1622 606 1665 ereditur,
628 1620 902 1664 exanimatum,
920 1618 1040 1656 oculis
1069 1617 1264 1655 hominum
1285 1616 1561 1654 subduxissem.

118 1683 218 1720 Nam
248 1682 288 1719 id
319 1682 474 1732 quidem
504 1681 620 1719 dubio
653 1681 782 1730 utique
803 1686 929 1724 vacat,
963 1678 1125 1723 caedem,
1148 1679 1178 1715 si
1211 1677 1315 1714 facta
1341 1683 1414 1721 est,
1446 1689 1566 1726 prope

117 1748 269 1792 portum
289 1742 430 1780 factam
460 1754 572 1779 esse:
603 1741 855 1778 exscenderat
884 1752 1022 1789 nempe
1047 1752 1067 1776 e
1094 1738 1183 1776 navi
1211 1750 1288 1775 non
1309 1736 1424 1774 modo
1445 1743 1568 1774 temu-

119 1802 261 1847 lentus,
291 1801 361 1839 sed
394 1802 509 1839 etiam
533 1807 650 1838 noctu
667 1813 676 1843 ;
707 1813 784 1838 non
802 1799 994 1851 potuisset
1011 1799 1141 1850 itaque
1160 1797 1240 1848 ipse
1260 1809 1344 1834 sese
1363 1802 1508 1834 rectum
1529 1797 1569 1833 in

120 1863 283 1914 pedibus
312 1869 443 1900 tenere
469 1868 644 1906 stantem,
665 1867 799 1912 utpote
820 1873 934 1911 quem
958 1859 1114 1910 crapula
1140 1854 1405 1909 praegravaret,
1426 1857 1570 1894 nedum

119 1931 164 1962 ut
191 1924 347 1973 longam
366 1924 466 1961 viam
499 1922 735 1965 ambularet:
766 1929 805 1959 et
825 1923 856 1959 si
873 1920 933 1958 vel
960 1920 1150 1971 potuisset
1178 1916 1292 1956 etiam
1323 1922 1570 1967 mentemque

121 1984 318 2035 pedesque
350 1995 496 2032 regere,
516 1989 644 2019 tamen
675 1994 799 2031 ecquo
828 1972 1018 2031 praetextu
1048 1978 1235 2030 probabili
1260 1978 1468 2028 quisquam,
1483 1989 1570 2014 eum

121 2044 314 2094 potuisset
331 2042 381 2079 ad
410 2042 482 2080 iter
501 2042 753 2091 longinquum
772 2040 938 2078 illicere?
967 2039 1213 2077 nihilominus
1233 2045 1377 2083 tamen,
1406 2050 1482 2074 non
1508 2050 1570 2075 so-

122 2104 202 2141 lum
221 2115 338 2154 prope
358 2109 525 2153 portum,
546 2102 616 2139 sed
646 2102 760 2139 etiam
779 2100 911 2152 procul
933 2102 980 2138 ab
1007 2113 1067 2144 eo,
1098 2099 1199 2136 circa
1227 2098 1414 2148 quaesitus
1439 2104 1499 2135 est
1517 2098 1574 2135 vir

124 2171 207 2203 toto
225 2164 357 2209 biduo,
379 2176 501 2213 neque
531 2163 730 2200 inventus:
759 2175 836 2199 non
857 2161 972 2199 modo
998 2161 1175 2197 inventus
1204 2171 1317 2196 nemo
1348 2165 1407 2196 est
1435 2159 1500 2208 qui
1531 2171 1572 2196 se

124 2225 270 2263 diceret
289 2237 376 2261 eum
394 2224 513 2261 oculis
529 2223 684 2268 vidisse,
703 2223 771 2260 sed
786 2235 835 2260 ne
856 2220 1056 2271 sanguinis
1068 2219 1224 2269 quidem
1239 2218 1351 2256 effusi
1369 2219 1572 2269 vestigium

124 2287 245 2324 ullum
272 2287 423 2323 aliudve
441 2285 649 2335 quodpiam
670 2284 853 2321 indicium
874 2282 993 2321 caedis
1012 2293 1178 2332 usquam
1199 2281 1389 2331 apparuit.
1447 2281 1498 2318 Et
1514 2281 1572 2318 ni-

124 2349 331 2387 hilominus
350 2355 479 2386 tamen
498 2347 562 2384 hic
588 2346 831 2384 adversarius
857 2357 962 2383 meus
987 2343 1157 2394 postulat
1177 2355 1238 2379 me
1268 2342 1470 2380 mendacio
1489 2343 1571 2392 ejus

125 2410 352 2455 concedere,
374 2408 440 2459 qui
459 2416 578 2445 testes
603 2407 846 2458 produxerim
874 2405 1156 2448 confirmantes,
1183 2402 1250 2440 illa
1268 2409 1351 2440 tota
1377 2409 1490 2440 nocte
1512 2415 1572 2439 me

126 2483 225 2509 nave
244 2483 321 2509 non
342 2468 589 2507 exscendisse
604 2480 613 2505 :
632 2467 689 2504 sin
705 2473 831 2504 autem
848 2465 1003 2502 omnino
1019 2476 1115 2500 nave
1129 2463 1432 2507 exscendissem,
1446 2462 1575 2499 nullus

127 2531 300 2582 profecto
331 2529 468 2566 modus
500 2527 709 2578 excogitari
742 2532 885 2577 potest,
908 2538 984 2576 quo
1011 2524 1064 2561 ita
1097 2524 1284 2561 abscondi
1303 2523 1492 2574 potuisset
1515 2535 1576 2560 ca-

130 2591 260 2636 daver,
275 2596 317 2627 ut
331 2603 464 2627 omnes
485 2590 651 2639 fugeret,
671 2587 744 2625 nisi
764 2587 795 2625 si
814 2587 928 2624 homo
943 2597 1128 2636 perquam
1143 2584 1276 2635 procul
1296 2597 1318 2620 a
1332 2584 1441 2620 litore
1460 2582 1574 2619 maris

130 2652 170 2689 in
189 2658 326 2688 terram
346 2651 605 2689 continentem
624 2648 863 2700 processerit.
919 2646 1056 2698 [Atqui
1080 2646 1206 2682 facere
1226 2645 1298 2681 hoc
1328 2643 1574 2688 temulentus,

131 2719 171 2750 et
189 2718 306 2749 noctu
327 2725 404 2749 non
422 2711 569 2762 potuit:
600 2722 692 2759 ergo
707 2708 995 2747 contumulatus
1012 2706 1130 2743 humo
1151 2718 1222 2742 non
1244 2704 1346 2752 suin]
1395 2704 1446 2741 At
1459 2703 1573 2741 undis

132 2779 261 2810 tamen
290 2772 463 2809 mersus?
502 2772 586 2809 Hoc
618 2770 672 2807 illi
700 2770 856 2821 quidem
888 2768 1021 2818 utique
1050 2765 1238 2803 dictitant.
1295 2766 1348 2801 At
1373 2764 1573 2815 cujusnam

133 2831 275 2883 navigii
292 2832 499 2871 ministerio
519 2830 793 2882 [exanimatum
806 2830 844 2868 in
859 2829 969 2868 litore
989 2827 1154 2868 cadaver
1168 2830 1389 2875 pervectum
1403 2825 1440 2864 in
1454 2825 1572 2863 altum
