1822 3219
794 504 1202 562 LYSIAE

423 661 522 712 DE
579 666 1029 718 AFFECTATA
1091 670 1555 721 TYRANNIDE

825 816 1151 858 APOLOGIA.

319 1011 354 1047 l.
384 1010 520 1049 Vossrs
540 1012 907 1064 equidem,judices,
921 1012 1208 1051 lubentissimus
1228 1012 1402 1063 ignosco,
1418 1013 1461 1058 si,
1478 1014 1718 1052 sermonibus

258 1067 493 1122 hujusmodi,
513 1078 628 1123 atque
658 1074 892 1112 accusatoris
921 1087 1045 1112 sermo
1075 1073 1336 1119 fuit‚‘vestras
1367 1086 1477 1112 aures
1507 1084 1718 1126 personan-

260 1132 376 1178 tibus,
399 1133 662 1185 malorumque
689 1135 926 1186 superiorum
952 1135 1137 1172 memoria
1155 1141 1304 1172 vestros
1328 1135 1475 1173 animos
1505 1135 1716 1182 sauciante,

259 1194 388 1232 animo
409 1194 491 1233 sitis
512 1207 604 1246 erga
624 1208 759 1234 omnes
786 1196 925 1247 pariter
950 1196 1094 1234 infesto
1114 1195 1179 1246 qui
1200 1202 1280 1233 tum
1303 1195 1340 1233 in
1358 1197 1452 1234 urbe
1473 1203 1715 1234 manserunt:

258 1262 505 1294 accusatores
539 1264 668 1294 autem
698 1257 825 1304 miror,
852 1257 897 1303 si,
920 1256 1151 1308 privatarum
1184 1256 1371 1308 cujusque
1402 1268 1558 1295 suarum
1590 1269 1719 1295 rerum

261 1316 405 1355 omissa
423 1330 529 1364 cura,
550 1318 760 1356 alienarum
781 1325 1026 1369 satagentes:
1059 1329 1146 1355 cum
1167 1318 1284 1368 probe
1304 1318 1441 1364 sciant,
1459 1318 1523 1369 qui
1544 1325 1718 1356 nostrum

254 1375 428 1415 insontes
448 1378 524 1415 sint
539 1386 577 1416 et
593 1379 657 1429 qui
674 1392 803 1417 rursus
820 1380 950 1417 multis
969 1379 1177 1417 sceleribus
1192 1378 1459 1429 contaminati,
1473 1386 1602 1417 tamen
1617 1379 1716 1418 lucri

255 1438 467 1489 cupiditate
483 1440 603 1486 ducti,
618 1441 789 1478 territare
805 1441 926 1491 magis
946 1441 1118 1478 insontes
1138 1440 1341 1478 calumniis
1360 1446 1477 1491 atque
1496 1452 1718 1491 emungere,

254 1511 371 1548 quam
387 1512 453 1538 vos
475 1500 627 1547 docere,
647 1498 842 1548 studeant,
861 1502 909 1539 de
930 1502 1121 1547 omnibus,
1140 1501 1204 1552 qui
1222 1501 1292 1539 sub
1309 1501 1658 1553 Trigintatyrannis
1677 1501 1716 1539 in

253 1560 348 1599 urbe
376 1568 613 1609 manserunt,
634 1575 710 1600 non
742 1562 844 1600 idem
871 1563 978 1600 vobis
1008 1548 1090 1600 esse
1121 1562 1384 1600 statuendum.
1443 1562 1543 1600 Nam
1566 1563 1610 1609 si,
1629 1575 1717 1614 quae

255 1623 326 1660 sub
346 1621 498 1660 illorum
518 1624 713 1662 dominatu
737 1624 838 1662 mala
859 1622 1080 1675 reipublicae
1101 1630 1326 1668 evenerunt,
1350 1636 1396 1661 ea
1414 1631 1714 1662 commemorant

254 1683 305 1720 ad
325 1684 399 1722 mei
423 1685 728 1723 criminationem
759 1685 811 1723 nil
836 1685 966 1723 facere
995 1685 1274 1729 existimantes,
1297 1684 1364 1722 sed
1395 1696 1440 1721 eo
1471 1684 1714 1722 solummodo

246 1743 401 1794 jactant
425 1757 503 1795 quo
529 1747 671 1783 famam
699 1746 827 1784 nescio
857 1746 965 1797 cujus
995 1745 1225 1796 eloquentiae
1256 1752 1512 1796 aucupentur,
1534 1758 1596 1782 nae
1624 1745 1712 1784 illos

253 1818 327 1854 ego
354 1806 563 1844 admodum
593 1807 798 1845 indisertos
825 1807 941 1853 duco,
961 1807 1024 1857 qui
1046 1819 1094 1844 ne
1114 1806 1362 1844 centesimam
1387 1806 1544 1857 quidem
1563 1812 1711 1856 partem

253 1867 468 1905 facinorum
492 1881 515 1905 a
541 1868 712 1919 tyrannis
741 1868 1033 1906 commissorum
1063 1868 1380 1920 perstrinxerint:
1413 1867 1470 1905 sin
1492 1874 1619 1905 autem
1639 1867 1714 1906 ista

250 1935 521 1966 accusatorum
550 1929 674 1967 inanis
705 1929 916 1980 disputatio
936 1941 982 1966 eo
1003 1929 1126 1966 tendit
1152 1942 1228 1980 quo
1254 1941 1314 1966 me
1340 1929 1709 1966 communicatorum

251 2001 337 2027 cum
354 1990 528 2042 tyrannis
543 1990 790 2028 consiliorum
807 1998 922 2041 atque
937 1990 1123 2028 scelerum
1137 1990 1372 2036 insimulent,
1387 1989 1711 2040 planumfaciam‚

252 2063 500 2102 quaecunque
520 2051 573 2089 illi
592 2052 776 2091 adversus
796 2065 857 2089 me
879 2052 1137 2103 protulerunt,
1158 2065 1204 2089 ea
1223 2052 1353 2089 omnia
1374 2064 1478 2089 mera
1498 2051 1711 2098 mendacia,

253 2118 291 2149 et
312 2124 371 2150 me
392 2113 507 2150 talem
529 2125 614 2150 esse
635 2113 758 2163 qualis
778 2114 838 2150 vel
859 2113 1025 2163 optimus
1047 2113 1207 2164 quisque
1227 2113 1479 2150 Piraeensium
1501 2114 1586 2163 [seu
1606 2125 1713 2150 exsu-

251 2171 350 2221 lum]
378 2173 514 2211 fuisset
539 2173 707 2219 futurus,
728 2174 759 2210 si
792 2173 868 2210 ista
901 2180 1130 2224 tempestate
1159 2173 1197 2210 in
1228 2174 1322 2210 urbe
1351 2171 1569 2210 mansisset.
1627 2173 1708 2211 Vos

251 2242 379 2271 autem
413 2247 521 2285 rogo,
548 2234 716 2285 judices,
750 2240 793 2271 ut
831 2234 879 2271 ab
914 2233 1019 2271 hisce
1055 2233 1305 2285 sycophantis
1337 2234 1490 2271 diversa
1520 2233 1708 2271 sentiatis.

249 2292 401 2331 Horum
420 2296 521 2332 enim
537 2308 630 2345 opus
651 2303 711 2332 est
730 2295 902 2332 insontes
922 2294 958 2331 in
979 2294 1161 2332 invidiam
1183 2294 1401 2342 adducere3
1430 2294 1468 2331 in
1490 2306 1615 2345 eoque
1635 2294 1711 2332 ela-

247 2353 398 2400 borant,
419 2363 619 2406 sperantes
641 2369 687 2393 ex
707 2368 839 2393 eorum
866 2355 1121 2393 concussione
1146 2362 1335 2406 quaestum
1356 2368 1396 2393 se
1416 2355 1585 2393 facturos
1611 2356 1708 2406 spis-

249 2415 466 2454 sissimum:
506 2424 643 2455 vestrae
675 2422 804 2454 autem
838 2422 969 2467 partes
997 2424 1100 2461 sunt,
1130 2429 1218 2454 cum
1248 2415 1463 2454 insontibus
1495 2415 1709 2466 quibusque

247 2477 356 2515 nullo
379 2478 596 2516 discrimine
626 2478 821 2516 civitatem
840 2483 1009 2515 vestram
1033 2477 1342 2520 communicare;
1375 2476 1430 2514 sic
1451 2477 1553 2514 enim
1576 2483 1706 2526 prote-

245 2546 347 2578 tores
367 2539 489 2577 forma
508 2539 600 2590 reip.
618 2552 739 2590 nuper
754 2553 777 2577 a
792 2540 898 2577 vobis
915 2539 1093 2577 instituta
1113 2545 1151 2576 et
1171 2551 1274 2576 nunc
1295 2537 1472 2576 obtinens
1491 2548 1605 2586 quam
1625 2536 1708 2587 plu-

244 2600 360 2638 rimos
389 2600 560 2638 habebit.
628 2600 740 2651 Rogo
773 2601 902 2651 itaque
929 2613 997 2638 vos
1027 2607 1066 2637 et
1097 2612 1250 2650 aequum
1285 2597 1623 2649 censeo,judices‚
1643 2597 1707 2635 ubi

242 2662 351 2700 vobis
369 2661 597 2706 constiterit,
618 2661 667 2698 ad
687 2661 838 2711 plebem
858 2668 1025 2699 vestram
1049 2673 1070 2698 a
1089 2673 1150 2698 me
1171 2660 1325 2697 noxiam
1346 2658 1490 2696 nullam
1512 2670 1596 2696 esse
1616 2670 1705 2709 pro-

241 2723 398 2769 fectam,
418 2723 488 2761 sed
513 2724 641 2775 potius
671 2736 791 2774 remp.
812 2736 836 2760 a
862 2736 922 2761 me
951 2723 1078 2761 multis
1106 2723 1231 2760 modis
1258 2728 1296 2761 et
1319 2721 1516 2760 laboribus
1544 2733 1704 2772 corpore

245 2799 331 2824 meo
352 2786 524 2824 toleratis
546 2793 585 2824 et
605 2785 953 2824 contributi0nibus
983 2785 1212 2838 pecuniariis
1237 2790 1408 2822 ornatam
1436 2791 1549 2835 atque
1576 2782 1705 2821 suble-

242 2854 372 2885 vatam
392 2860 490 2891 esse,
511 2854 554 2885 ut
572 2860 640 2885 vos
666 2853 747 2887 tum
773 2846 879 2891 mibi,
902 2846 933 2883 si
953 2859 1029 2884 non
1052 2846 1151 2898 plus,
1173 2858 1392 2898 quanquam
1412 2844 1500 2897 plus
1520 2843 1703 2883 meruisse

245 2907 317 2955 aio,
335 2907 412 2946 hoc
432 2907 556 2945 saltim
583 2908 770 2946 minutum
792 2907 978 2954 tribuatis,
1005 2914 1048 2945 ut
1068 2906 1256 2945 deteriore
1279 2906 1405 2946 saltim
1429 2905 1517 2944 loco
1536 2917 1598 2946 me
1618 2906 1702 2944 esse
