1822 3219
487 144 706 184 CONTRA
736 143 1144 183 DARDANARIOS.
1456 142 1530 179 307

91 243 190 280 enim
223 244 367 282 habens
399 246 556 284 aliarum
578 260 701 285 rerum
729 247 896 285 omnium
922 244 1111 282 venalium
1138 244 1418 295 inspectionem
1445 242 1531 279 unis

91 302 266 342 aedilibus
286 306 533 352 demandare,
549 307 636 345 huic
657 308 721 345 uni
740 306 870 357 generi
888 311 1059 356 quaestus
1081 305 1281 342 exercendi
1303 303 1530 354 peculiarem

92 365 356 414 magistratum
380 367 563 416 praefecit.
620 368 720 404 Sunt
743 367 781 403 hi
805 365 1078 416 sitophylaces,
1105 365 1158 402 sic
1184 364 1287 409 dicti,
1315 377 1382 401 seu
1411 361 1533 413 speci-

93 436 200 461 erum
220 426 511 464 annonariarum
537 427 733 471 custodes,
762 439 858 475 quos
879 439 946 476 per
963 433 1104 464 sortem
1128 424 1281 462 creatis.
1339 423 1421 461 Hos
1448 424 1536 460 sito-

90 483 274 534 phylacas
303 498 406 536 saepe
425 498 506 530 vos,
526 499 613 523 cum
635 485 746 523 vestri
768 486 867 522 cives
888 492 1029 531 essent,
1050 494 1175 523 tamen
1196 483 1373 521 extremis
1393 482 1535 532 suppli-

92 542 161 580 ciis
195 544 388 589 affecistis,
426 545 530 595 quod
570 545 703 584 horum
743 544 1077 582 frumentariorum
1115 544 1270 582 fraudes
1310 541 1464 579 domare
1502 548 1540 578 et

94 615 269 642 coercere
296 618 373 642 non
392 605 617 643 valuissent.
674 607 792 656 Atqui
818 605 1004 643 custodes
1036 605 1161 642 furum
1190 604 1221 641 si
1246 609 1367 640 morte
1387 601 1538 639 afficitis

93 671 296 715 propterea
309 666 414 716 quod
432 667 534 704 fures
556 666 650 704 satis
669 679 911 716 compescere
931 679 1007 703 non
1034 670 1254 715 potuerunt,
1274 662 1414 713 ecquid
1439 661 1540 699 fures

95 724 199 775 ipsos
218 726 309 776 pati,
330 739 425 776 quas
439 739 576 777 poenas
597 727 685 763 dare
703 727 808 764 vobis
830 725 1049 777 oportebit?

147 785 423 830 7.‚Recordari
442 800 611 838 quoque,
633 787 798 838 judices,
814 800 884 825 vos
906 787 1031 831 decet,
1051 786 1132 823 fieri
1158 785 1265 823 nullo
1284 783 1399 822 modo
1427 795 1542 834 posse

95 851 139 882 ut
162 845 235 883 hos
254 847 475 885 absolvatis.
534 848 612 885 Eos
632 849 730 885 enim
751 849 779 886 si
796 848 1022 892 absolvatis,
1042 847 1106 896 qui
1124 847 1195 896 ipsi
1218 846 1387 883 fatentur
1405 857 1447 881 se
1476 843 1540 881 ad-

96 918 227 944 versus
260 917 491 945 mercatores
529 912 764 956 conjurasse,
795 908 994 946 incurretis
1026 908 1064 944 in
1093 920 1175 944 eam
1210 906 1397 957 opinionis
1433 904 1544 942 foedi-

98 972 230 1011 tatem,
250 973 294 1003 ut
313 967 383 1017 ipsi
405 980 470 1005 vos
488 981 638 1018 quoque
669 969 878 1018 peregrinis
897 974 1044 1005 vestros
1062 973 1195 1018 portus
1217 965 1546 1016 frequentantibus

99 1026 270 1064 insidiari
297 1026 514 1064 videamini.
570 1027 688 1065 Aliud
709 1028 809 1065 enim
837 1028 1105 1077 quodcunque,
1125 1039 1201 1063 non
1220 1023 1307 1071 hoc,
1331 1026 1361 1062 si
1388 1039 1548 1063 excusa-

99 1093 198 1130 rent,
226 1098 340 1123 nemo
360 1087 520 1124 haberet
539 1088 642 1137 quod
671 1088 718 1124 de
736 1094 863 1125 vestra
885 1100 1015 1124 eorum
1037 1086 1278 1124 absolutione
1305 1093 1547 1136 quereretur;

100 1159 190 1184 nam
208 1160 327 1197 penes
348 1160 415 1184 vos
442 1153 512 1190 est,
531 1148 623 1185 utris
645 1147 783 1185 malitis
813 1147 985 1193 credere,
1004 1146 1291 1185 accusatoribus
1313 1159 1361 1183 an
1376 1145 1447 1183 reis
1464 1158 1549 1183 sese

98 1208 375 1257 purgantibus:
400 1209 481 1258 jam
507 1221 596 1245 vero
622 1209 687 1258 qui
715 1208 876 1252 faciatis,
905 1213 948 1244 ut
972 1207 1097 1258 gravis
1126 1214 1164 1245 et
1191 1207 1338 1256 indigni
1371 1206 1550 1244 facinoris

101 1274 230 1304 notam
251 1267 454 1317 effugiatis,
475 1268 506 1305 si
537 1281 603 1305 eos
632 1269 786 1319 impune
807 1268 940 1305 sinatis
961 1268 1064 1305 abire
1093 1267 1156 1317 qui
1185 1268 1257 1317 ipsi
1283 1268 1449 1304 fatentur
1469 1280 1490 1303 a
1510 1279 1551 1303 se

99 1327 262 1365 consciis
290 1335 329 1364 et
354 1328 569 1365 volentibus
599 1328 705 1378 leges
737 1341 824 1366 esse
851 1328 1040 1366 violatas?
1089 1327 1376 1373 Recordamini,
1404 1339 1552 1377 quaeso,

95 1388 260 1438 judices,
290 1402 405 1438 quam
426 1390 567 1427 multos
588 1389 662 1427 hoc
683 1390 766 1440 ipso
787 1390 834 1426 de
855 1402 993 1439 genere
1012 1388 1211 1426 hominum
1237 1395 1359 1425 morte
1387 1387 1552 1424 mulcta-

103 1448 240 1491 veritis‚
261 1449 325 1498 qui
345 1462 432 1485 cum
452 1448 524 1485 hoc
545 1449 628 1498 ipso
648 1449 696 1486 de
724 1449 893 1494 crimine,
915 1461 991 1498 quo
1011 1461 1114 1486 nunc
1138 1448 1190 1493 hi,
1211 1448 1374 1486 fuissent
1392 1449 1429 1484 in
1449 1446 1554 1498 judi-

103 1509 203 1547 cium
223 1509 362 1553 vocati,
383 1509 583 1546 infitiando
603 1509 867 1559 subterfugere
887 1509 1127 1546 studuissent
1145 1521 1301 1558 suaeque
1321 1507 1552 1545 innocentiae

103 1574 222 1605 testes
242 1568 339 1605 adeo
364 1581 493 1605 coram
515 1568 621 1606 vobis
649 1567 943 1618 produxissent;
975 1576 1244 1606 accusatorum
1266 1581 1402 1618 nempe
1430 1567 1555 1605 crimi-

106 1629 210 1666 natio
232 1628 449 1666 credibilior
476 1628 582 1666 vobis
610 1641 761 1665 reorum
793 1629 1019 1666 infitiatione
1047 1629 1261 1666 videbatur.
1322 1628 1442 1678 Atqui
1461 1640 1556 1677 quo-

105 1688 222 1726 modo
242 1701 303 1725 res
323 1688 372 1725 sit
396 1700 474 1725 non
494 1688 678 1733 miranda,
701 1688 732 1725 si
755 1691 820 1736 Jus
842 1688 977 1725 eodem
999 1688 1045 1726 de
1075 1689 1232 1725 crimine
1262 1688 1451 1733 dicentes,
1472 1700 1556 1725 reos

105 1749 241 1800 punire
261 1748 399 1786 malitis
419 1748 627 1785 infitiantes
645 1761 759 1798 quam
780 1749 883 1799 ipsos
901 1749 1128 1787 confitentes
1146 1749 1161 1785 2

162 1815 199 1848 8.
230 1809 613 1859 Praeterea,judices,
635 1809 781 1846 nullum
801 1817 857 1846 est
885 1821 1008 1858 genus
1028 1808 1278 1846 certaminum
1297 1807 1519 1852 forensium,
1540 1820 1561 1844 e

109 1872 218 1922 cujus
244 1870 378 1907 dextra
405 1870 602 1907 sinistrave
631 1870 906 1919 disceptatione
940 1882 1129 1907 enascens
1157 1869 1457 1906 emolumentum
1492 1868 1560 1905 de-

111 1932 382 1970 trimentumve
407 1931 530 1980 magis
557 1931 607 1968 ad
634 1931 853 1967 universam
887 1929 1077 1967 civitatem
1108 1929 1312 1980 pertineat,
1344 1941 1461 1979 quam
1486 1928 1561 1965 hoc

112 2004 257 2044 genus:
287 1997 462 2040 quaerent
485 1990 614 2040 itaque
633 1990 735 2028 cives
752 1996 867 2041 atque
887 1990 1143 2034 noscitabunt,
1165 2003 1251 2040 quae
1279 1996 1403 2026 vestra
1424 1989 1472 2026 sit
1492 1988 1563 2026 hac

114 2054 162 2091 de
182 2065 301 2090 causa
332 2051 545 2090 sententia:
576 2050 794 2088 existImant
824 2063 974 2101 nempe,
1008 2050 1137 2088 mortis
1166 2049 1322 2099 quidem
1350 2061 1499 2099 poenam
1527 2049 1564 2085 in

114 2116 185 2152 hos
203 2126 288 2151 reos
305 2113 335 2150 si
348 2112 576 2157 decernatis,
591 2112 757 2162 reliquos
776 2111 890 2149 etiam
909 2111 981 2148 hac
1001 2111 1048 2148 de
1069 2111 1213 2148 familia
1233 2110 1476 2160 pudentiores
1497 2110 1564 2146 im-

113 2181 309 2226 posterum
329 2173 436 2216 fore:
467 2172 524 2210 sin
554 2179 681 2210 autem
707 2172 778 2210 hos
797 2173 880 2210 sine
907 2172 1048 2210 damno
1077 2171 1180 2208 abire
1209 2170 1356 2215 sinatis,
1385 2170 1565 2208 effrenem

115 2235 302 2273 licentiam
317 2240 444 2271 vestro
469 2233 643 2283 exemplo
661 2233 812 2271 dedisse
833 2233 892 2270 his
912 2233 1057 2270 furibus
1081 2231 1298 2269 videbimini
1318 2244 1386 2282 pro
1408 2231 1565 2268 libidine

116 2310 185 2334 sua
200 2295 413 2347 grassandi.
468 2296 608 2332 Verum
630 2302 792 2345 oportet,
806 2295 972 2345 judices,
994 2307 1071 2332 non
1090 2295 1139 2331 ob
1159 2301 1324 2344 peccata
1342 2294 1466 2331 solum
1482 2294 1563 2344 jam

117 2358 320 2395 commissa
349 2355 497 2406 punire,
522 2368 654 2392 verum
674 2355 788 2392 etiam
822 2355 1005 2405 exemplis
1035 2354 1247 2392 statuendis
1274 2361 1453 2391 terrorem
1484 2360 1568 2403 post

118 2418 256 2456 futuris
276 2417 456 2467 injicere:
487 2429 575 2453 nam
595 2422 660 2452 aut
677 2415 751 2453 hoc
772 2423 884 2466 pacto
905 2423 970 2453 aut
996 2415 1102 2452 nullo
1123 2415 1412 2466 consequemini
1434 2422 1474 2450 ut
1493 2415 1569 2450 sint

120 2477 349 2516 tolerabiles.
406 2477 647 2526 Quamquam
667 2476 726 2513 vel
760 2476 813 2513 sic
843 2489 996 2526 quoque
1017 2476 1078 2513 vix
1101 2482 1226 2513 erunt.
1285 2474 1567 2518 Recordamini,

116 2539 281 2589 judices,
301 2538 414 2574 etiam
436 2537 532 2574 hoc:
564 2535 670 2573 nullo
690 2549 736 2573 ex
759 2536 832 2573 alio
853 2535 1047 2573 hominum
1067 2535 1198 2574 ordine
1223 2535 1366 2584 plures,
1389 2546 1500 2582 quam
1523 2546 1569 2570 ex

122 2599 208 2643 hoc,
222 2610 360 2636 causas
378 2597 513 2648 capitis
529 2603 737 2633 certarunt.
794 2597 888 2633 Tam
906 2596 1028 2646 spissa
1046 2595 1244 2632 lucrantur
1260 2607 1306 2630 ex
1327 2594 1400 2629 isto
1418 2599 1568 2642 quaestu

122 2659 386 2701 frumentario,
411 2665 453 2694 ut
473 2656 642 2706 quotidie
668 2657 835 2706 pericula
862 2657 997 2707 capitis
1025 2656 1127 2693 adire
1148 2654 1294 2698 malint,
1316 2666 1428 2702 quam
1455 2654 1567 2690 finem

124 2719 355 2768 modumque
381 2719 572 2767 imponere
602 2717 801 2767 cupiditati
832 2717 1061 2768 turpissimis
1089 2722 1127 2753 et
1154 2713 1399 2764 iniquissimis
1426 2715 1570 2753 artibus

126 2793 192 2818 vos
213 2778 456 2817 defraudanti
483 2786 596 2828 atque
617 2778 812 2828 expilanti.
870 2779 928 2815 Ne
949 2778 978 2815 si
997 2775 1288 2813 lamentabiliter
1307 2775 1460 2825 quidem
1480 2789 1570 2826 sup-

125 2841 267 2892 plicent
294 2846 408 2888 atque
446 2839 664 2883 obsecrent,
702 2845 804 2876 recte
840 2835 1161 2876 commiserationi
1199 2835 1325 2872 locum
1369 2835 1570 2874 dederitis:
