1822 3219
433 124 509 161 DE
539 122 854 161 AFFECTA'BA
884 121 1226 158 TYRANNIDE.
1480 121 1550 156 3³21

114 225 362 264 cumulabant
381 224 601 270 honoribus,
623 226 730 276 quasi
749 224 835 261 fidei
856 236 948 273 erga
977 235 1019 259 se
1046 222 1182 275 pignus
1204 221 1389 259 haberent
1408 220 1553 258 nullum

114 287 269 334 certius,
282 301 397 337 quam
416 276 508 337 erga
520 301 588 325 vos
604 284 919 324 malevOlentiam.
979 284 1075 320 Haec
1093 295 1158 319 vos
1170 283 1295 320 omnia
1312 282 1555 320 recordantes

114 347 239 393 decet,
258 361 333 386 non
369 353 632 386 accusatorum
658 344 978 384 criminationibus
1005 342 1121 380 fidem
1139 341 1292 385 habere,
1323 341 1387 379 sed
1408 355 1428 378 e
1448 342 1558 379 factis

113 421 306 469 quemque
347 410 426 447 suis
462 415 647 459 spectare.
706 407 803 458 Ego,
819 405 986 456 judices,
1025 416 1150 454 neque
1180 402 1557 452 Quadringentorum

115 470 337 527 tempestate
363 469 470 506 florui
495 467 666 518 potentia
686 469 830 517 [neque
859 463 1326 515 Trigintatyrannorum];
1361 470 1426 499 aut
1442 475 1558 500 accu-

115 530 281 567 'satorum
313 530 344 567 si
377 536 511 578 contra
529 528 624 595 quis.
646 528 713 572 ait,
739 538 965 577 progressus
985 525 1020 562 in
1051 525 1214 561 medium
1250 522 1438 559 mendacii
1468 535 1559 560 con-

113 589 277 628 vincito:
308 587 426 627 nihilo
445 602 507 627 me
528 588 647 639 magis
660 588 861 638 quisquam
879 587 951 623 sub
969 584 1227 623 Decemviris
1221 597 1257 620 m
1276 590 1411 620 senatu
1427 582 1559 627 fuisse,

112 650 280 688 ullumve
312 651 575 700 magistratum
598 649 765 699 gessisse
785 648 951 698 docebit.
1008 645 1123 689 Quod
1152 645 1182 682 si
1209 657 1301 694 ergo
1331 652 1409 681 tum
1439 644 1558 693 magi-

112 718 253 749 stratus
276 711 402 749 nullos
432 711 547 761 gessi,
575 710 612 747 id
634 723 680 748 eo
700 710 842 747 factum
864 715 935 754 est,
964 708 1068 758 quod
1089 715 1154 745 aut
1174 707 1321 745 delatos
1343 718 1559 755 recusarem

112 772 179 808 aut
197 771 241 808 iis
261 771 401 822 dignus
422 784 496 808 non
522 765 704 809 haberer:
734 769 835 819 quod
858 770 888 806 si
912 782 1003 818 ergo
1027 769 1272 819 magistratus
1297 774 1377 805 tum
1407 767 1558 805 delatos

112 830 299 876 recusavi,
334 832 511 869 convenit
541 838 583 868 ut
614 843 660 882 ea
697 830 781 880 ipsa
813 829 861 866 de
895 841 1025 866 causa,
1044 841 1147 865 nunc
1177 841 1199 866 a
1232 828 1337 866 vobis
1370 827 1559 871 honoret:

112 899 259 938 contra,
280 892 325 939 si,
344 893 408 942 qui
434 901 514 930 tum
542 891 748 942 plurimum
771 896 961 941 poterant,
980 889 1017 926 hi
1036 901 1095 926 me
1117 889 1316 939 indignum
1344 888 1561 926 habuerunt

112 951 199 992 cum
228 966 305 1004 quo
331 961 478 1004 partem
508 966 633 991 rerum
666 964 818 990 suarum
847 950 963 988 ullam
990 950 1329 995 communicarent,
1360 962 1426 987 seu
1456 948 1561 999 quod

114 1014 286 1052 odissent
306 1027 373 1052 seu
394 1014 498 1064 quod
525 1027 603 1052 non
622 1013 798 1059 fiderent,
819 1011 969 1062 ecquod
997 1011 1101 1049 aliud
1121 1010 1328 1062 excogitari
1355 1017 1482 1061 potest
1501 1022 1561 1048 ar-

114 1081 338 1124 gumentum
358 1075 460 1112 unde
481 1081 633 1112 constet
650 1074 720 1112 hos
738 1080 981 1112 accusatores
1003 1073 1176 1110 mentiri.
1164 1072 1179 1098 '²
1424 1110 1426 1112 ,

118 1154 119 1157 =
138 1185 140 1187 Ι
164 1137 203 1172 5.
233 1135 311 1173 Sed
330 1149 377 1173 ex
397 1135 481 1173 aliis
503 1148 657 1185 quoque
675 1136 769 1174 meis
787 1135 920 1186 coeptis
941 1141 1055 1184 atque
1072 1134 1254 1171 institutis
1273 1134 1373 1171 hanc
1393 1146 1470 1171 rem
1493 1146 1559 1184 par

114 1204 174 1233 est
191 1196 382 1233 aestimari.
425 1196 603 1234 Turbidis
617 1196 717 1234 enim
731 1196 805 1234 illis
826 1202 942 1245 atque
961 1195 1194 1232 calamitosis
1210 1195 1304 1246 reip.
1325 1195 1559 1246 temporibus

114 1270 200 1294 eum
234 1270 293 1294 me
325 1257 428 1306 gessi
455 1258 589 1302 civem,
609 1264 651 1294 ut
678 1257 709 1294 si
741 1256 896 1306 reliquis
922 1269 1076 1305 quoque
1109 1269 1245 1293 sensus
1277 1256 1378 1293 idem
1410 1269 1559 1293 mecum

112 1317 302 1367 iidemque
321 1330 444 1355 mores
457 1317 636 1362 fuissent,
655 1317 797 1354 nemini
811 1317 978 1354 omnium
996 1317 1181 1354 malorum
1197 1316 1406 1366 quicquam
1428 1316 1564 1353 fuisset

113 1384 351 1414 eventurum.
393 1377 604 1415 Obtinente
623 1377 724 1415 euim
744 1377 808 1414 illo
827 1389 1036 1427 paucorum
1057 1377 1270 1421 dominatu,
1286 1377 1478 1426 reperietis
1496 1389 1563 1413 ne·-

115 1438 268 1483 minem,
286 1438 317 1475 si
341 1428 534 1488 quaeretis,
550 1438 587 1474 in
608 1450 802 1475 carcerem
823 1451 845 1475 a
863 1451 921 1474 me
937 1437 1164 1479 abductum
1188 1437 1424 1475 inimicorum
1441 1437 1560 1474 nemi-

116 1511 204 1535 nem
227 1506 308 1536 tum
328 1498 431 1536 ultus
459 1498 528 1544 fui,
550 1499 741 1536 neminem
768 1498 975 1536 amicorum
1007 1498 1191 1535 beneficio
1220 1499 1386 1547 quodam
1418 1499 1561 1535 ornavi.

116 1560 347 1608 Quanquam
377 1548 452 1610 hoc
481 1559 633 1611 quidem
665 1572 740 1596 non
765 1558 973 1596 admodum
1004 1566 1064 1596 est
1096 1557 1330 1596 mirandum·
1374 1559 1563 1610 ejusmodi

116 1619 214 1656 enim
236 1626 345 1656 erant
363 1619 436 1656 ista
454 1624 637 1670 tempora,
651 1625 693 1656 ut
712 1626 788 1656 tam
810 1618 960 1656 difficile
982 1626 1085 1656 esset
1099 1620 1196 1656 bene
1216 1620 1262 1657 de
1275 1633 1468 1669 quoquam
1485 1633 1563 1657 me-

114 1680 200 1724 reri,
221 1692 334 1728 quarn
354 1685 438 1716 erat
456 1679 568 1717 facile
587 1679 702 1726 male,
714 1679 778 1730 qui
793 1679 920 1717 vellet.
954 1679 1007 1716 Ut
1020 1679 1208 1716 neminem
1227 1680 1262 1716 in
1280 1680 1409 1717 album
1425 1680 1564 1717 civium

115 1731 404 1777 Atheniensium
420 1739 542 1784 intuli,
558 1738 612 1777 ita
626 1753 754 1776 rursus
772 1753 882 1777 nemo
897 1752 1041 1785 eorum,
1056 1741 1198 1789 quibus·
1209 1740 1348 1778 arbiter
1365 1740 1566 1783 sedissem,

117 1812 139 1836 a
159 1812 220 1836 me
238 1790 514 1836 condemnatus
545 1805 628 1842 est3
661 1812 784 1849 neque
812 1799 940 1836 doceri
969 1799 1105 1849 poterit
1125 1812 1145 1835 e
1165 1800 1402 1837 detrimentis
1429 1801 1565 1838 vestris

117 1873 178 1897 me
198 1873 273 1897 rem
294 1860 430 1897 fecisse
445 1860 677 1910 ampliorem.
717 1860 848 1909 Atqui,
865 1859 895 1896 si
910 1859 1095 1896 malorum
1112 1867 1325 1898 vestrorum
1347 1861 1564 1899 auctoribus

111 1922 196 1971 jure
211 1911 349 1958 merito
369 1921 623 1966 succensetis,
643 1928 947 1958 consentaneum
971 1933 1101 1957 rursus
1123 1928 1180 1958 est
1199 1934 1268 1958 vos
1288 1921 1496 1958 honorifice
1516 1921 1564 1959 de

117 1982 162 2019 iis
181 1982 333 2026 sentire,
348 1981 378 2018 si
397 1982 461 2031 qui
478 1982 628 2018 noxiam
645 1981 750 2018 vobis
767 1981 910 2018 nullam
930 1981 1125 2018 dederint:
1149 1982 1292 2019 Videor
1307 1983 1433 2032 itaque
1450 1983 1563 2019 fidem

119 2055 240 2079 meam
261 2042 592 2092 ergapopularem
610 2049 745 2079 vestrae
761 2042 852 2092 reip.
869 2042 1184 2079 constitutionem
1201 2044 1442 2080 documentis
1456 2043 1564 2080 vobis

118 2104 351 2153 approbasse
381 2102 692 2140 luculentissimis
722 2110 838 2152 atque
866 2102 1099 2147 certissimis,
1115 2103 1222 2140 ,unde
1254 2103 1347 2140 certi
1369 2103 1463 2148 sitis,
1490 2116 1563 2140 non

118 2163 234 2200 modo
253 2163 372 2200 fuisse
386 2176 445 2201 me
461 2176 609 2213 semper
622 2164 738 2201 vestri
756 2163 982 2208 studiosum,
996 2163 1064 2201 sed
1079 2163 1191 2200 etiam
1210 2163 1457 2213 imposterum
1472 2163 1565 2201 fore.

120 2223 195 2266 Qui
215 2223 315 2261 enim
335 2230 414 2260 tum
435 2225 627 2274 temporis,
647 2224 683 2260 in
704 2223 896 2261 illatanta
913 2224 1067 2274 impune
1089 2225 1272 2273 peccandi
1293 2224 1566 2269 licentia‚vnihil

118 2284 155 2320 in
177 2296 245 2321 vos
265 2284 504 2333 deliquerim,
526 2285 646 2322 multo
667 2298 769 2323 nunc
790 2285 911 2335 magis
932 2285 1165 2322 contendam
1186 2285 1293 2323 vobis
1312 2285 1478 2336 probari,
1498 2287 1564 2322 be-

120 2358 327 2395 negnarus,
350 2345 378 2381 si
401 2346 491 2395 quid
513 2346 725 2395 deliquero,
746 2347 1030 2396 poenas-delicti
1054 2346 1142 2383 mihi
1162 2347 1332 2397 protinus
1363 2347 1445 2384 fore
1469 2347 1564 2383 dan-

120 2406 202 2444 das.
259 2407 400 2443 Verum
423 2407 522 2444 enim
542 2420 630 2444 vero
648 2420 754 2445 mens
775 2407 865 2444 mihi
888 2421 1040 2458 semper
1059 2421 1104 2445 ea
1128 2408 1212 2453 fuit,
1233 2415 1275 2445 ut
1292 2421 1418 2458 neque
1440 2409 1476 2444 in
1497 2408 1564 2445 oli-

121 2466 277 2517 garchia
296 2466 421 2503 aliena
447 2473 681 2519 appeterem,
701 2474 739 2504 et
768 2468 804 2504 in
835 2467 1069 2505 democratia
1097 2468 1269 2505 fortunas
1297 2481 1398 2504 meas
1429 2468 1466 2503 in
1496 2480 1564 2504 vos

119 2534 294 2579 prompte
315 2535 432 2578 atque
451 2528 607 2578 largiter
625 2541 837 2578 erogarem.

174 2589 211 2626 6.
242 2589 354 2638 Nego
374 2589 503 2639 itaque
523 2602 605 2635 vos,
620 2589 784 2638 judices,
801 2596 903 2627 recte
924 2590 967 2627 iis
987 2603 1229 2634 succensere,
1249 2590 1278 2626 si
1309 2590 1372 2638 qui
1404 2589 1475 2625 sub
1504 2595 1564 2640 ty-

119 2649 248 2685 rannis
268 2649 400 2686 intacti
421 2663 443 2687 a
462 2650 570 2687 malis
593 2662 788 2688 mansere:
819 2651 951 2701 quidni
975 2651 1098 2701 potius
1128 2651 1164 2687 in
1194 2662 1258 2687 eos
1285 2650 1480 2687 iracundia
1499 2663 1564 2688 ve-

122 2717 200 2747 stra
220 2710 452 2758 grassabitur
471 2714 527 2759 (et
546 2711 644 2755 licet,
665 2718 704 2748 et
724 2725 874 2761 aequum
893 2713 983 2759 est),
1000 2712 1064 2761 qui
1084 2711 1232 2760 plebem
1254 2717 1334 2747 turn
1354 2710 1568 2748 laeserunt?

122 2769 366 2806 Inimicorum
399 2769 435 2806 in
464 2783 620 2808 numero
643 2784 718 2809 non
747 2779 848 2809 recte
867 2771 1044 2809 videmini
1066 2784 1132 2807 eos
1151 2769 1304 2814 habere,
1323 2770 1388 2820 qui
1407 2771 1444 2808 in
1466 2771 1564 2808 exsi-

122 2828 211 2865 lium
235 2841 310 2866 non
342 2828 529 2873 abierunt,
549 2843 633 2867 cuin
666 2831 758 2868 istos
785 2832 911 2881 potius
939 2831 1075 2868 deceat
1102 2830 1165 2867 illo
1186 2830 1222 2866 in
1244 2843 1400 2868 numero
1419 2830 1565 2876 haberi,

833 2892 855 2925 2
879 2903 901 2926 r
