1822 3219
571 129 642 166 DE
673 127 830 166 CAEDE
859 126 1119 177 ‚HER01D1s
1522 130 1572 165 49

129 230 201 280 ipsi
218 234 327 267 erant
346 230 522 275 tortores,
541 229 730 278 iidemque
757 227 974 278 torquendo
1004 228 1242 278 imperabant
1270 240 1315 265 ea
1338 228 1464 266 dicere
1481 242 1568 278 quae

127 289 295 339 ipsorum
315 303 336 328 e
355 303 393 328 re
412 296 516 328 esset
531 290 626 327 dici,
666 289 800 326 Donec
821 288 950 336 itaque
967 300 1115 325 servum
1131 287 1274 324 blanda
1289 300 1376 337 spes
1397 288 1570 333 lactaret,

127 349 209 387 fore
235 357 280 388 ut
299 351 494 388 mendacis
520 349 703 387 adversus
729 361 788 386 me
808 347 1110 385 denuntiationis
1140 347 1244 384 fraus
1265 347 1335 384 sibi
1355 348 1569 396 prodesset,

126 412 393 459 perseverabat
421 411 459 448 in
489 410 560 447 ista
585 408 881 458 praedicatione:
917 407 1136 457 intelligens
1167 413 1295 443 autem
1326 413 1466 444 certam
1499 408 1570 445 sibi

127 482 259 508 necem
284 471 417 521 parari,
434 476 514 506 tum
536 468 691 505 demum
712 468 827 518 coepit
846 468 1044 505 veritatem
1064 479 1263 516 usurpare,
1291 465 1493 516 fassusque
1512 475 1571 505 est

127 530 169 567 se
200 531 248 567 ab
279 530 339 567 his
357 529 561 580 impulsum
595 527 770 566 mendaci
806 527 946 565 indicio
983 540 1045 564 me
1076 526 1293 564 infamasse.
1352 526 1412 564 Ita
1447 540 1570 577 neque

125 596 287 628 conatus
318 588 524 627 mentiendi
561 601 688 638 neque
719 588 863 625 candor
890 588 1105 625 veracitatis
1138 587 1281 625 homini
1312 588 1468 638 profuit,
1500 589 1568 625 sed

126 656 398 687 tormentorum
420 649 625 687 acerbitate
644 657 852 686 enecarunt
878 649 948 698 ipsi
969 662 1080 685 suum
1100 648 1279 693 indicem,
1305 661 1380 698 quo
1407 648 1569 686 fidentes

126 722 186 747 me
203 710 452 754 insectantur,
476 722 553 760 qua
573 709 610 745 in
630 721 670 746 re
690 716 824 746 contra
842 708 990 745 faciunt
1009 715 1124 758 atque
1145 708 1206 746 alii
1227 721 1362 746 omnes
1377 708 1567 746 homines.

127 769 224 807 Nam
245 770 306 807 alii
326 770 478 819 quidem
499 769 661 806 indicem
679 768 748 806 sibi
766 768 995 817 secundum,
1008 769 1038 806 si
1058 768 1285 810 conditionis
1301 769 1478 819 ingenuae
1496 776 1568 812 est,

124 830 388 881 largitionibus
408 830 630 873 cumulant;
661 829 719 866 sin
747 835 875 867 autem
898 841 1028 866 servus
1055 836 1129 873 est,
1157 842 1272 866 manu
1299 830 1501 867 emittunt:
1530 829 1570 866 hi

123 905 213 930 vero
232 893 397 931 indicem
419 906 528 930 suum
551 891 708 941 praemio
730 890 831 929 necis
864 896 1061 934 ornarunt,
1082 891 1337 940 nequicquam
1368 890 1570 927 obtestan-

127 953 226 990 tibus
247 960 285 991 et
314 953 631 991 interdicentibus
667 952 796 989 amicis
830 952 926 988 meis
959 964 1008 988 ne
1038 951 1208 988 facerent
1239 951 1459 1000 priusquam
1495 964 1569 1000 ego

126 1013 358 1051 advenirem.
414 1013 503 1057 Quo
535 1018 686 1050 constat
717 1025 783 1049 eos
817 1025 974 1060 corpore
1006 1011 1142 1048 indicis
1173 1011 1225 1047 nil
1256 1010 1478 1060 indiguisse,
1500 1012 1568 1048 sed

126 1073 365 1111 solummodo
385 1073 539 1111 indicio.
585 1073 816 1109 Metuebant
835 1084 983 1121 nempe,
1005 1085 1066 1116 ne,
1088 1071 1118 1108 si
1138 1071 1293 1108 veniens
1314 1084 1386 1121 ego
1401 1071 1568 1108 eundem

127 1133 278 1171 servum
311 1147 441 1171 rursus
474 1133 674 1170 tormentis
712 1132 953 1182 subjicerem,
988 1131 1157 1181 ipsorum
1191 1131 1347 1168 insidias
1381 1132 1419 1168 in
1452 1140 1570 1182 caput

126 1206 252 1231 meum
271 1201 510 1243 comparatas
529 1191 732 1242 proderet:
764 1191 915 1228 sublato
931 1197 1054 1228 autem
1076 1191 1142 1228 illo
1163 1190 1210 1227 de
1228 1190 1368 1234 medio,
1390 1203 1466 1228 una
1481 1204 1568 1228 cum

123 1254 208 1304 ipso
241 1266 398 1304 corpore
431 1253 596 1303 perierat
623 1264 778 1302 quoque
811 1251 978 1288 veritatis
1013 1250 1242 1301 exploratio,
1261 1250 1568 1302 mendacemque

123 1314 325 1352 indicinam
345 1320 492 1351 tantum
511 1313 719 1363 sperabant
738 1312 935 1349 valituram
962 1319 1004 1349 ut
1032 1324 1102 1361 pro
1122 1324 1211 1349 vera
1230 1311 1360 1349 habita
1390 1325 1450 1349 me
1483 1326 1568 1363 per-

123 1374 244 1413 deret.
302 1374 449 1412 Horum
471 1381 510 1411 tu
531 1374 622 1410 mihi
646 1380 763 1410 testes
784 1373 872 1410 cita.
919 1372 1094 1422 [Testes]
1143 1373 1356 1422 Oportebat
1377 1373 1566 1420 nimirum,

125 1436 162 1472 ni
183 1435 344 1472 multum
360 1434 485 1480 fallor,
504 1447 569 1472 eos
588 1434 663 1471 buc
684 1434 874 1471 adducere
895 1433 1057 1470 indicem
1078 1433 1215 1483 ipsum,
1232 1446 1307 1471 non
1328 1434 1569 1471 solummodo

123 1499 328 1537 indicinam
347 1499 430 1549 ejus
451 1498 589 1535 referre
609 1503 647 1534 et
666 1509 730 1534 ore
755 1496 919 1533 hominis
938 1496 1058 1546 ipsius
1084 1509 1143 1533 me
1163 1509 1385 1547 coarguere,
1407 1497 1566 1548 ipsoque

123 1575 169 1600 eo
189 1567 415 1612 argumento
432 1573 492 1597 me
511 1571 748 1610 oppugnare,
769 1558 871 1608 quod
889 1558 1052 1595 indicem
1073 1571 1202 1595 eorum
1223 1559 1444 1603 exhibeant,
1464 1559 1567 1610 ejus-

122 1636 197 1673 que
228 1620 432 1672 torquendi
452 1621 599 1658 veniam
630 1619 719 1657 mihi
750 1619 909 1664 faciant,
944 1632 1186 1669 nequaquam
1218 1625 1343 1657 autem
1375 1620 1565 1657 occidere.

123 1683 223 1721 Nam
239 1683 313 1720 hoc
329 1682 432 1719 facto
452 1681 563 1718 fidem
586 1680 656 1730 ipsi
673 1680 743 1717 sibi
763 1679 1015 1729 derogabant,
1041 1679 1155 1716 armis
1181 1678 1251 1729 ipsi
1277 1691 1318 1716 se
1338 1679 1566 1729 spoliabant.

125 1745 223 1783 Utra
242 1744 342 1781 enim
362 1755 465 1781 nunc
490 1742 645 1779 tandem
668 1741 765 1778 servi
790 1741 1063 1791 praedicatione
1085 1753 1193 1778 suam
1220 1739 1256 1776 in
1284 1753 1363 1778 rem
1379 1741 1564 1778 utentur?

122 1818 212 1842 num
229 1806 366 1855 priore,
387 1816 434 1841 an
454 1801 690 1853 posteriore?
719 1808 758 1839 et
783 1807 870 1839 utra
886 1814 1013 1839 earum
1035 1814 1123 1838 vera
1142 1807 1214 1845 est,
1237 1814 1328 1838 num
1348 1813 1393 1839 ea
1413 1814 1488 1852 qua
1505 1814 1565 1838 me

124 1866 271 1904 facinus
291 1871 461 1915 patrasse
480 1863 690 1906 affirmavit,
711 1876 758 1900 an
776 1876 852 1913 qua
872 1862 1054 1913 negavit?
1112 1862 1269 1913 Utique,
1299 1862 1332 1900 si
1350 1875 1398 1900 ex
1426 1864 1565 1913 proba-

120 1927 187 1964 bili
208 1925 367 1976 quaestio
386 1924 470 1963 haec
489 1923 728 1974 expedienda
755 1930 824 1968 est,
848 1924 949 1973 prior
967 1923 1188 1974 praedicatio
1208 1923 1306 1961 falsa
1324 1923 1409 1968 fuit,
1438 1931 1566 1974 poste-

123 1988 196 2025 rior
229 1999 342 2024 vera:
379 1997 530 2034 semper
564 1984 689 2021 solent
718 1983 953 2033 deprehendi
990 1983 1222 2033 posteriores
1261 1984 1564 2022 asseverationes

121 2047 309 2098 prioribus
329 2045 494 2084 veriores
514 2057 613 2083 esse.
671 2043 930 2081 Mentiebatur
957 2044 1086 2094 itaque
1114 2056 1244 2081 servus
1279 2044 1384 2080 initio
1418 2044 1565 2081 emolu-

120 2108 240 2146 menti
261 2107 319 2145 sui
339 2119 454 2156 ergo:
485 2105 730 2156 postmodum
751 2117 840 2142 vero
859 2117 1035 2150 cernens,
1058 2104 1209 2142 tametsi
1229 2104 1377 2141 mentiri
1399 2111 1563 2142 conatus

121 2170 270 2213 fuisset,
290 2175 417 2205 tamen
437 2166 681 2204 nihilominus
704 2166 773 2203 sibi
794 2165 1031 2216 pereundum
1053 2177 1154 2209 esse,
1177 2177 1329 2215 sperare
1358 2164 1564 2214 incipiebat

122 2230 171 2267 de
199 2229 323 2267 salute
356 2242 424 2278 per
454 2227 626 2264 veritatis
654 2226 951 2264 declarationem
972 2225 1233 2276 adipiscenda.
1291 2225 1333 2261 In
1367 2238 1443 2274 quo
1477 2238 1564 2262 eum

122 2291 249 2342 opinio
275 2290 430 2330 fefellit;
462 2289 566 2326 dicto
591 2285 829 2334 enim'vero,
848 2300 982 2338 poenas
1007 2286 1224 2325 veraoitatis
1254 2291 1425 2322 extremo
1458 2286 1565 2323 dedit

120 2351 321 2403 supplicio,
341 2349 446 2387 nullo
474 2356 623 2399 reperto
641 2348 804 2393 vindice,
825 2349 888 2398 qui
921 2347 1127 2385 testimonii
1147 2346 1344 2384 veritatem
1371 2347 1564 2384 evinceret

121 2419 334 2461 testemque
350 2416 520 2448 tueretur
549 2415 589 2446 et
613 2422 635 2446 a
653 2409 824 2459 periculo
843 2410 1043 2446 liberaret:
1074 2420 1146 2458 ego
1171 2407 1270 2444 enim
1289 2419 1367 2444 non
1390 2407 1561 2449 aderam,

118 2485 188 2524 pro
213 2484 288 2522 quo
308 2471 448 2509 veritas
466 2468 685 2520 posterioris
704 2469 989 2520 praedicationis
1010 2468 1215 2510 militabat:
1246 2468 1410 2518 priorem
1430 2474 1560 2505 autem

121 2532 360 2570 debilitatum
389 2536 429 2568 et
457 2530 699 2567 obliteratum
731 2530 853 2567 ierant
870 2528 934 2567 hi:
963 2542 1039 2579 quo
1070 2529 1212 2566 factum
1239 2534 1310 2574 est,
1330 2535 1373 2564 ut
1392 2540 1412 2564 e
1430 2527 1566 2577 praedi-

121 2592 337 2630 cationibus
369 2591 465 2628 servi
497 2603 559 2627 res
592 2589 676 2627 haec
709 2603 905 2640 nunquam
938 2589 987 2627 ad
1021 2588 1207 2639 liquidum
1240 2587 1397 2637 perduci
1428 2588 1561 2636 possit.

121 2652 273 2703 Reliqui
292 2653 444 2703 quidem
464 2665 613 2698 omnes,
630 2652 661 2689 si
681 2652 745 2702 qui
764 2651 984 2690 testimonio
999 2651 1200 2701 cujusdam
1220 2649 1391 2686 infamati
1409 2650 1562 2696 fuerint,

122 2720 258 2750 testem
279 2714 348 2751 sibi
369 2714 572 2751 adversum
605 2711 854 2758 suffurantur,
884 2721 922 2750 et
947 2719 1028 2750 tum
1048 2725 1095 2750 ex
1119 2709 1316 2748 hominum
1349 2718 1563 2761 conspectu

123 2775 372 2810 submovent:
399 2773 597 2818 hiantem,
614 2773 678 2823 qui
708 2771 962 2823 quaestionem
987 2773 1035 2810 de
1061 2771 1166 2809 caede
1196 2769 1360 2807 Herodis
1389 2770 1561 2809 institue-

123 2840 210 2872 runt
235 2840 311 2871 tam
340 2835 513 2871 acerbam
545 2834 642 2872 utin
674 2834 887 2872 custodiam
921 2833 1006 2870 ideo
1042 2844 1098 2868 me
1134 2830 1352 2871 ducendum
1372 2840 1560 2880 curarent,

864 2908 890 2932 11
