1822 3219
703 92 1000 158 'FUNEBrus
1516 119 1589 156 163

131 241 216 267 rum
233 233 360 267 autem
375 225 681 265 criminationum
695 229 734 262 et
747 227 1006 274 praetextuum
1022 220 1238 272 quibusque
1253 221 1472 271 egentibus,
1484 233 1590 259 corn-

130 290 291 328 missum
324 295 385 327 est
409 288 506 325 inter
525 286 723 336 AEginetas
753 296 961 334 eorumque
996 282 1121 320 socios
1147 288 1186 319 et
1210 280 1310 319 inter
1335 282 1590 321 Athenienses

131 352 268 389 navale
287 350 477 402 praelium,
495 361 572 399 quo
591 347 714 386 nostri
733 347 904 385 triremes
924 345 1094 384 hostium
1125 344 1373 396 septuaginta
1394 353 1592 396 ceperunt.

133 413 214 450 Sub
239 412 340 450 idem
367 410 517 461 tempus
545 409 837 460 AEgyptumque
862 407 1118 459 AEginamque
1140 406 1409 444 infestantibus
1435 407 1591 453 nostris,

132 481 171 512 et
184 474 391 525 juventute
413 471 487 509 alia
505 470 544 507 in
563 470 725 507 navibus
746 469 822 507 alia
839 469 878 507 in
898 468 1034 507 castris
1054 467 1191 519 procul
1211 481 1234 505 a
1254 467 1369 505 domo
1389 467 1590 515 militante,

130 535 288 573 incessit
315 531 533 572 Corinthios
561 544 772 582 eorumque
800 531 928 569 socios
953 528 1096 581 cupido
1125 543 1261 581 agrum
1288 529 1460 567 Atticum
1486 529 1589 568 inva-

132 597 261 642 dendi,
281 607 392 646 quem
420 593 524 632 facili
553 606 671 644 opera
697 598 897 644 sperarent
925 605 948 630 a
967 605 1008 629 se
1027 590 1301 641 occupandum
1321 597 1365 628 ut
1383 603 1406 628 a
1425 590 1503 628 suis
1523 591 1590 629 de-

131 667 285 703 sertum,
306 662 374 695 aut
392 656 478 694 haec
498 656 530 694 si
549 668 591 694 se
611 668 699 706 spes
719 654 934 696 fefellisset,
956 653 1031 690 hoc
1056 659 1158 691 certe
1183 652 1353 690 futurum
1383 653 1592 704 sperabant

130 727 173 758 ut
198 720 362 757 classem
390 726 562 756 nostram
592 717 640 754 ab
663 716 803 767 AEgina
831 715 885 754 sic
910 721 1157 757 revocarent:
1192 720 1426 765 quapropter
1445 714 1592 764 egressi

129 782 244 819 domo
259 780 410 818 cunctis
422 792 510 818 cum
525 779 645 830 copiis
661 778 878 816 Geraneam
895 782 1095 828 ceperunt.
1153 775 1300 813 Verum
1316 775 1590 822 Athenienses,

125 842 280 881 tametsi
300 855 456 880 suorum
477 841 586 880 alteri
599 841 681 893 jam
702 840 738 878 in
755 840 881 878 reditu
896 840 1054 878 domum
1069 845 1201 877 essent
1220 838 1330 876 alteri
1347 851 1466 889 prope
1483 840 1591 877 abes-

125 911 223 949 sent,
239 905 308 942 abs
324 917 366 942 se
381 911 512 942 tamen
532 917 610 941 non
626 904 880 954 impetrarunt
894 908 937 939 ut
953 915 1086 940 eorum
1102 913 1320 952 quenquam
1337 907 1592 947 arcesserent,

126 966 195 1004 sed
209 966 281 1017 ipsi
301 967 380 1005 suis
399 966 486 1005 freti
506 966 653 1004 animis
664 972 702 1003 et
716 977 963 1016 aggressores
979 963 1186 1015 aspernati,
1201 962 1452 1013 senioresque
1468 969 1507 1001 et
1521 964 1591 1001 mi-

126 1026 303 1065 litaribus
323 1028 432 1066 annis
451 1027 660 1070 inferiores,
677 1026 749 1064 sibi
769 1032 964 1064 certamen
984 1025 1258 1075 deposcebant,
1274 1024 1329 1061 illi
1344 1025 1502 1074 quidem
1518 1038 1592 1062 usu

125 1101 250 1126 rerum
270 1090 451 1128 virtutem
472 1090 615 1141 adepti,
633 1089 673 1126 hi
693 1095 822 1127 autem
841 1094 980 1126 natura
1008 1087 1208 1137 magistra,
1230 1093 1268 1123 et
1284 1086 1339 1123 illi
1357 1086 1512 1136 quidem
1533 1101 1591 1125 re-

126 1151 350 1189 cordatione
371 1152 448 1189 acti
467 1151 622 1189 fortium
642 1150 833 1188 factorum
854 1161 958 1199 saepe
980 1148 1188 1198 multisque
1204 1147 1243 1184 in
1263 1147 1357 1185 locis
1376 1160 1398 1185 a
1414 1161 1454 1185 se
1472 1148 1593 1186 edito-

124 1224 224 1258 rum,
235 1212 273 1248 hi
288 1220 417 1249 autem
429 1212 590 1249 istorum
606 1211 851 1248 aemulatione
868 1211 1039 1255 accensi,
1053 1210 1164 1261 periti
1178 1210 1349 1247 seniores
1363 1210 1592 1261 imperandi,

121 1271 292 1322 juniores
311 1279 441 1310 autem
460 1273 641 1310 ardentes
662 1272 848 1322 imperata
862 1271 1037 1322 exsequi,
1057 1271 1263 1322 Myronide
1284 1271 1398 1318 duce,
1412 1285 1500 1310 cum
1520 1274 1593 1324 ipsi

125 1346 212 1372 sese
233 1334 335 1372 hosti
355 1335 457 1372 ultro
476 1334 516 1371 in
538 1333 739 1385 Megarica
757 1333 1007 1384 objecissent,
1027 1332 1201 1371 vicerunt
1219 1333 1418 1372 universas
1439 1334 1592 1372 illorum

124 1396 256 1447 copias
272 1395 527 1442 suis,tametsi
541 1395 717 1446 parsjam
731 1395 838 1432 fessa
851 1394 1047 1433 laboribus
1062 1401 1178 1444 atque
1191 1394 1374 1433 defuncta
1388 1403 1506 1443 esset,
1516 1397 1593 1435 alia

123 1457 297 1495 nondum
318 1463 470 1495 matura
488 1456 752 1507 capessendis,
767 1468 925 1506 eosque,
940 1455 1004 1506 qui
1026 1468 1159 1506 agrum
1182 1469 1293 1493 suum
1309 1455 1488 1495 infestare
1509 1458 1592 1497 ausi

124 1526 270 1565 essent,
285 1532 364 1557 non
385 1518 489 1556 domi
510 1531 591 1556 suae
608 1525 895 1569 exspectarunt,
913 1517 982 1556 sed
998 1517 1100 1555 ultro
1119 1517 1213 1567 ipsis
1230 1517 1355 1557 alieno
1371 1519 1408 1555 in
1425 1519 1508 1557 solo
1524 1533 1591 1559 oc-

123 1587 339 1627 currerunt,
354 1580 392 1618 in
404 1593 482 1631 quo
500 1588 689 1631 tropaeum
705 1579 754 1617 de
771 1580 864 1629 ipsis
880 1579 1046 1617 fixerunt
1061 1578 1219 1629 fugatis,
1237 1592 1317 1616 suae
1338 1580 1495 1630 quidem
1511 1582 1592 1632 glo—

123 1642 190 1680 riae
205 1649 499 1680 monumentum
514 1640 883 1692 splendidissimum,
899 1640 1101 1678 dedecoris
1118 1647 1245 1678 autem
1263 1641 1398 1679 aeterni
1412 1642 1589 1682 hostibus

123 1703 328 1747 insessuri;
359 1702 514 1741 tametsi
527 1702 620 1753 ipsis
636 1701 774 1740 affecta
787 1702 894 1739 senio
910 1708 949 1739 et
967 1701 1136 1740 marcida
1150 1714 1325 1753 corpora,
1341 1704 1479 1754 partim
1493 1718 1591 1743 non-

124 1764 217 1802 dum
245 1764 338 1802 satis
357 1764 501 1802 habilia
519 1764 732 1802 tractandis
753 1764 866 1802 armis
887 1771 1001 1815 atque
1022 1763 1149 1801 valida
1168 1771 1311 1809 essent,
1325 1765 1441 1802 animi
1459 1772 1591 1806 tamen

125 1828 314 1865 ambobus
334 1833 562 1878 supererant
581 1826 769 1872 fortiores,
782 1838 897 1876 quam
918 1832 984 1863 aut
1003 1826 1051 1864 ab
1070 1825 1136 1863 illa
1154 1833 1221 1864 aut
1235 1826 1283 1863 ab
1297 1825 1371 1864 hac
1386 1834 1503 1866 aetate
1518 1841 1589 1880 po·

124 1888 259 1926 stulari
277 1889 540 1939 exspectat-ive
559 1895 714 1939 posset;
743 1901 821 1938 quo
840 1888 944 1925 facto
962 1887 1120 1925 domum
1136 1887 1290 1933 reversi,
1309 1887 1433 1938 gloria
1452 1903 1590 1928 cumu-

121 1949 189 1987 lati
222 1950 470 2001 amplissima,
500 1949 668 1999 juniores
698 1949 853 2000 quidem
884 1950 933 1987 ad
967 1955 1155 1987 consueta
1169 1974 1171 1976 -
1184 1948 1417 1999 disciplinae-
1433 1951 1589 2001 puerilis

125 2012 254 2049 munia
268 2010 460 2056 redibant,
476 2011 646 2049 seniores
666 2018 795 2049 autern
817 2010 865 2048 ad
882 2010 1015 2049 solitas
1031 2010 1248 2048 functiones
1264 2017 1379 2061 atque
1394 2012 1591 2052 consulta-

122 2072 247 2110 tiones
267 2072 314 2110 de
334 2073 461 2111 salute
480 2073 712 2124 reliquorum
733 2073 874 2110 civium
895 2072 1040 2110 tuenda
1060 2085 1101 2109 se
1121 2071 1372 2121 recipiebant.

178 2135 240 2172 11.
268 2134 344 2172 ¹Est
362 2134 522 2185 quidem
550 2134 657 2172 haud
678 2134 792 2172 facile
820 2133 939 2178 factu,
960 2133 1041 2178 viri,
1073 2132 1112 2170 id
1132 2132 1237 2182 quod
1257 2133 1427 2180 cernitis,
1447 2141 1490 2172 ut
1513 2135 1590 2173 sin-

123 2194 216 2245 gula
233 2208 399 2247 quaeque
425 2196 568 2235 decora
592 2196 799 2234 multorum
830 2195 1075 2233 contentione
1105 2194 1304 2233 elaborata.
1332 2196 1445 2235 unius
1465 2198 1589 2237 oratio

122 2264 368 2307 exsequatur,
398 2264 488 2296 utve
515 2258 620 2296 omni
651 2271 734 2295 aevo
765 2263 876 2308 gesta
905 2256 1019 2294 unius
1040 2255 1115 2294 diei
1143 2256 1258 2294 breve
1291 2258 1458 2308 spatium
1487 2271 1591 2297 com-

120 2318 326 2368 plectatur.
382 2318 547 2369 Ecquod
563 2319 663 2357 enim
680 2326 845 2370 tempus,
863 2331 950 2370 quae
965 2318 1101 2364 oratio,
1120 2318 1186 2369 qui
1200 2325 1329 2356 orator
1342 2332 1413 2370 par
1429 2321 1586 2359 tandem

122 2379 173 2417 sit
191 2380 344 2418 futurus
364 2380 493 2418 virtuti
507 2381 672 2418 virorum
690 2381 764 2418 hoc
786 2387 1036 2418 monumento
1056 2379 1299 2417 conditorum
1315 2380 1589 2419 declarandae?

123 2438 335 2479 Laboribus
363 2441 464 2479 enim
491 2441 531 2478 hi
551 2441 629 2478 suis
650 2454 765 2491 quam
785 2440 957 2492 plurimis
979 2441 1332 2493 certaminibusque
1353 2443 1587 2494 splendidis·

124 2500 226 2541 simis
245 2510 284 2541 et
303 2503 586 2541 discriminibus
605 2502 884 2541 honestissimis
904 2503 1120 2541 libertatem
1142 2502 1305 2541 Graeciae
1329 2512 1585 2551 asseruerunt,

127 2573 310 2614 suamque
338 2566 502 2616 patriam
529 2565 628 2603 inter
651 2578 786 2602 ornnes
806 2564 993 2603 excellere
1016 2571 1201 2603 testatum
1222 2565 1410 2611 fecerunt,
1441 2566 1586 2617 quippe

126 2635 213 2672 quae
231 2627 476 2676 septuaginta
494 2640 561 2678 per
581 2640 703 2665 annos
723 2627 979 2678 principatum
998 2627 1112 2665 maris
1133 2626 1352 2671 obtinuerit,
1382 2627 1585 2678 sociosque

125 2683 164 2720 in
195 2696 288 2734 pace
316 2688 552 2726 tumultuum
582 2696 762 2740 expertes
793 2689 1005 2734 retinuerit,
1038 2701 1115 2726 non
1143 2687 1378 2738 postulando
1407 2694 1449 2725 ut
1477 2688 1585 2738 plebs

64 2740 71 2745 “
126 2745 372 2796 optimatibus
392 2750 564 2796 serviret,
587 2751 657 2789 sed
677 2751 946 2789 necessitatem
966 2750 1067 2800 aequi
1092 2749 1187 2800 juris
1208 2749 1384 2786 servandi
1406 2751 1584 2788 omnibus

124 2805 369 2858 iinponendO,
387 2823 510 2861 neque
529 2812 770 2851 debilitando
790 2812 931 2858 socios,
953 2812 1023 2850 sed
1040 2810 1112 2848 illis
1133 2823 1287 2861 quoque
1305 2810 1419 2848 robur
1435 2812 1586 2850 adden-

125 2866 190 2914 do,
219 2874 333 2919 atque
353 2869 651 2912 demonstrando
683 2887 763 2912 suae
793 2874 962 2925 ipsorum
986 2872 1169 2923 potenti-<e
1191 2879 1270 2910 tam
1291 2872 1438 2911 validos
1459 2874 1584 2912 inesse
