1822 3219
451 111 673 150 CONTRA
703 109 1125 148 THEOMNESTUM
1158 110 1189 146 I.
1469 106 1545 144 207

93 214 224 252 multae
254 220 382 253 essent
408 227 548 260 causae,
579 215 626 252 ob
657 225 753 264 quas
773 211 971 262 expediret
999 211 1091 248 mihi
1111 211 1227 248 vitam
1256 210 1375 261 patris
1405 210 1550 248 diutius

92 276 264 326 produci.
321 276 464 314 Verum
484 282 527 314 ut
546 288 704 314 necesse
723 280 804 312 erat
818 273 902 312 haec
920 273 1083 311 breviter
1096 271 1317 323 perstringi,
1339 271 1392 310 ita
1406 271 1550 309 diutius

91 338 135 374 iis
156 338 344 375 immorari
364 337 416 374 nil
435 337 582 375 attinet.
640 336 774 373 Nostis
794 334 968 379 enim,⁷ni
989 333 1113 380 fallor,
1132 346 1200 371 vos
1227 345 1358 371 omnes
1376 346 1438 371 me
1458 345 1552 372 vera

95 400 214 447 loqui.
270 398 426 436 Interim
446 404 574 436 tamen
592 410 664 448 age
684 397 930 435 nihilominus
950 402 1070 433 testes
1089 394 1311 446 producam.

717 514 935 552 TESTES.

154 596 189 631 3.
218 593 379 630 Videtur
409 593 537 642 itaque
565 592 846 630 Theomnestus
877 592 936 628 his
968 591 1125 641 quidem
1154 590 1259 641 quod
1291 595 1476 641 opponat,
1504 591 1555 627 nil

99 655 318 692 habiturus:
364 660 404 691 at
430 654 526 691 illud
553 653 654 691 idem
688 654 804 691 etiam
835 665 967 691 coram
988 652 1113 699 vobis,
1128 652 1295 703 judices,
1314 657 1557 697 causaturus,

99 716 202 768 quod
219 716 302 767 jam
331 723 423 754 ante
443 716 481 753 in
502 716 630 753 arbitri
652 716 735 754 foro
755 728 873 753 ausus
892 722 952 754 est
973 715 1198 766 oggannhe,
1217 714 1257 752 in
1280 726 1442 752 numero
1461 720 1557 764 puta

97 790 222 815 rerum
249 779 480 828 ἀποῤῥὴτων,
503 791 571 816 seu
597 777 824 815 nominatim
844 776 974 827 alege
1004 776 1308 822 interdictarum,
1327 775 1433 813 haud
1459 787 1559 822 esse,

98 839 129 876 si
148 839 234 888 quis
255 838 422 889 aliquem
440 839 558 884 caeclz's,
579 838 635 876 ὅτι
663 840 886 884 ἀπέκτεινεν,
907 838 945 874 in
966 843 1072 888 patre
1093 837 1311 875 commissae
1338 835 1557 879 insimulet;

96 899 226 949 legem
245 900 345 938 enim
365 900 469 937 haud
491 907 633 945 vetare,
649 913 697 937 ne
718 899 803 950 quis
825 899 942 937 alium
962 898 1172 949 quenpiam
1188 897 1413 946 parricidam
1432 897 1562 948 appel-

98 961 165 1007 let,
185 961 251 999 sed
271 962 345 998 hoc
367 961 623 1007 solummodo,
644 974 692 998 ne
712 961 797 1011 quis
817 959 1062 1011 ἀνδροφόνον,
1084 960 1307 997 homicidam.
1366 959 1450 1010 Ego
1469 972 1560 997 vero

99 1035 168 1059 vos
189 1029 362 1067 autumo,
376 1021 544 1073 judices,
561 1034 637 1058 non
653 1022 703 1059 de
718 1021 916 1059 vocabulis
931 1021 1118 1066 laborare,
1137 1021 1207 1059 sed
1222 1021 1271 1058 de
1285 1020 1563 1058 vocabulorum

101 1084 233 1133 spatiis
254 1091 369 1133 atque
388 1083 603 1129 sententiis,
624 1095 836 1133 omnesque
855 1095 923 1133 pro
949 1090 1055 1120 certo
1085 1082 1195 1127 scire,
1216 1082 1247 1119 si
1267 1083 1332 1131 qui
1355 1081 1432 1119 sint
1451 1082 1563 1119 homi-

100 1145 199 1190 cidae,
227 1144 461 1194 ἀνδροφόνοι,
491 1144 649 1182 eosdem
678 1157 834 1194 quoque
863 1145 1120 1189 ἀπεκτονέναι,
1149 1143 1329 1180 occidisse.
1387 1143 1563 1193 Spissum

99 1206 232 1255 utique
256 1205 393 1242 fuisset
411 1212 526 1255 atque
543 1205 810 1256 inexplicabile
831 1204 1031 1254 negotium
1050 1204 1277 1255 legislatori,
1293 1204 1323 1242 si
1341 1204 1564 1255 proposuis-

101 1272 160 1303 set
179 1266 251 1303 sibi
278 1272 346 1303 aut
374 1278 536 1303 necesse
564 1265 754 1312 duxisset,
775 1265 966 1303 vocabula
983 1265 1112 1304 omnia
1130 1278 1213 1303 rem
1234 1264 1398 1303 eandem
1419 1264 1564 1316 signifi-

99 1327 229 1364 cantia
255 1327 294 1363 in
321 1327 449 1377 legem
479 1326 716 1365 confercire:
747 1327 841 1365 satis
864 1327 1057 1365 enimvero
1076 1327 1139 1364 ille
1156 1326 1304 1373 habuit,
1323 1340 1402 1366 uno
1422 1327 1566 1377 posito,

99 1388 248 1438 reliqua
269 1388 399 1426 omnia
423 1388 711 1439 aequipollentia
737 1402 816 1426 una
843 1389 959 1427 tacite
985 1389 1192 1440 complecti
1215 1395 1332 1439 atque
1362 1389 1566 1440 subjicere.

101 1447 194 1486 Non
218 1449 394 1500 profecto
423 1455 465 1487 tu
491 1450 595 1495 mihi,
616 1450 887 1496 Theornneste,
910 1456 989 1488 tam
1008 1450 1150 1488 stultus
1172 1464 1256 1488 esse
1276 1450 1432 1493 videris,
1454 1457 1509 1496 ut,
1533 1451 1565 1489 si

99 1509 184 1560 quis
210 1517 247 1548 te
269 1513 520 1560 πατραλοίαν,
540 1512 775 1559 patricidam,
796 1518 864 1549 aut
888 1514 1137 1563 μητραλοίαν,
1162 1512 1405 1558 matricidam,
1431 1512 1564 1564 appel-

99 1570 201 1616 larit,
220 1583 307 1609 eum
336 1571 493 1621 quidem
521 1571 560 1608 in
579 1574 644 1619 jus
663 1584 801 1614 voces;
836 1571 937 1610 idem
966 1578 1096 1610 autem
1124 1572 1155 1610 si
1183 1580 1330 1623 patrem
1357 1579 1466 1610 tuum
1487 1580 1565 1611 ate

101 1644 244 1670 caesum
265 1633 344 1671 aiat
363 1645 447 1671 esse
466 1639 691 1680 matremve,
710 1646 800 1671 eum
819 1642 861 1671 tu
884 1634 1049 1671 inultum
1069 1636 1324 1681 transmittas,
1340 1636 1451 1685 quasi
1472 1635 1564 1672 nihil

101 1694 346 1732 infandorum
374 1694 562 1732 locutum.
592 1694 805 1733 >Libenter
834 1695 1015 1745 equidem
1045 1708 1091 1732 ex
1126 1702 1164 1733 te
1193 1695 1325 1734 audire
1350 1696 1491 1734 velim:
1525 1709 1564 1734 es

104 1755 205 1791 enim
223 1754 338 1805 hujus
359 1755 426 1800 rei,
443 1755 492 1792 de
510 1768 590 1805 qua
609 1761 647 1793 te
667 1757 935 1806 percontabor,
949 1757 1206 1807 magnamade
1221 1764 1308 1809 ptus
1327 1757 1566 1804 facultatem,

105 1821 146 1852 et
169 1815 291 1852 multa
318 1815 569 1854 meditatione
589 1823 628 1854 et
646 1816 898 1855 diuturnitate
924 1819 1231 1864 exercitationis,
1254 1827 1296 1857 ut
1315 1827 1355 1857 et
1375 1820 1567 1858 subtiliter

104 1875 154 1913 de
175 1888 222 1914 ea
240 1876 435 1927 disputare
465 1877 562 1915 scias
590 1891 739 1928 usuque
764 1879 847 1930 ejus
866 1879 948 1917 aliis
967 1886 1141 1930 praestes.
1200 1881 1244 1917 In
1270 1880 1356 1931 lege
1380 1881 1565 1932 scriptum

105 1943 180 1984 est,
199 1938 232 1976 si
248 1937 334 1988 quis
353 1939 471 1976 alium
491 1946 641 1977 scutum
663 1939 967 1988 ἀποβεβληκέναι
986 1941 1142 1989 dixerit,
1161 1943 1227 1992 qui
1249 1942 1287 1980 id
1306 1942 1456 1989 dixerit,
1476 1956 1565 1980 eum

104 1998 256 2036 actione
285 2000 481 2038 maledicti
515 2001 650 2038 teneri.
705 2002 794 2039 Jam
826 2003 965 2041 dixerit
989 2010 1027 2041 te
1052 2003 1244 2054 quispiam
1270 2009 1421 2041 scutum
1442 2004 1565 2054 ῥῖψαι.

105 2060 210 2098 Num
228 2067 271 2098 tu
291 2061 483 2099 actionem
503 2063 541 2099 in
561 2062 667 2100 hunc
686 2076 761 2101 non
781 2064 961 2115 parabis?
991 2065 1061 2102 sed
1093 2065 1258 2103 sufficiet
1277 2065 1345 2102 tibi
1372 2065 1480 2102 illum
1510 2065 1567 2102 di-

103 2121 203 2159 xisse
223 2128 262 2159 te
283 2128 433 2159 scutum
452 2124 574 2173 ῥῖψαι,
596 2138 674 2163 non
694 2132 824 2163 autem
843 2124 1168 2173 ἀποβεβληκέναι,
1188 2140 1311 2177 eoque
1331 2127 1435 2165 dices
1456 2135 1493 2166 te
1514 2128 1568 2165 nil

103 2182 263 2221 curare?
291 2183 395 2221 idem
414 2184 516 2222 enim
536 2199 614 2224 non
634 2199 719 2225 esse
738 2187 844 2238 ῥῖψαι
865 2193 980 2237 atque
998 2186 1320 2236 α’ποβεβληκὲναι.
1367 2189 1427 2226 En
1449 2189 1565 2227 aliud.

105 2243 268 2294 Fingam
287 2246 474 2297 tantisper
493 2247 661 2298 collegio
686 2248 1036 2286 undecimvirorum
1054 2255 1105 2296 te,
1126 2249 1401 2297 Theomneste,
1420 2250 1567 2288 adscri-

104 2310 215 2355 ptum
243 2318 340 2352 esse,
359 2306 558 2358 furemque
585 2310 634 2347 ad
661 2310 735 2348 hoc
761 2310 968 2361 collegium
989 2309 1129 2349 adduci
1149 2312 1197 2348 ab
1218 2311 1361 2362 aliquo,
1383 2319 1566 2362 querente

107 2363 302 2416 θοιμάτιον
320 2367 584 2416 ἀποδεδύσθαι,
602 2371 717 2421 pallio
737 2384 778 2409 se
798 2384 885 2409 esse
905 2372 952 2409 ab
972 2371 1037 2409 illo
1055 2371 1211 2410 homine
1227 2380 1404 2420 exutum,
1421 2380 1488 2411 aut
1503 2373 1567 2410 τὸν

106 2428 329 2476 χιτωνίσκον
349 2428 575 2476 ἐκδεδύσθαι,
592 2431 796 2470 interulam
818 2433 889 2470 sibi
907 2433 956 2470 ab
970 2445 1016 2470 eo
1032 2446 1118 2471 esse
1134 2433 1360 2472 detractam.
1417 2435 1566 2471 Eumne

107 2492 149 2523 tu
168 2487 363 2526 hominem
388 2490 464 2529 ista
483 2500 710 2541 querentem
733 2493 911 2544 rejicias?
940 2494 1115 2532 furemne
1135 2502 1177 2533 tu
1197 2495 1389 2533 simillima
1410 2495 1568 2545 stropha

110 2548 361 2589 cavillationis
392 2553 585 2592 severitati
610 2554 742 2606 legum
774 2562 991 2607 surreptum
1019 2569 1101 2603 eas,
1123 2564 1240 2607 atque
1270 2563 1309 2594 tu
1335 2563 1373 2593 te
1399 2568 1504 2594 nunc
1523 2556 1568 2602 is,

109 2610 213 2656 quod
231 2612 278 2649 ab
297 2620 520 2653 accusatore
538 2615 577 2653 in
596 2616 729 2655 libello
751 2618 993 2657 accusatorio
1012 2619 1229 2670 appellatus
1246 2617 1437 2655 vocabulo
1451 2620 1570 2654 λωπο-

112 2666 218 2715 δύτης
239 2684 316 2709 non
337 2674 464 2721 fuerit,
483 2689 560 2726 quo
578 2678 768 2716 vocabulo
787 2678 985 2729 legislator
1007 2680 1056 2717 sit
1074 2692 1168 2717 usus
1184 2677 1199 2714 ἵ
1247 2677 1428 2716 Profecto
1447 2691 1567 2729 nega-

110 2737 220 2769 turus
248 2734 340 2772 mihi
368 2742 411 2773 tu
435 2738 589 2787 videris,
613 2753 703 2778 eum
726 2741 1036 2792 ἀνδραποδιστὴν,
1059 2740 1294 2791 plagiarium,
1325 2753 1425 2787 esse,
1451 2754 1567 2792 quem

111 2790 208 2830 alius
229 2795 418 2846 quispiam
436 2797 512 2837 aiat
536 2800 575 2838 in
600 2814 709 2841 servo
729 2815 799 2841 suo
819 2802 990 2854 plagium
1015 2801 1270 2848 commisisse,
1290 2802 1443 2840 tametsi
1462 2809 1569 2840 actor

109 2851 234 2891 furem
261 2853 299 2892 in
328 2855 513 2907 flagrante
541 2861 685 2901 delicto
717 2862 1038 2915 deprehende1·it;
1077 2863 1259 2915 quoniam
1290 2862 1437 2903 scilicet
1462 2871 1570 2902 actor
