1822 3219
659 125 730 162 DE
760 124 1060 162 MYSTERIIS.
1504 127 1578 163 11⁴3

145 238 204 264 me
233 227 406 276 punitum
436 234 540 272 eant,
562 233 605 266 ut
631 227 754 276 potius
780 224 968 264 confidam
1001 237 1066 263 eos
1095 225 1215 262 multo
1241 226 1356 263 etiam
1387 229 1509 279 magis
1537 228 1581 267 iis

143 301 369 327 succensere
402 296 514 340 atque
547 289 748 340 indignari,
775 288 806 326 si
835 288 899 339 qui
932 287 1120 338 perditum
1150 294 1238 325 eant
1271 300 1349 333 eos,
1383 303 1478 340 quos
1506 290 1581 342 ipsi

145 357 372 388 servassent.

153 431 157 435 ·
197 414 260 449 25.
292 412 501 450 Recordari
527 411 691 461 denique
713 411 921 455 vobiscum,
939 409 1020 455 viri,
1042 410 1155 448 decet
1182 409 1295 447 etiam
1322 409 1411 454 hoc,
1432 411 1578 459 opinio-

142 485 229 510 nem
250 480 410 511 vestram
435 472 624 522 publicam
649 483 762 521 penes
785 471 942 510 Graecos
973 484 1057 509 esse
1084 484 1185 508 nunc
1214 483 1312 516 eam,
1331 478 1371 508 ut
1389 471 1484 507 nulli
1502 483 1577 509 non

144 534 368 572 Graecorum
387 533 587 571 videamini
614 533 769 571 laudem
788 533 951 572 virorum
978 539 1016 570 et
1041 532 1333 570 fortissimorum
1352 538 1391 569 et
1415 532 1578 582 pruden-

142 599 367 636 tissimorum
381 611 426 635 eo
438 597 558 634 meriti
570 610 668 644 esse,
681 597 785 647 quod
806 610 828 634 a
846 597 954 634 malis
970 596 1221 647 superioribus
1237 609 1314 633 non
1331 596 1380 633 ad
1395 595 1579 633 ultionem

143 673 208 697 vos
226 659 371 697 incitari
396 659 498 709 passi
525 660 619 702 sitis,
640 659 707 697 sed
732 658 797 696 illa
816 658 916 695 mala
935 658 985 695 ad
1003 657 1166 695 salutem
1190 658 1283 708 reip.
1304 656 1578 695 constabilien-

141 721 229 758 dam
257 726 297 757 et
323 720 370 757 ad
396 721 641 758 concordiam
669 720 806 758 civium
837 719 1113 758 confovendam
1142 719 1419 757 converteritis.
1477 719 1578 756 Nam

140 781 350 818 infortuniis
371 782 500 832 affligi,
520 781 676 832 vulgare
696 789 734 819 et
756 781 977 819 tralatitium
998 788 1079 824 est3
1111 781 1193 818 aliis
1212 794 1361 831 quoque
1380 780 1578 831 permultis

139 855 218 879 suae
238 842 368 880 clades
390 844 647 894 contigerunt,
669 843 772 881 haud
792 843 866 880 illae
885 843 1019 880 vestris
1048 843 1232 881 leviores:
1261 842 1417 880 dissidia
1435 849 1579 886 autem,

137 902 274 953 siquae
295 903 389 940 forte
405 903 501 941 inter
516 905 617 942 cives
635 910 767 942 coorta
780 903 933 948 fuerint,
949 904 1045 941 bene
1062 911 1100 942 et
1117 904 1320 941 salubriter
1338 915 1578 953 componere,

135 963 208 1001 hoc
224 964 322 1001 enim
338 977 426 1002 vero
442 965 574 1002 merito
589 965 774 1003 habeatur
789 966 948 1002 virorum
967 965 1131 1003 civilium
1148 972 1262 1015 atque
1279 964 1578 1015 compositorum

137 1037 235 1062 esse.
293 1025 390 1068 Quae
418 1025 501 1062 laus
533 1039 621 1063 cum
648 1038 836 1063 consensu
866 1034 979 1076 atque
1010 1026 1251 1064 confessione
1277 1025 1446 1063 omnium
1470 1025 1577 1063 vobis

136 1085 333 1132 tribuatur,
354 1087 432 1123 sive
461 1087 569 1124 amici
588 1088 695 1125 vobis
722 1094 811 1125 sunt
834 1088 910 1125 sive
930 1087 1082 1132 inimici,
1103 1087 1219 1125 nolite
1245 1087 1430 1124 mutanda
1449 1092 1579 1124 mente

135 1154 263 1184 vestra
284 1147 534 1192 committere,
552 1154 594 1184 ut
618 1147 689 1185 hac
714 1147 826 1185 laude
851 1148 1064 1198 privemini,
1092 1147 1384 1196 videaminique,
1415 1160 1500 1197 quae
1530 1147 1578 1184 de

135 1207 323 1245 oblivione
354 1209 596 1259 pristinarum
625 1209 844 1259 injuriarum
869 1216 971 1246 recte
997 1215 1111 1258 atque
1136 1208 1352 1246 salutariter
1381 1208 1578 1254 sanxistis,

135 1270 343 1307 temeritate
369 1271 490 1320 magis
523 1271 704 1308 secundae
732 1270 930 1321 cujusdam
955 1271 1118 1308 fortunae
1143 1283 1259 1322 quam
1286 1270 1436 1308 consilii
1462 1277 1577 1321 atque

133 1331 344 1380 prudentiae
362 1333 520 1370 veritate
540 1338 654 1382 atque
668 1332 892 1369 certitudine
914 1332 1100 1369 sanxisse.

186 1393 251 1429 26.
291 1392 404 1443 Rogo
431 1392 559 1442 itaque
589 1406 673 1438 vos,
700 1400 743 1431 ut
765 1405 877 1443 quam
910 1393 959 1430 de
989 1393 1082 1430 meis
1111 1393 1314 1444 majoribus
1348 1400 1576 1443 conceptam

136 1453 267 1491 animis
282 1453 507 1491 sententiam
527 1454 686 1499 habetis,
706 1454 867 1491 eandem
886 1455 933 1491 de
953 1467 1013 1491 me
1028 1466 1182 1504 quoque
1197 1455 1319 1492 velitis
1332 1454 1485 1500 habere,
1499 1469 1575 1505 quo

135 1514 226 1552 mihi
245 1528 397 1566 quoque
423 1514 535 1552 liceat
559 1527 624 1552 eos
651 1515 810 1553 imitari:
839 1515 1091 1553 recordamini
1117 1528 1183 1552 eos
1210 1515 1256 1552 de
1286 1515 1442 1553 caritate
1462 1516 1576 1553 vestri

135 1576 336 1627 studioque
352 1577 448 1614 bene
463 1576 511 1614 de
527 1576 632 1613 vobis
647 1576 818 1614 merendi
833 1590 962 1614 eorum
979 1577 1149 1614 omnium
1164 1577 1305 1614 nemini
1320 1577 1574 1623 concessisse,

134 1638 165 1675 si
182 1638 246 1688 qui
262 1638 318 1675 vel
338 1638 512 1675 maximis
530 1643 643 1687 atque
663 1637 979 1688 splendidissimis
994 1650 1062 1675 vos
1077 1638 1310 1676 ornamentis
1326 1637 1579 1676 condecoras-v

133 1706 240 1742 sent;
270 1699 336 1738 sed
356 1699 486 1737 multis
506 1699 554 1736 de
575 1700 702 1737 causis
723 1712 763 1737 se
784 1700 878 1737 tales
905 1712 997 1750 erga
1023 1712 1090 1736 vos
1111 1699 1275 1749 gessisse
1296 1699 1428 1750 quales
1450 1712 1577 1749 gesse-

134 1767 234 1806 runt,
250 1773 378 1797 verum
395 1760 573 1810 imprimis
588 1760 745 1798 caritate
765 1763 879 1811 atque
895 1760 1131 1811 providentia
1148 1760 1266 1797 nostri
1283 1760 1344 1810 qui
1362 1773 1490 1798 eorum
1504 1773 1574 1811 po-

132 1823 219 1859 steri
247 1835 392 1868 sumus,
412 1829 467 1867 ut,
488 1823 518 1860 si
544 1822 698 1872 quando
724 1822 937 1874 periculum
967 1822 1076 1860 nobis
1106 1821 1260 1872 aliquod
1290 1823 1482 1872 ingrueret
1508 1830 1575 1860 aut

133 1883 328 1921 calamitas
348 1883 535 1934 quaepiam
556 1896 626 1920 nos
647 1884 888 1935 opprimeret,
908 1885 1017 1921 venia
1036 1897 1058 1921 a
1076 1884 1182 1921 vobis
1202 1884 1308 1934 digni
1329 1883 1459 1930 habiti,
1480 1884 1574 1922 salvi

135 1952 248 1994 atque
279 1946 440 1996 sospites
470 1958 492 1982 a
515 1944 660 1995 judicio
680 1952 807 1983 vestro
836 1945 1137 1984 discederemus.
1195 1945 1333 1983 Merito
1358 1952 1486 1982 autem
1504 1957 1573 1983 vos

134 2006 317 2056 majorum
340 2013 556 2043 nostrorum
580 2006 847 2048 memineritis3
878 2005 968 2055 quia
986 2013 1195 2042 vestrorum
1213 2018 1366 2054 quoque
1388 2005 1572 2055 majorum

131 2065 289 2104 virtutes
316 2074 466 2104 cunctae
493 2066 584 2117 reip.
605 2065 732 2103 decori
755 2067 919 2104 maximo
946 2074 1058 2117 atque
1081 2066 1259 2116 praesidio
1282 2066 1437 2103 fuerunt
1462 2067 1576 2104 tutis-

131 2127 239 2165 simo.
296 2127 431 2166 Classe
461 2128 561 2166 enim
590 2136 722 2165 nostra
754 2129 925 2166 funditus
955 2128 1093 2173 deleta,
1115 2127 1223 2165 multi
1248 2140 1337 2165 cum
1363 2135 1492 2165 essent
1508 2127 1576 2178 qui

132 2189 322 2228 civitatem
337 2190 444 2227 malis
460 2189 694 2240 implicatum
715 2190 810 2227 irent
828 2189 1116 2235 insanabilibus,
1131 2186 1410 2226 Lacedaemonii
1427 2196 1571 2236 tamen,

131 2251 281 2289 tametsi
312 2259 392 2289 tum
428 2251 572 2295 hostes,
603 2252 687 2288 urbi
719 2264 874 2302 parcere
909 2252 1172 2294 decreverunt,
1203 2263 1390 2288 memores
1420 2250 1571 2289 virtutis

131 2312 279 2350 illorum
298 2313 475 2358 virorum,
496 2313 558 2363 qui
591 2313 774 2351 universae
800 2314 961 2351 Graeciae
991 2313 1174 2351 libertatis
1208 2320 1384 2351 auctores
1405 2312 1572 2351 fuissent

130 2374 290 2426 ejusque
318 2374 567 2412 fundamenta
597 2373 718 2412 solida
740 2375 940 2425 jecissent.
996 2374 1144 2418 Quodsi
1173 2380 1266 2424 ergo
1296 2373 1481 2425 majorum
1507 2386 1571 2411 ve·

88 2452 91 2454 ·
130 2444 295 2475 strorum
312 2437 430 2474 virtus
450 2435 666 2472 universam
684 2436 874 2474 civitatem
893 2435 989 2474 tuita
1008 2443 1067 2473 est
1084 2442 1123 2473 et
1142 2435 1266 2473 salute
1294 2434 1420 2473 beavit
1441 2435 1570 2485 inspe-

131 2506 223 2543 rata,
253 2498 404 2550 postulo
435 2511 508 2547 ego
539 2509 706 2547 quoque,
733 2505 776 2535 ut
807 2511 976 2536 meorum
1005 2497 1191 2548 majorum
1224 2497 1360 2535 merita
1388 2497 1435 2534 de
1458 2497 1570 2533 vobis-

130 2560 385 2597 emolumento
406 2559 497 2596 mihi
517 2559 592 2597 sint
614 2571 813 2609 meamque
833 2559 996 2597 salutem
1015 2559 1052 2597 in
1074 2565 1156 2596 tuto
1175 2565 1333 2610 ponant.
1388 2557 1565 2607 Ipsorum

131 2620 229 2656 enim
248 2621 397 2659 illorum
423 2621 645 2667 facinorum,
667 2635 734 2673 per
752 2634 838 2672 quae
863 2621 965 2659 salus
992 2629 1071 2658 tum
1095 2629 1204 2672 parta
1221 2620 1292 2657 fuit
1310 2619 1464 2664 civitati,
1484 2630 1566 2656 ma-

127 2681 229 2730 jores
256 2683 328 2719 mei
352 2690 499 2731 partem
520 2683 622 2721 haud
651 2683 846 2720 minimam
872 2683 919 2720 de
947 2696 1018 2720 suo
1040 2682 1307 2721 contulerunt:
1335 2686 1564 2730 quapropter

130 2742 221 2779 mihi
248 2755 396 2792 quoque
423 2744 481 2781 fas
507 2752 566 2782 est
588 2758 609 2782 a
627 2745 734 2782 vobis
760 2744 922 2782 salutem
951 2744 1033 2796 pari
1062 2743 1176 2781 modo
1203 2741 1383 2791 impertiri
1412 2747 1564 2791 propter

129 2803 312 2854 majorum
331 2816 499 2841 meorum
518 2806 664 2852 merita,
684 2813 798 2856 atque
817 2818 883 2843 vos
904 2806 973 2856 ipsi
994 2818 1015 2842 a
1032 2803 1176 2842 Graecis
1195 2802 1380 2839 universis
1399 2801 1566 2840 salntem*

128 2863 408 2916 irnpetravisti5‚
429 2865 476 2902 ad
498 2868 630 2905 merita
649 2868 832 2918 majorum
853 2874 1059 2904 vestrorum
1080 2865 1127 2902 de
1147 2878 1186 2901 se
1205 2857 1522 2914 respicientibus·
1561 2867 1566 2875 '

826 2941 849 2966 Q
