1822 3219
251 178 324 214 144
822 178 1126 217 ANDOClDlS

243 282 291 320 de
312 281 405 320 vivis
426 294 492 320 vos
515 295 589 321 non
609 283 708 321 idem
725 290 837 335 atque
857 285 905 323 de
925 286 1081 323 mortuis
1097 283 1285 323 statuere?
1316 284 1439 324 Decet
1453 287 1607 337 quidem
1623 288 1686 326 Al-

242 344 429 382 cibiadem
451 347 504 394 (et
524 346 571 383 ab
591 346 781 396 ejusmodi
799 347 951 385 homine
972 348 1024 385 nil
1050 347 1153 385 aliud
1182 348 1411 398 exspectes),
1431 355 1484 393 ut,
1503 351 1685 400 quemad-

242 405 398 445 modum
417 406 497 457 ipse
518 407 722 458 legumque
743 408 1032 446 sanctimoniam
1054 408 1351 460 etjurisjurandi
1372 409 1590 460 religionem
1609 412 1688 449 vili-

242 468 391 518 pendit,
416 469 469 506 ita
492 482 558 507 vos
582 482 733 520 quoque
759 478 918 508 conetur
945 471 994 508 ad
1024 470 1183 508 similem
1211 484 1336 508 rerum
1362 472 1685 511 sanctissimarum

241 528 483 568 violationem
504 532 672 569 oratione
693 530 906 569 adducere:
937 531 1095 581 dignum
1125 532 1212 571 item
1240 533 1322 583 ejus
1348 540 1408 570 est
1433 546 1610 584 persona,
1631 542 1686 580 ut,

242 591 565 641 quemadmodum
582 592 676 630 alios
692 592 771 630 sine
787 593 1043 631 misericordia
1059 595 1191 644 partim
1208 607 1227 631 e
1243 594 1364 644 patria
1379 595 1534 645 expellit
1549 595 1683 646 partim

241 652 393 697 occidit,
412 652 465 690 ita
483 654 578 705 ipse,
595 666 662 691 vos
683 666 840 692 cernens
861 662 1031 692 atrocem
1053 654 1089 691 in
1112 668 1153 692 se
1173 655 1401 693 sententiam
1422 655 1685 707 expedientes,

240 715 609 752 commiserationem
636 723 799 753 vestram
827 716 962 753 infimis
989 715 1165 766 precibus
1197 724 1311 767 atque
1341 716 1685 768 supplicationibus

240 773 492 825 lacrymisque
509 775 788 814 lamentabilem
811 777 847 814 in
866 777 1019 814 modum
1037 777 1314 828 profundendis
1331 785 1539 829 expugnet.
1597 778 1686 817 Non

241 836 356 874 miror
385 836 460 875 hoc
489 837 526 874 in
555 850 615 882 eo,
644 838 706 889 qui
735 838 907 876 facinora
936 840 1165 890 perpetravit
1198 840 1397 878 uberrimis
1433 840 1684 891 lacrymarum

240 897 327 935 rivis
347 898 486 950 digna:
517 899 650 937 dubito
669 907 812 946 tamen,
831 907 946 950 atque
966 901 1231 951 circumspicio
1250 901 1402 952 quinam
1422 901 1458 938 hi
1481 901 1569 946 sint,
1586 914 1683 952 quos

241 967 369 1010 speret
400 973 422 998 a
457 974 497 999 se
531 961 700 999 oratione
732 962 984 1013 precibusque
1019 962 1096 1000 suis
1130 962 1356 1000 flectendos.
1425 961 1684 1001 Junioresne?

240 1034 337 1071 quos
357 1022 457 1073 apud
479 1022 629 1073 plebem
649 1023 687 1060 in
708 1023 887 1061 invidiam
914 1023 1120 1074 odiumque
1146 1024 1304 1061 adduxit
1331 1024 1542 1062 insolentiae
1568 1031 1684 1075 atque

238 1082 458 1132 petulantiae
485 1097 565 1120 suae
595 1084 781 1128 foeditate,
807 1084 897 1121 item
924 1097 970 1122 eo
1000 1084 1103 1135 quod
1127 1085 1292 1135 juvenes
1322 1084 1453 1122 docuit
1486 1085 1685 1136 palaestras

240 1142 430 1190 deserere,
450 1157 527 1194 quo
551 1151 712 1182 vetustae
737 1144 947 1196 disciplinae
977 1145 1158 1183 severitas
1188 1145 1377 1183 exstincta
1405 1145 1489 1190 fuit,
1510 1159 1579 1184 nec
1609 1158 1684 1184 non

239 1217 285 1242 eo
305 1206 409 1255 quod
429 1212 542 1243 aetate
563 1205 690 1244 adhuc
714 1207 916 1244 immatura
935 1207 1050 1245 rebus
1068 1207 1242 1245 civilibus
1265 1207 1440 1257 gerendis
1461 1220 1544 1245 sese
1564 1208 1685 1246 immi-

240 1267 353 1305 scuit.
411 1268 514 1305 Num
536 1268 731 1306 seniores?
761 1282 781 1306 a
802 1282 964 1319 quorum
984 1269 1152 1307 moribus
1174 1283 1264 1308 suos
1285 1270 1419 1308 babuit
1437 1283 1549 1321 qnam
1577 1270 1685 1308 dissi·

239 1328 419 1374 tissimos,
445 1339 484 1367 et
509 1343 671 1380 quorum
699 1330 822 1368 studia
850 1332 1093 1382 contempsit.
1150 1332 1193 1368 In
1220 1332 1340 1383 poenis
1369 1332 1582 1380 irrogandis
1608 1346 1683 1372 non

238 1390 479 1429 solummodo
498 1392 676 1429 habenda
696 1399 756 1430 est
773 1393 939 1443 ipsorum
960 1393 1203 1444 peccantium
1220 1394 1330 1440 ratio,
1346 1406 1470 1444 neque
1486 1393 1614 1432 danda
1627 1404 1685 1433 est

237 1464 352 1503 opera
373 1459 415 1490 ut
434 1452 471 1490 hi
492 1453 560 1491 soli
583 1466 712 1504 poenas
734 1453 828 1491 dent
845 1454 1045 1492 criminum
1068 1455 1233 1500 meritas,
1248 1456 1315 1492 sed
1337 1455 1411 1493 hoc
1430 1468 1582 1505 quoque
1604 1469 1686 1506 spe-

235 1514 418 1552 ctandum
438 1521 511 1559 est,
531 1522 574 1552 ut
593 1514 738 1565 reliqui,
760 1528 847 1553 cum
869 1523 999 1553 sontes
1019 1515 1134 1566 plecti
1154 1515 1300 1560 vident,
1322 1529 1368 1554 eo
1388 1515 1546 1567 justitiae
1571 1523 1684 1567 atque

234 1576 497 1627 temperantiae
518 1575 767 1614 studiosiores
789 1576 1012 1614 reddantur.
1071 1577 1219 1621 Quodsi
1240 1591 1331 1629 ergo
1359 1591 1419 1615 ine
1446 1577 1682 1628 expuleritis,

235 1637 479 1675 meticulosos
508 1637 653 1675 facietis
683 1651 749 1675 eos
779 1638 844 1688 qui
867 1638 946 1689 jam
975 1645 1064 1676 sunt
1093 1638 1283 1690 pudentes
1312 1646 1350 1677 et
1378 1638 1586 1682 moderati;
1624 1639 1684 1678 sin

234 1706 361 1736 autem
383 1698 620 1736 Alcibiadem
639 1712 752 1750 poena
771 1699 988 1745 affeceritis,
1007 1707 1132 1737 certus
1153 1713 1235 1737 sum
1256 1700 1350 1745 fore,
1365 1708 1406 1737 ut
1420 1700 1682 1751 petulantibus

235 1761 416 1812 majorem
439 1760 567 1811 legum
589 1756 837 1798 reverentiam
858 1761 1031 1811 aequique
1047 1761 1143 1812 juris
1164 1761 1332 1798 studium
1352 1762 1476 1799 acrius
1497 1761 1682 1813 injiciatis.

292 1824 352 1860 14.
384 1822 487 1859 Nihil
501 1825 595 1870 jam,
616 1822 718 1873 quod
740 1836 865 1873 agam,
886 1830 1073 1873 superest,
1093 1830 1230 1873 praeter
1249 1822 1322 1860 hoc
1344 1820 1473 1867 unum,
1496 1832 1538 1860 ut
1553 1837 1682 1862 coram

233 1883 341 1922 vobis
360 1897 483 1922 rerum
504 1897 526 1922 a
544 1897 603 1921 me
624 1891 817 1933 gestarum
838 1896 985 1922 summa
1013 1883 1140 1934 capita
1169 1884 1399 1922 brevissimis
1419 1885 1683 1936 perstringam.

235 1945 505 1997 Legationibus
525 1945 575 1983 ad
594 1946 818 1992 Thessalos,
838 1945 886 1983 ad
923 1945 1175 1990 Macedonas,
1197 1945 1244 1982 ad
1267 1945 1472 1990 Molossos,
1493 1946 1542 1984 ad
1562 1947 1684 1985 Thes—

232 2014 377 2059 protos,
406 2008 443 2045 in
480 2007 626 2045 Italiam
658 2007 824 2058 denique
857 2007 1102 2057 Siciliamque
1131 2006 1328 2051 obeundis,
1347 2006 1468 2052 effeci,
1488 2015 1530 2045 ut
1559 2008 1588 2045 si
1617 2008 1683 2060 qui

232 2068 342 2106 vobis
377 2081 539 2119 usquam
570 2068 741 2106 locorum
761 2076 891 2106 essent
911 2068 1141 2114 infestiores,
1158 2081 1224 2106 eos
1246 2067 1352 2105 vobis
1373 2068 1678 2107 reconciliarem:

231 2130 340 2168 amici
372 2130 480 2167 vobis
514 2131 577 2181 qui
609 2136 753 2174 essent,
776 2142 842 2167 eos
871 2130 909 2167 in
939 2128 1014 2167 fide
1046 2129 1289 2167 confirmavi:
1321 2129 1416 2167 alios
1444 2130 1491 2167 ab
1514 2129 1679 2168 hostium

231 2199 441 2230 vestrorum
476 2192 647 2243 partibus
692 2192 861 2230 avocavi.
919 2191 1035 2235 Quod
1071 2192 1101 2228 si
1145 2190 1384 2242 optimatium
1419 2192 1679 2242 unusquisque

228 2252 331 2291 idem
361 2253 524 2298 fecisset,
546 2266 606 2290 nce
628 2266 843 2304 perpaucos
864 2265 964 2290 nunc
983 2252 1174 2290 haberetis
1196 2251 1326 2290 hostes·
1346 2258 1384 2289 et
1415 2252 1540 2290 socios
1570 2252 1678 2290 vobis

231 2314 441 2366 permultos
473 2313 786 2364 acquisivissetis.
843 2314 902 2351 De
935 2313 1153 2351 muneribus
1172 2326 1193 2350 a
1214 2326 1274 2351 me
1294 2313 1404 2351 editis
1439 2313 1542 2364 piget
1573 2326 1679 2351 com-

229 2388 450 2423 memorare,
471 2375 543 2412 nisi
576 2375 776 2421 hactenus,
803 2382 844 2412 ut
875 2374 987 2420 aiam,
1007 2375 1193 2425 imperata
1229 2388 1287 2412 me
1315 2376 1485 2426 exsequi,
1507 2382 1679 2427 sumptus

226 2437 445 2483 facientem,
467 2450 544 2475 non
567 2450 613 2475 ex
638 2437 771 2475 aerario
801 2437 954 2488 publico
986 2436 1096 2474 furtis
1131 2436 1343 2482 imminuto,
1365 2437 1432 2475 sed
1465 2450 1487 2474 e
1519 2450 1558 2474 re
1591 2431 1677 2474 mea

226 2500 386 2552 privata.
442 2500 632 2538 Victorias
652 2500 855 2550 reportavi,
876 2511 990 2536 unam
1013 2498 1123 2536 titulo
1142 2497 1349 2550 εὐανδρίας,
1362 2511 1428 2536 seu
1445 2497 1674 2536 fortitudinis

227 2562 356 2609 virilis,
376 2561 486 2600 aliam
507 2561 544 2598 in
565 2574 678 2598 cursu
699 2574 785 2598 cum
805 2560 954 2598 facibus
974 2561 1209 2604 ardentibus,
1226 2560 1372 2598 tertiam
1391 2559 1428 2596 in
1446 2559 1568 2597 choris
1600 2566 1677 2596 tra-

229 2625 338 2676 gicis,
373 2637 447 2661 non
481 2623 634 2662 caedens
666 2622 954 2672 antichoregos,
985 2635 1108 2672 neque
1143 2621 1278 2672 pudori
1310 2621 1399 2658 mihi
1427 2621 1586 2666 ducens,
1618 2634 1676 2659 me

228 2689 353 2725 minus
370 2700 482 2738 quam
504 2686 607 2737 leges
627 2685 764 2723 valere.
806 2685 918 2721 Tales
939 2698 1011 2735 ego
1031 2685 1133 2722 cives
1151 2684 1269 2722 multo
1283 2684 1342 2722 aio
1364 2696 1444 2723 esse
1464 2684 1675 2735 digniores,

227 2750 291 2800 qui
311 2750 347 2786 in
366 2750 455 2787 urbe
477 2760 643 2795 manere,
661 2760 774 2798 quam
796 2746 859 2796 qui
880 2746 1077 2796 emigrare,
1090 2746 1312 2797 jubeantur.
