1822 3219
592 120 810 159 CONTRA
844 118 1212 179 DIOGITONEM.
1552 121 1627 157 357

180 230 382 269 puerorum
413 220 659 270 Diogitonem
691 234 823 260 eorum
855 220 1013 258 tutelam
1044 219 1269 269 flagitiosius
1300 226 1416 269 atque
1433 218 1629 257 crudelius

180 280 361 329 gessisse,
382 281 723 331 patrimoniumque
752 282 923 332 ipsorum
955 280 1153 318 furiosiore
1180 292 1266 318 cum
1296 279 1506 331 cupiditate
1535 291 1627 316 con-

179 341 365 391 cerpsisse
386 353 498 390 quam
520 342 620 379 ullus
651 342 750 380 alius
778 353 948 391 unquam
977 346 1080 378 tutor
1101 339 1232 390 pupilli
1251 341 1478 390 cujusquam
1497 340 1572 378 hac
1593 340 1630 377 in

179 400 332 438 civitate
352 400 455 445 fecit,
475 403 627 439 tametsi
648 415 734 440 cum
754 402 902 452 pupillo
923 401 1029 439 nulla
1050 400 1247 451 sanguinis
1267 401 1548 438 necessitudine
1569 414 1632 438 co-

179 460 349 510 pulatus,
368 473 459 510 rogo
480 474 558 506 vos,
573 461 742 511 judices,
756 468 800 498 ut
814 469 907 506 tum,
926 468 1116 511 quatenus
1131 462 1196 511 jus
1219 469 1258 498 et
1277 461 1334 498 fas
1355 461 1465 505 sinet,
1482 461 1540 498 his
1562 474 1631 511 pu-

183 520 257 556 eris
283 520 536 558 subveniatis:
567 521 622 559 sin
645 528 786 565 autern,
803 521 907 571 quod
932 521 1055 571 recepi
1075 521 1439 565 demonstraturum,
1456 521 1491 558 id
1512 522 1635 558 minus

181 579 507 626 demonstravero,
529 581 580 618 nil
608 581 818 626 intercedo,
836 581 1039 631 quominus
1059 593 1126 618 vos
1153 581 1282 630 illique
1305 580 1469 618 credatis
1495 589 1636 618 temere

181 639 362 690 quicquid
388 641 491 678 volet
515 641 691 690 jactanti,
713 649 751 679 et
776 654 846 679 nos
867 640 1032 691 posthac
1053 641 1088 677 in
1111 653 1270 677 numero
1290 640 1549 690 improborum
1568 640 1635 677 ha-

179 701 320 740 beatis.
377 700 469 744 Sed,
490 714 568 751 quo
587 714 666 738 rem
683 701 858 747 teneatis,
885 714 908 739 a
924 700 1112 751 principio
1132 700 1222 737 inde
1242 701 1451 750 repetenda
1469 701 1636 738 videtur:

181 773 248 799 vos
269 762 360 800 mihi
380 762 518 799 docere
534 763 690 800 conanti
710 775 821 800 aures
839 762 1027 813 praebete,
1040 761 1206 812 judices,
1227 761 1423 811 propitias.

233 824 271 860 2.
303 822 454 859 Fratres
485 828 595 859 erant
621 822 813 860 Diodotus
842 829 882 860 et
910 821 1109 872 Diogiton‚
1129 821 1265 858 iisdem
1286 821 1357 859 sati
1387 822 1626 871 parentibus,

180 883 394 921 concordes
415 882 510 920 inter
527 895 582 928 se,
602 895 688 920 nam
707 883 955 921 hereditatem
975 883 1029 920 ita
1047 883 1270 927 cernebant,
1287 889 1331 920 ut
1351 882 1513 919 nummis
1533 896 1632 933 prae-

180 946 355 984 sentibus
377 958 454 983 una
472 959 561 983 cum
581 947 818 996 supellectile
845 954 883 984 et
911 947 1054 984 mundo
1073 959 1121 984 ex
1140 959 1253 996 aequo
1275 946 1420 992 divisis,
1441 946 1579 984 fundos
1600 955 1638 985 et

184 1007 333 1057 reliqua
363 1007 465 1044 bona
496 1007 703 1045 immobilia
736 1008 956 1046 communia
984 1007 1243 1058 possiderent.
1313 1008 1410 1045 Tum
1446 1009 1637 1047 Diodotus

185 1067 436 1118 negotiationi
466 1067 634 1104 animum
674 1068 831 1118 adjecit,
865 1068 967 1106 unde
1001 1068 1102 1106 facto
1138 1068 1341 1118 splendido
1371 1075 1524 1119 quaestu
1551 1082 1639 1107 cum

183 1128 370 1166 crevisset
394 1128 544 1178 opibus,
567 1142 590 1165 a
609 1128 817 1178 Diogitone
845 1141 1051 1179 persuasus
1078 1129 1192 1166 filiam
1227 1129 1309 1179 ejus
1340 1130 1496 1168 domum
1522 1130 1641 1175 ducit,

185 1201 273 1238 quae
308 1188 505 1239 Diogitoni
535 1196 616 1226 tum
641 1196 723 1226 erat
754 1189 887 1233 unica;
919 1203 965 1227 ex
993 1202 1114 1240 eaque
1145 1190 1314 1240 suscepit
1343 1203 1412 1240 par
1436 1190 1642 1228 liberorum

186 1255 226 1285 et
251 1247 369 1286 filiam
397 1261 485 1298 quae
513 1261 598 1286 mea
622 1255 681 1286 est
708 1261 821 1286 uxor.
878 1249 1088 1299 Aliquanto
1116 1255 1286 1299 tempore
1313 1256 1401 1299 post
1427 1250 1582 1296 accidit,
1601 1257 1645 1288 ut

186 1310 308 1360 copiae
345 1309 504 1347 navales
540 1322 627 1346 cum
662 1309 865 1360 Thrasyllo
904 1310 1028 1360 gravis
1061 1318 1264 1347 armaturae
1302 1311 1485 1360 magistro
1518 1311 1645 1350 nescio

186 1382 263 1419 quo
289 1376 421 1407 essent
453 1369 702 1419 ablegandae:
738 1369 804 1407 illa
830 1370 867 1407 in
895 1370 1029 1408 militia
1057 1370 1216 1421 scriptus
1246 1371 1342 1408 inter
1372 1371 1465 1409 alios
1497 1371 1644 1410 Diodo-

188 1438 265 1477 tus,
293 1438 398 1469 stans
429 1432 465 1468 in
496 1431 708 1482 procinctu,
736 1444 892 1469 uxorem
925 1444 1012 1481 quae
1049 1431 1183 1469 eadem
1212 1432 1280 1483 ipsi
1317 1445 1337 1470 e
1370 1433 1483 1470 fratre
1517 1434 1643 1484 neptis

188 1499 272 1531 erat
291 1493 462 1538 arcessit,
483 1505 637 1542 unaque
666 1494 795 1530 uxoris
824 1499 987 1544 patrem,
1009 1493 1073 1542 qui
1098 1492 1198 1530 idem
1229 1500 1267 1531 et
1296 1506 1404 1531 socer
1425 1494 1582 1532 Diodoti
1602 1502 1641 1532 et

188 1555 305 1591 frater
319 1566 522 1603 germanus
544 1561 624 1590 erat
644 1567 812 1604 avusque
833 1554 1038 1591 liberorum
1053 1567 1075 1591 a
1089 1554 1260 1591 Diodoto
1277 1568 1323 1591 ex
1339 1555 1412 1592 hac
1428 1568 1545 1593 uxore
1559 1568 1640 1593 sus-

187 1622 399 1666 ceptorum,
414 1615 637 1652 existimans
652 1623 810 1666 propter
831 1623 907 1653 tam
926 1623 1051 1653 arctas
1065 1622 1140 1653 tam
1155 1616 1463 1667 multiplicesque
1477 1618 1642 1655 necessi-

188 1676 343 1714 tudines
359 1676 462 1713 haud
474 1675 609 1713 decere
629 1682 793 1713 tutorem
809 1675 938 1713 liberis
954 1675 1069 1713 alium
1083 1683 1339 1726 praeterquam
1356 1677 1604 1727 Diogitonem
1618 1691 1640 1715 a

186 1752 227 1776 se
246 1738 444 1781 constitui;
477 1738 675 1788 Diogitoni
698 1738 826 1788 itaque
847 1751 923 1776 una
943 1751 1030 1775 cum
1051 1739 1192 1776 tabulis
1211 1740 1428 1777 testamenti
1448 1753 1470 1778 a
1489 1754 1529 1778 se
1550 1754 1640 1778 con-

186 1799 316 1849 scripti
337 1799 375 1835 in
395 1811 531 1836 manus
549 1798 657 1835 dedit
673 1798 861 1836 Diodotus
881 1798 1038 1849 ejusque
1055 1799 1142 1836 fidei
1159 1799 1348 1837 commisit
1367 1801 1514 1849 argenti
1533 1802 1639 1851 quin-

187 1873 263 1910 que
283 1859 445 1902 talenta;
476 1859 731 1909 obligationes
759 1872 926 1909 quoque,
947 1871 1015 1896 seu
1038 1859 1292 1910 syngraphas,
1316 1859 1364 1896 ad
1385 1859 1553 1897 valorem
1580 1874 1643 1898 se-.

187 1927 291 1972 ptem
305 1920 532 1958 talentorum
547 1933 634 1957 cum
648 1920 903 1970 quadraginta
914 1920 1026 1957 minis
1041 1921 1183 1957 foenore
1196 1922 1352 1958 nautico
1367 1921 1593 1959 creditorum
1608 1923 1641 1961 ei

189 1982 427 2025 monstravit,
442 1993 513 2018 nec
529 1993 604 2018 non
626 1981 737 2018 aliam
760 1981 1018 2032 syngrapham
1036 1981 1083 2018 de
1103 1981 1254 2019 duabus
1272 1982 1374 2019 mille
1394 1981 1585 2020 drachmis
1602 1982 1640 2019 in

189 2043 459 2080 Cherrhoneso
479 2043 651 2080 elocatis.
711 2043 799 2086 Quo
819 2044 936 2092 facto,
957 2044 990 2081 ei
1011 2051 1202 2094 praecepta
1216 2044 1368 2094 reliquit
1387 2044 1484 2089 haec,
1501 2046 1531 2082 si
1547 2046 1640 2096 quid

188 2103 346 2141 humani
365 2104 434 2141 sibi
453 2105 694 2154 contingeret
707 2111 751 2141 ut
764 2105 838 2142 hoc
854 2118 902 2142 ex
920 2105 1052 2142 itinere
1066 2105 1223 2142 domum
1243 2105 1364 2143 redire
1382 2105 1487 2142 haud
1501 2106 1643 2152 liceret,

189 2172 233 2202 ut
251 2173 329 2202 tum
351 2166 534 2216 Diogiton
555 2177 716 2202 uxorem
738 2166 800 2202 cui
815 2166 939 2203 visum
952 2173 1055 2203 esset
1070 2166 1205 2216 nuptui
1220 2165 1442 2211 collocaret,
1457 2166 1589 2203 addito
1605 2167 1641 2204 in

190 2226 317 2263 dotem
350 2227 495 2264 talento
525 2227 582 2264 his
613 2227 662 2264 de
688 2227 854 2264 nummis
884 2226 1093 2272 demendo,
1116 2226 1334 2264 contributo
1361 2226 1514 2277 insuper
1540 2229 1642 2264 omni

189 2286 333 2323 mundo
349 2287 523 2324 muliebri
542 2293 580 2324 et
599 2286 836 2336 supellectile
857 2286 1080 2332 domestica,
1100 2300 1213 2337 quam
1236 2294 1383 2324 teneret
1401 2300 1448 2324 ea
1466 2287 1582 2324 diaeta
1602 2288 1639 2324 in

188 2360 267 2396 qua
299 2347 520 2397 plerumque
550 2360 628 2384 una
654 2360 740 2385 esse
771 2360 858 2385 cum
889 2361 1006 2386 uxore
1032 2356 1149 2399 atque
1183 2349 1324 2385 cubare
1357 2349 1641 2387 consuevisset:

191 2407 269 2445 filia
289 2408 352 2445 ubi
371 2408 509 2445 nubilis
529 2409 633 2446 facta
651 2409 789 2459 nuptui
810 2409 976 2455 daretur,
996 2416 1040 2447 ut
1067 2411 1101 2447 ei
1127 2416 1207 2447 tum
1239 2410 1276 2446 in
1303 2409 1432 2447 dotem
1454 2409 1638 2446 talentum

192 2469 411 2507 adderetur.
468 2469 674 2515 Praeterea,
695 2483 770 2519 quo
790 2483 885 2507 uxor
907 2484 985 2508 una
1003 2484 1091 2508 cum
1109 2471 1249 2515 liberis,
1271 2471 1429 2508 absente
1450 2483 1504 2513 se,
1523 2469 1642 2507 habe—

194 2537 278 2567 rent
297 2530 402 2567 unde
421 2530 628 2576 alerentur,
648 2530 772 2568 donec
793 2538 860 2568 aut
885 2532 1026 2569 rediret
1055 2533 1104 2569 ab
1130 2531 1195 2569 illa
1225 2530 1468 2580 expeditione
1489 2536 1556 2567 aut
1575 2543 1641 2567 ex-

193 2602 329 2627 cessus
351 2590 409 2627 sui
428 2591 530 2628 fama
550 2590 652 2628 haud
673 2590 791 2628 dubia
806 2591 855 2629 ad
873 2605 939 2630 eos
953 2593 1194 2643 perferretur,
1209 2591 1246 2627 in
1262 2603 1396 2628 manus
1413 2589 1519 2627 dedit
1532 2591 1640 2628 uxori

193 2651 328 2700 viginti
347 2652 470 2690 minas
489 2652 527 2689 in
548 2658 707 2702 argento
727 2659 765 2689 et
791 2660 976 2702 praeterea
1002 2653 1157 2702 triginta
1183 2658 1346 2688 stateras
1374 2663 1508 2688 aureos
1530 2651 1640 2702 Cyzi-

192 2724 322 2748 cenos.
381 2711 529 2753 Quibus
549 2713 598 2750 ad
614 2712 716 2750 hunc
736 2713 891 2750 modum
914 2713 1133 2751 constitutis
1156 2711 1336 2760 domique
1356 2710 1498 2748 relictis
1516 2724 1642 2749 exem-

194 2771 266 2820 plis
302 2773 389 2820 [seu
415 2772 551 2821 copiis]
581 2773 729 2811 illarum
757 2786 880 2812 rerum
907 2787 930 2811 a
958 2787 998 2811 se
1028 2774 1082 2810 sic
1109 2773 1416 2819 constitutarum,
1441 2773 1533 2810 exiit
1551 2785 1639 2811 cum

196 2832 397 2882 Thrasyllo
417 2832 454 2869 in
475 2839 624 2878 castra;
655 2835 758 2873 unde
777 2842 855 2873 n'on
874 2834 1000 2879 rediit,
1024 2833 1168 2884 Ephesi
1186 2833 1266 2870 fato
1286 2833 1509 2872 defunctus.
