1822 3219
243 168 316 205 176
895 174 1065 212 LYSIAE

239 273 287 310 ab
308 274 391 324 ipso
412 282 580 324 constat,
602 290 687 316 eam
723 293 797 317 non
833 281 947 319 fuisse
978 283 1172 332 πρόνοιαν,
1194 282 1263 319 rim
1282 289 1350 320 aut
1368 282 1494 320 coedem
1514 285 1702 333 proemedi-

237 341 366 374 totam.
425 337 527 376 Nam
556 341 631 377 vim
661 342 916 392 praemeditati
937 343 969 381 si
989 343 1245 390 venissemus,
1264 357 1343 383 non
1363 344 1603 384 venissemus
1624 353 1703 385 tam

236 397 419 445 inermes,
441 408 482 437 ut
504 415 609 440 nunc
631 416 758 440 coram
781 404 889 442 vobis
912 404 1040 451 adsto,
1061 418 1148 443 curn
1170 405 1330 444 dubium
1346 413 1459 451 esset,
1483 419 1704 445 essemusne

237 466 379 499 testam
402 461 571 513 figlinam
604 464 707 515 apud
735 478 824 502 eum
844 466 1047 511 inventuri,
1080 467 1231 504 etiamsi
1251 474 1351 506 testa
1378 468 1470 506 satis
1493 474 1632 519 potens
1653 469 1703 507 ad

237 535 372 560 necem
395 525 716 563 consciscendam
747 527 928 578 fingatur,
955 536 1022 566 aut
1041 529 1186 567 satisne
1207 529 1378 568 validum
1398 529 1445 568 ad
1464 537 1626 568 mortem
1647 531 1706 568 in-

238 584 436 623 ferendam
458 586 532 624 hoc
563 587 627 625 teli
657 601 780 638 genus
809 602 980 627 essemus
1004 589 1194 633 habituri;
1226 591 1295 628 sed
1323 603 1369 629 eo
1402 591 1479 628 telo
1503 591 1635 629 armati
1665 591 1705 629 in

238 647 337 685 viam
373 662 442 686 nos
478 649 721 688 dedissemus
755 651 947 702 domoque
978 652 1015 689 id
1047 652 1246 690 nobiscum
1283 653 1559 690 attulissemus.
1615 653 1703 691 Jam

239 722 328 747 vero
348 710 420 761 ipsi
441 710 673 749 confitentur
693 712 730 749 hi
754 713 1031 764 [adversarius‚
1049 722 1088 751 et
1108 714 1261 760 ancilla,
1275 722 1314 752 et
1328 715 1371 752 iis
1390 715 1533 752 addicti
1550 714 1703 765 reliqui]

237 784 306 808 nos
341 771 389 809 ad
423 785 562 823 pueros
587 773 800 812 meritorios
829 782 868 812 et
893 775 943 813 ad
964 775 1143 813 tibicinas
1170 783 1286 826 atque
1314 777 1429 814 etiam
1461 777 1560 814 bene
1589 784 1703 827 potos

238 833 406 871 venisse.
466 835 588 885 Ecqui
609 835 765 873 tandem
793 836 879 874 haec
904 837 953 874 sit
973 837 1100 875 eaedes
1127 837 1425 888 praemeditata?
1482 838 1567 888 Ego
1595 839 1702 889 equi-

239 895 326 932 dem
346 895 450 933 haud
471 909 558 934 esse
572 904 718 948 putem.
777 898 921 936 Verum
945 899 1006 936 hic
1027 899 1143 937 homo
1165 899 1357 937 contrario
1377 899 1461 937 aliis
1481 899 1597 938 modo
1616 913 1703 951 per-

240 970 376 996 versus
406 958 442 996 in
475 960 641 997 amando
673 968 790 1010 atque
822 961 935 998 miser
964 968 1046 998 est:
1077 968 1280 1012 utrumque
1301 961 1397 1005 vult,
1427 969 1467 999 et
1499 970 1703 1013 argentum

237 1020 400 1058 retinere
432 1028 470 1058 et
499 1030 627 1060 scorto
654 1022 758 1060 solus
789 1024 914 1073 potiri.
972 1025 1009 1060 A
1044 1037 1121 1074 qua
1148 1024 1418 1062 exstimulatus
1443 1037 1559 1062 manu
1591 1025 1702 1063 nimis

237 1081 336 1119 citus
358 1089 398 1120 et
417 1095 591 1134 praeceps
625 1083 675 1121 ad
707 1084 961 1122 contumelias
981 1091 1066 1128 est;
1097 1085 1201 1122 unde
1222 1085 1442 1123 necessario
1473 1085 1602 1130 fit„ut
1620 1085 1703 1123 laesi

238 1143 310 1180 vim
342 1143 379 1180 vi
415 1145 604 1195 repellant
638 1153 753 1196 atque
791 1146 1044 1184 ulciscantur.
1115 1147 1294 1185 Scortum
1328 1154 1457 1185 autem
1489 1147 1606 1185 modo
1643 1161 1703 1186 me

236 1207 374 1243 summi
408 1206 536 1244 facere
576 1208 743 1254 simulat,
770 1208 886 1246 modo
919 1209 1042 1254 illum,
1076 1209 1124 1246 ab
1157 1209 1346 1247 ambobus
1378 1209 1498 1248 amari
1531 1210 1702 1261 cupiens.

238 1267 353 1311 Quod
374 1281 446 1319 ego
467 1269 636 1307 mulieris
658 1270 868 1318 ingenium,
898 1279 941 1308 ut
961 1284 981 1308 a
1002 1271 1188 1322 principio
1206 1272 1276 1310 tuli
1298 1272 1423 1310 animo
1444 1286 1557 1324 aequo
1576 1279 1616 1311 et
1643 1273 1701 1311 fa-

235 1330 312 1376 cili,
342 1330 394 1368 ita
427 1331 648 1369 adhucdum
681 1332 785 1375 fer0;
817 1332 880 1369 ille
907 1340 1036 1370 autem
1068 1345 1114 1370 eo
1143 1333 1298 1370 excedit
1328 1334 1458 1378 rabiei,
1488 1341 1531 1371 ut
1561 1334 1701 1372 vibices

235 1391 393 1429 vulnera
427 1392 622 1443 appellare
656 1393 759 1430 haud
794 1394 1013 1439 erubescat,
1047 1400 1086 1430 et
1111 1394 1149 1430 in
1183 1394 1280 1431 sella
1308 1402 1495 1444 gestetur,
1525 1396 1702 1444 gravissi-

233 1466 375 1504 maque
405 1467 445 1490 se
472 1453 654 1491 affectum
683 1454 838 1492 simulet
871 1454 1094 1492 valetudine
1127 1454 1242 1492 scorti
1273 1467 1381 1504 ergo,
1415 1467 1493 1504 quo
1518 1455 1590 1491 frui
1619 1456 1701 1494 sine

235 1515 500 1552 controversia
520 1523 651 1565 queat,
672 1515 701 1552 si
721 1524 871 1565 partem
897 1516 1008 1566 pretii
1038 1528 1107 1567 pro
1135 1529 1182 1553 ea
1210 1515 1337 1553 venali
1366 1515 1552 1566 persoluti
1577 1529 1700 1555 meam

238 1576 329 1613 mihi
359 1575 519 1613 reddere
542 1577 647 1614 velit.
706 1577 756 1614 Et
780 1577 833 1614 ait
859 1577 922 1615 ille
942 1576 1098 1627 quidem
1117 1590 1188 1614 nos
1210 1577 1440 1615 sceleratum
1473 1578 1511 1614 in
1544 1578 1701 1616 modum

236 1637 308 1674 sibi
327 1637 542 1681 insidiatos,
574 1639 768 1688 rebusque
790 1638 827 1675 in
851 1639 1030 1675 omnibus
1051 1638 1163 1676 nobis
1183 1638 1434 1676 contradicit:
1464 1640 1701 1678 meretricem

235 1706 366 1736 tamen
393 1698 497 1736 illam
518 1699 653 1750 ipsam,
682 1713 701 1736 e
720 1712 796 1750 qua
816 1700 1016 1738 tormentis
1049 1699 1226 1750 subjecta
1255 1707 1408 1751 poterat
1440 1700 1557 1737 fidem
1576 1703 1702 1740 verbis

237 1761 316 1799 suis
345 1761 574 1811 approbare,
595 1762 643 1798 ad
664 1768 856 1799 tormenta
884 1761 1025 1799 dedere
1055 1767 1236 1804 recusat;
1269 1774 1356 1811 quae
1375 1761 1513 1799 fuisset
1532 1761 1605 1800 hoc
1626 1763 1701 1813 pri-

236 1836 342 1860 mum
362 1823 592 1870 indicatura,
614 1831 786 1860 nostrum
808 1837 856 1861 ne
877 1824 1076 1861 amborum
1106 1823 1189 1874 ipsa
1211 1823 1259 1861 sit
1278 1823 1493 1860 communis
1517 1836 1565 1861 an
1585 1823 1702 1874 hujus

237 1885 403 1936 propria,
430 1891 511 1922 tum
543 1885 591 1921 ad
613 1886 848 1936 emptionem
877 1886 936 1923 sui
959 1893 1086 1923 utrum
1107 1898 1181 1935 ego
1202 1884 1396 1922 dimidiam
1417 1884 1527 1935 pretii
1554 1893 1701 1936 partem

234 1947 462 1985 contulerim
486 1960 533 1984 an
562 1947 627 1984 ille
648 1961 748 1984 unus
769 1954 891 1985 totum
911 1947 1150 1998 persolverit,
1182 1954 1273 1997 post
1294 1953 1421 1983 utrum
1441 1946 1537 1984 inter
1555 1959 1626 1985 nos
1647 1961 1703 1986 re-

238 2009 431 2048 conciliati
452 2008 570 2046 simus
592 2022 638 2046 an
660 2009 877 2047 simultates
899 2008 1122 2047 adhucdum
1153 2021 1418 2053 exerceamus,
1448 2007 1540 2046 item
1571 2016 1701 2048 utrum

237 2071 382 2109 invitati
411 2071 626 2108 venerimus
663 2084 711 2108 an
743 2071 905 2122 injussu,
937 2079 1134 2122 postremo
1172 2076 1302 2107 utrum
1338 2069 1401 2107 hic
1433 2070 1532 2120 prior
1563 2083 1702 2110 manus

237 2133 426 2171 violentas
447 2133 617 2171 intulerit
647 2146 695 2170 an
728 2146 802 2183 ego
835 2133 1061 2170 verberandi
1088 2132 1243 2170 fecerim
1274 2131 1435 2168 initium.
1493 2131 1544 2170 Et
1565 2132 1700 2170 horum

238 2208 327 2245 quae
358 2194 577 2232 enumeravi
611 2194 916 2245 unumquodque
948 2194 1142 2244 sigillatim
1172 2201 1210 2231 et
1239 2192 1470 2243 reliquorum
1487 2192 1525 2229 in
1546 2202 1700 2231 contro-

239 2257 398 2294 versiam
432 2256 667 2294 venientium
700 2256 793 2293 nihil
826 2269 904 2293 non
932 2255 1036 2293 facili
1070 2255 1227 2305 negotio
1248 2253 1423 2291 meretrix
1445 2253 1529 2292 haec
1550 2263 1588 2292 et
1607 2255 1701 2294 alios

239 2318 379 2355 docere
399 2324 550 2367 poterat
569 2324 608 2354 et
626 2317 697 2355 hos
718 2318 823 2367 ipsos
845 2325 998 2355 nostros
1019 2316 1274 2355 adversarios

292 2380 330 2415 2.
363 2378 524 2415 Nullum
545 2378 674 2429 itaque
694 2378 756 2416 hic
777 2378 937 2416 subesse
965 2378 1116 2416 facinus
1136 2377 1445 2429 praemeditatum
1477 2378 1701 2429 nullamque

239 2455 261 2479 a
281 2454 339 2478 me
359 2439 503 2478 factam
521 2440 612 2479 huic
639 2440 814 2492 injuriam
846 2441 977 2486 fuisse,
1011 2441 1134 2485 vobis,
1164 2447 1373 2484 senatores,
1409 2453 1432 2477 a
1458 2447 1514 2478 tot
1544 2454 1701 2479 numero

238 2501 559 2552 documentisque
590 2508 707 2552 atque
735 2502 962 2539 testimoniis
998 2503 1133 2552 opinor
1164 2515 1247 2539 esse
1277 2501 1607 2545 demonstratum;
1639 2515 1700 2539 ro-

240 2576 367 2614 goque
386 2576 454 2601 vos
484 2563 723 2614 dignumque
745 2564 852 2601 vobis
874 2576 1030 2609 censeo,
1064 2571 1120 2609 ut,
1154 2571 1343 2614 quantum
1366 2562 1519 2613 pondus
1540 2563 1588 2600 ad
1609 2576 1702 2601 con-

238 2624 446 2663 ciliandam
464 2624 591 2662 verbis
611 2624 816 2662 adversarii
831 2625 946 2662 fidem
965 2624 1142 2662 habitura
1162 2625 1299 2662 fuisset
1315 2637 1400 2661 mea
1419 2631 1700 2663 tormentorum

240 2686 446 2731 recusatio,
470 2687 502 2724 si
522 2686 630 2723 illum
651 2684 878 2724 offerentem
898 2699 971 2737 ego
991 2699 1245 2731 recusassem,
1265 2693 1343 2723 tam
1358 2685 1518 2736 perinde
1529 2687 1699 2724 validum

239 2761 336 2785 mese
363 2749 581 2786 veracitatis
612 2753 882 2799 argumentum
911 2747 1088 2786 habeatis
1108 2748 1197 2793 hoc,
1232 2747 1336 2797 quod
1356 2747 1418 2784 ille
1440 2747 1516 2798 pati
1536 2748 1703 2787 noluerit

239 2821 286 2845 ex
321 2809 420 2846 illius
449 2808 661 2847 meretricis
681 2808 780 2860 pelle
799 2808 973 2845 veritatis
992 2808 1272 2846 confessionem
1294 2808 1484 2859 exprimi;
1516 2816 1597 2846 tum
1631 2821 1699 2847 vos

239 2870 313 2907 hoc
336 2883 445 2921 rogo,
478 2877 533 2917 ut,
564 2870 670 2922 quod
694 2870 757 2908 hie
776 2869 841 2915 ait,
873 2868 1074 2907 mulierem
1094 2869 1250 2906 liberam
1272 2882 1370 2916 esse,
1401 2869 1498 2907 tanti
1518 2869 1558 2907 id
1579 2882 1628 2907 ne
1647 2869 1702 2907 fa-

237 2931 362 2979 ciatis,
392 2939 434 2969 ut
455 2933 503 2971 ab
523 2946 569 2971 eo
589 2931 855 2984 decipiamini:
876 2944 979 2979 nam,
999 2937 1043 2969 ut
1061 2930 1181 2969 libera
1201 2931 1263 2977 sit,
1285 2944 1411 2969 meum
1429 2943 1585 2981 quoque
1605 2943 1698 2969 con·
