1822 3219
746 321 791 372 L
837 321 881 372 Y
928 321 963 373 S
1006 321 1033 373 I
1077 322 1147 374 AE

441 455 827 505 CONTRA
884 458 1453 506 EPICRATEM·

615 582 677 618 ET
708 582 1047 620 LEGATmNIS
1079 582 1274 621 SOCIOS

788 682 1110 724 EPILOGUS.

233 908 235 910 ,
272 876 305 912 1.
337 875 467 914 Sans
497 877 652 928 quidem
676 878 759 928 jam
790 878 826 916 iu
850 879 1064 929 Epicratem
1094 880 1254 930 ejusque
1280 879 1452 930 collegas
1472 879 1681 929 legationi·

214 936 361 979 dictum
381 944 454 982 est,
476 951 498 978 o
520 939 587 977 viri
606 939 878 985 Athenienses,
897 941 945 979 ab
966 940 1278 981 accusatoribus:
1309 953 1440 981 verum
1458 947 1587 981 tamen
1606 952 1679 979 vos

215 997 289 1035 hoc
322 1011 477 1049 quoque
505 1007 691 1050 praeterea
720 1007 874 1051 oportet
900 1001 1105 1047 recordari,
1133 1013 1236 1051 saepe
1257 1014 1415 1039 numero
1441 1013 1509 1038 vos
1535 1012 1584 1039 ex
1615 999 1681 1042 his,

215 1058 385 1106 audisse,
420 1074 507 1098 cum
534 1062 717 1107 dicerent,
747 1062 822 1099 nihi
858 1075 924 1100 vos
951 1054 1216 1100 condemnetis
1244 1075 1325 1107 eos,
1352 1074 1514 1112 quorum
1535 1061 1678 1099 conde-

215 1121 468 1158 mnandorum
486 1122 554 1172 ipsi
570 1124 673 1160 vobis
690 1132 866 1161 auctores
884 1123 1189 1169 fiant‚exhausto
1205 1123 1336 1161 aerario
1351 1123 1503 1161 militari
1515 1122 1676 1160 militem

215 1183 492 1220 mercenarium
512 1184 693 1222 mercede
714 1197 799 1222 esse
826 1184 1047 1222 cariturum.
1105 1185 1236 1235 Atqui,
1259 1185 1414 1222 tametsi
1434 1197 1500 1222 vos
1529 1196 1675 1222 morem

212 1241 257 1279 iis
279 1245 433 1293 geratis,
461 1244 708 1283 nibilominus
732 1253 860 1283 tamen
879 1252 1029 1283 tantum
1051 1247 1161 1284 abest
1189 1252 1230 1283 ut
1256 1245 1425 1296 sumptui
1451 1244 1489 1282 in
1516 1245 1676 1283 militem

213 1305 489 1342 mercenarium
511 1307 689 1344 faciendo
709 1307 882 1358 pecuniae
905 1307 997 1344 satis
1014 1315 1206 1358 suppetat,
1222 1314 1264 1345 ut
1285 1307 1411 1357 potius
1432 1319 1452 1343 e
1472 1306 1676 1356 publicatis

213 1363 423 1403 insontium
441 1367 580 1404 civium
597 1368 706 1404 bonis
723 1368 771 1405 ad
790 1381 855 1405 vos
875 1376 1013 1418 praeter
1027 1369 1156 1406 odium
1173 1375 1211 1405 et
1227 1368 1396 1406 dedecus
1416 1367 1510 1405 nihil
1525 1368 1676 1412 redeat;

210 1426 358 1465 fructus
390 1429 491 1466 enim
525 1429 628 1466 illinc
663 1430 785 1466 omnis
816 1430 864 1466 ad
900 1430 968 1467 hos
1003 1430 1245 1480 instigatores
1275 1429 1438 1467 redibit:
1469 1442 1544 1466 usu
1574 1429 1676 1467 enim

211 1485 442 1534 didicerunt,
462 1489 524 1526 ubi
548 1489 664 1527 semel
685 1489 782 1527 lianc
805 1490 853 1527 de
875 1503 915 1527 se
937 1490 1155 1541 opinionem
1176 1489 1280 1540 vulgi
1308 1490 1445 1527 animis
1465 1490 1674 1534 infixerint,

210 1554 252 1583 ut
272 1548 412 1599 vulgus
443 1551 590 1595 credat,
617 1564 684 1588 vos
711 1551 747 1587 in
775 1551 934 1588 istorum
956 1552 1184 1589 auctoritate
1212 1563 1299 1589 esse
1329 1558 1445 1601 atque
1471 1550 1673 1589 calumniis

210 1620 340 1645 eorum
362 1610 412 1647 ita
429 1612 584 1655 servire,
599 1619 642 1649 ut
662 1625 932 1662 quamcunque
947 1612 982 1649 in
997 1619 1142 1662 partem
1154 1613 1333 1662 jubeant,
1348 1625 1414 1649 vos
1429 1624 1505 1649 non
1520 1611 1673 1663 possitis

212 1682 288 1706 non
322 1671 539 1717 decernere,
567 1673 747 1710 facillimo
781 1687 822 1710 se
857 1674 1010 1724 negotio
1044 1687 1065 1710 a
1100 1673 1313 1710 criminosis
1339 1673 1524 1722 pecunias
1559 1685 1674 1723 posse

209 1730 407 1780 colligere.
466 1733 584 1783 Atqui
607 1747 723 1784 quarn
745 1741 895 1783 oportet
914 1747 982 1771 vos
1009 1734 1151 1771 habere
1180 1747 1288 1784 spem
1310 1734 1461 1778 salutis,
1485 1734 1515 1771 si
1542 1734 1675 1772 discri-

210 1803 299 1829 men
320 1800 386 1830 aut
407 1793 542 1831 salutis
564 1803 631 1832 aut
652 1795 829 1832 interitus
850 1796 963 1832 vestri
992 1795 1083 1832 solis
1102 1802 1270 1832 certetur
1296 1795 1332 1831 in
1359 1794 1532 1845 pecuniis
1553 1796 1674 1846 [unde

210 1853 318 1891 miles
338 1857 598 1894 mercenarius
619 1857 775 1905 alatur-L
804 1871 947 1907 easque
977 1857 1164 1908 pecunias
1188 1870 1319 1894 eorum
1349 1857 1433 1894 fidei
1463 1864 1577 1907 atque
1607 1871 1673 1895 cu-

211 1915 348 1952 stodiae
368 1916 398 1953 si
418 1917 672 1963 credideritis,
689 1918 767 1967 qui,
783 1918 1032 1968 cupiditatem
1050 1919 1178 1955 furum
1199 1919 1401 1955 observare
1422 1924 1536 1967 atque
1552 1920 1673 1968 poenis

211 1988 388 2015 coercere
408 1990 430 2014 a
445 1979 552 2016 vobis
567 1979 681 2029 jussi,
702 1980 877 2017 furantur
905 1979 989 2030 ipsi,
1011 1979 1331 2030 majestatemque
1352 1986 1516 2016 vestram
1548 1992 1676 2029 poena-

208 2051 371 2090 rumque
400 2040 644 2078 severitatem
672 2041 936 2091 largitionibus
963 2041 1254 2078 nundinantur?
1313 2040 1452 2091 Neque
1477 2053 1581 2078 nunc
1600 2042 1676 2091 pri—

213 2112 315 2137 mum
350 2100 423 2138 hoc
453 2102 491 2138 in
527 2115 666 2152 genere
692 2103 782 2139 furti
814 2103 1040 2153 deprehensi
1069 2110 1172 2148 sunt,
1199 2103 1268 2141 sed
1293 2103 1373 2153 jam
1406 2103 1551 2140 dudum
1584 2112 1673 2142 ante

211 2173 479 2211 saepenumero
505 2175 642 2200 causas
663 2171 910 2213 acceptorum
940 2177 1138 2201 munerum
1160 2177 1225 2214 pro
1253 2177 1292 2202 se
1314 2164 1498 2202 dicendas
1526 2165 1671 2202 habue-

210 2228 311 2259 runt.
380 2224 430 2261 Et
455 2230 513 2261 est
541 2225 714 2274 profecto
741 2225 789 2261 de
816 2225 921 2262 vobis
953 2224 1058 2274 quod
1086 2237 1238 2274 querar,
1265 2225 1341 2274 qui,
1370 2225 1545 2274 quamvis
1570 2225 1673 2275 jure-

203 2282 371 2333 jurando
391 2285 505 2322 fidem
528 2292 645 2335 atque
669 2286 892 2336 religionem
914 2286 1165 2336 vestramjuri
1183 2299 1296 2335 aequo
1311 2287 1488 2324 omnibus
1505 2287 1671 2325 dicendo

209 2344 502 2391 obstrinxeritis,
522 2354 665 2391 tamen,
683 2347 719 2384 in
740 2360 870 2385 causae
891 2348 1066 2397 ejusdem
1090 2355 1295 2398 reatusque
1312 2349 1496 2398 paritate,

209 2406 364 2456 quidem
385 2408 748 2454 condemnaveritis,
771 2409 874 2446 hunc
896 2409 1115 2459 Epicratem
1143 2422 1233 2446 vero
1263 2409 1518 2455 absolveritis,
1545 2422 1668 2459 quan-

208 2480 324 2517 quam
355 2481 440 2505 eum
468 2482 544 2505 non
568 2470 812 2507 solummodo
837 2470 950 2507 homo
971 2470 1071 2507 idern
1093 2476 1291 2507 accusaret
1318 2470 1383 2507 sed
1416 2470 1530 2507 etiam
1551 2476 1669 2507 testes

208 2528 335 2567 idonei
365 2530 401 2566 in
422 2543 509 2567 eum
535 2538 824 2580 consurgerent,
844 2531 908 2580 qui
942 2543 1016 2567 non
1036 2544 1122 2580 quae
1147 2530 1267 2568 fando
1287 2530 1530 2568 inaudissent
1550 2543 1596 2567 ea
1614 2543 1670 2568 re-

207 2590 363 2636 ferrent,
395 2591 465 2628 sed
485 2603 572 2641 quae
597 2591 670 2640 ipsi
697 2591 906 2641 gessissent
931 2599 1046 2641 atque
1074 2591 1419 2635 administrassent,
1448 2591 1667 2628 testimonio

209 2664 280 2690 suo
306 2653 588 2695 confirmarent,
615 2652 755 2702 quippe
775 2653 839 2701 qui
869 2665 890 2690 a
918 2653 1202 2703 corruptoribus
1231 2665 1301 2703 pro
1330 2651 1600 2701 interpretibus
1628 2660 1668 2690 et

207 2713 516 2751 conciliatoribus
536 2713 582 2751 ad
606 2713 824 2763 Epicratem
841 2712 996 2762 allegati
1019 2713 1190 2756 fuissent,
1205 2725 1289 2750 cum
1310 2711 1384 2749 hoc
1404 2711 1452 2748 de
1466 2711 1666 2762 largitione

207 2773 456 2820 decidissent,
476 2775 659 2825 pecunias
690 2774 724 2811 ei
756 2781 1035 2811 numerassent.
1092 2773 1209 2823 Atqui
1242 2772 1364 2810 nostis
1395 2785 1543 2817 omneS,
1577 2786 1666 2823 quae

207 2837 283 2874 sint
309 2838 486 2888 exempla
507 2845 645 2875 vestrae
675 2836 901 2881 severitatis,
921 2836 1058 2885 quibus
1085 2835 1220 2884 reliqui
1249 2835 1436 2872 absterriti
1464 2834 1623 2872 discunt
1643 2847 1666 2872 a

207 2897 414 2948 cupiditate
431 2906 544 2948 atque
561 2897 740 2948 peculatu
757 2897 826 2934 sibi
843 2903 1075 2947 temperare:
1107 2908 1183 2933 non
1196 2903 1278 2934 tum
1295 2895 1461 2933 statuitis
1476 2895 1665 2946 ejusmodi

208 2958 403 3010 exempla,
422 2971 506 2996 cum
525 2959 731 2996 indisertos
753 2970 1034 3007 causarumque
1054 2956 1263 2995 forensium
1284 2956 1478 3008 imperitos
1499 2956 1662 3007 punitis;
