1822 3219
618 132 842 171 CONTRA
871 129 1181 169 PHILONEM.
1551 133 1627 170 355

174 232 331 270 cissima
357 238 395 270 et
423 245 521 284 resp.
543 233 626 284 ipsa
652 233 711 271 sui
739 232 938 284 praemium
958 232 995 269 in
1016 231 1143 269 medio
1162 232 1311 282 jaceret
1335 233 1477 282 raptori
1496 232 1633 283 cuique

173 294 354 339 obnoxia,
373 294 585 344 nequejam
607 294 655 331 de
676 293 864 330 honorum
885 293 1070 342 petitione
1090 291 1156 329 sed
1177 292 1261 341 ipsa
1282 291 1327 328 de
1349 293 1522 330 libertate
1543 307 1632 343 age-

173 363 291 401 retur,
304 362 383 392 tum
403 354 442 391 hi
465 355 668 401 Philonem
689 368 764 392 non
784 360 982 404 rogarunt,
999 360 1041 390 ut
1061 352 1174 390 vellet
1189 353 1371 402 vobisque
1387 360 1424 390 et
1444 354 1632 391 universae

172 415 264 466 reip.
291 426 523 460 succurrere,
551 414 793 464 patriamque
819 420 862 451 ut
891 414 1012 451 nollet
1036 425 1081 450 eo
1107 425 1193 450 curn
1224 420 1359 449 senatu
1390 413 1566 463 prodere,
1593 414 1630 450 in

172 487 250 525 quo
283 474 444 512 sedendi
470 475 535 525 jus
569 482 607 511 et
638 475 860 512 facultatem
891 487 993 511 nunc
1024 473 1156 516 ambit,
1182 485 1401 522 quanquam
1433 474 1566 510 titulus
1595 474 1629 510 ei

173 534 300 572 nullus
316 540 376 571 est
393 534 498 571 hunc
516 534 700 572 honorem
721 533 876 584 petendi
894 547 1018 583 neque
1031 536 1092 581 jus
1108 533 1271 569 fructum
1291 532 1373 569 aliis
1388 533 1630 583 praeripiendi

170 607 332 645 quorum
353 594 494 632 sudore
513 602 646 645 partus
666 601 739 632 est.
797 594 915 631 Solus
937 594 1108 630 omnium
1129 606 1204 630 non
1224 594 1381 630 habebit
1401 594 1505 643 quod
1526 607 1629 643 aegre

172 655 282 698 ferat,
306 654 498 705 repulsam
528 668 550 692 a
576 655 697 699 vobis,
727 661 940 697 senatores,
970 653 1180 690 aufferens:
1213 666 1289 690 non
1319 652 1417 691 enim
1447 666 1515 690 vos
1540 666 1627 690 eum

172 728 274 752 nunc
294 715 604 764 aspernabimini,
624 715 691 751 sed
713 715 794 765 ipse
815 715 893 752 suis
920 724 1041 752 semet
1068 716 1244 752 manibus
1273 715 1347 752 hoc
1376 715 1520 752 honore
1546 722 1627 752 tum

171 775 362 825 spoliavit,
382 787 468 812 cum
503 788 586 812 sese
614 775 772 825 dignum
797 788 873 813 non
895 775 1082 825 judicavit
1107 774 1174 825 'pro
1202 788 1249 813 eo
1276 782 1425 827 senato,
1448 776 1558 825 cujus
1579 775 1628 812 ad

169 835 402 873 sortitionem
417 848 520 873 nunc
535 843 614 872 tam
630 836 800 873 studiose
815 836 931 879 venit,
946 835 983 872 in
998 835 1079 872 acie
1093 836 1291 872 vobiscum
1307 843 1414 872 stans
1431 835 1624 872 dimicare.

169 915 173 924 -·
228 898 288 934 ll.
321 897 422 934 Satis
442 897 526 934 haec
545 897 635 933 mihi
657 897 762 934 dieta
780 896 942 934 arbitror
956 909 1054 940 esse,
1071 908 1289 945 quanquam
1309 895 1428 931 multa
1449 895 1626 944 praeterii,

169 957 381 1004 confidens,
400 970 481 1003 vos,
507 957 655 995 etiamsi
685 958 769 995 haec
798 956 1125 1007 praetermiserim;
1170 962 1296 993 tamen
1328 963 1466 1006 sponte
1495 962 1624 993 vestra

169 1021 399 1058 sententiam
414 1034 567 1071 aequam
587 1022 720 1070 reique
741 1021 903 1070 publicae
919 1019 1123 1057 salutarem
1140 1032 1225 1057 esse
1239 1019 1400 1057 laturos.
1458 1019 1559 1056 Nam
1574 1019 1624 1057 ad

169 1080 492 1130 dignoscendum,
513 1081 668 1132 quinam
702 1081 750 1118 ad
781 1080 950 1118 ordinem
980 1079 1257 1130 amplissimum
1287 1080 1514 1117 admittendi
1533 1080 1622 1125 sint,

168 1153 245 1179 non
274 1141 428 1180 aliunde
448 1143 555 1180 vobis
574 1149 664 1179 sunt
681 1154 797 1192 quam
817 1155 838 1179 e
858 1140 1095 1179 conscientia
1114 1149 1242 1178 vestra
1260 1139 1495 1178 documenta
1513 1154 1623 1191 repe-

166 1202 302 1240 tenda:
334 1203 599 1248 recordamini,
616 1203 751 1252 quales
770 1216 838 1240 vos
866 1215 958 1252 erga
981 1214 1100 1252 remp.
1117 1214 1207 1239 curn
1225 1201 1374 1245 essetis,
1395 1214 1482 1239 eum
1502 1201 1540 1238 in
1561 1213 1620 1239 or-

167 1263 296 1301 dinem
315 1264 486 1314 cooptari
514 1264 720 1301 meruistis.
777 1264 902 1311 Hujus
922 1262 1075 1313 quidem
1099 1262 1270 1299 Philonis
1292 1262 1421 1299 studia
1445 1261 1621 1312 exempla

168 1332 259 1361 sunt
277 1324 440 1363 incivilia
459 1330 498 1363 et
518 1325 565 1362 ab
584 1324 685 1363 omni
703 1324 898 1376 popularis
918 1322 1208 1375 gubernationis
1227 1322 1350 1360 forma
1366 1321 1620 1360 abhorrentia.
