1822 3219
714 120 1000 160 FUNEBRIS.
1510 117 1581 154 167

132 234 172 266 et
195 227 279 266 illos
311 226 594 278 quodammodo
622 225 789 264 solemur
818 231 856 263 et
881 224 942 262 hic
973 223 1194 274 compositis
1230 236 1360 274 parem
1391 229 1588 274 utcunque

133 289 296 340 gratiam
317 289 539 333 referamus,
560 289 591 326 si
612 300 751 338 nempe
770 292 1026 338 parentesque
1046 298 1177 323 eorum
1196 298 1275 323 non
1294 286 1449 324 minoris
1469 286 1588 324 facia-

134 364 219 388 mus
247 360 363 402 atque
391 350 446 388 illi
469 349 687 387 adhucdum
715 348 940 399 superstites
972 360 1036 385 eos
1064 347 1188 385 facere
1211 346 1471 392 insueverant,
1501 347 1591 385 libe-

135 426 274 462 rosque
293 413 373 464 pari
403 411 564 448 caritate
594 409 895 460 complectamur
924 415 1039 458 atque
1068 408 1098 446 si
1122 408 1275 458 ipsimet
1301 421 1367 444 eos
1395 408 1589 458 suscepis-

138 487 279 518 semus,
312 472 494 510 uxoribus
520 471 683 521 denique
714 470 878 507 viduatis
901 470 932 507 si
953 482 1021 507 nos
1042 468 1146 506 haud
1165 469 1291 506 minus
1313 468 1470 506 sedulos
1492 482 1590 519 prae-

137 543 282 572 stemus
313 540 457 571 tutores
488 539 603 582 atque
636 532 688 569 illi
719 531 808 569 olim
840 531 959 568 fuere.
1017 531 1216 574 Quosnam
1249 529 1349 568 enim
1383 530 1589 580 majoribus

138 596 272 633 merito
291 606 566 644 prosequamur
585 591 810 637 bonoribus,
833 605 946 642 quam
963 592 1025 629 hic
1045 593 1140 629 sitos
1156 591 1172 628 ’ἒ
1202 598 1240 629 et
1259 605 1305 629 ex
1321 591 1589 642 superstitibus

138 669 327 708 quosnam
346 655 493 706 majori,
515 667 631 704 quam
651 655 787 691 horum
809 653 1064 699 necessarios,
1084 653 1243 691 caritate
1263 652 1592 704 complectamur?

137 718 202 768 qui
232 729 317 755 cum
345 729 392 753 ex
423 716 561 754 virtute
595 729 764 761 suorum,
793 728 890 765 quos
920 728 1024 753 nunc
1053 715 1200 766 lugent,
1233 714 1337 760 olim,
1365 714 1438 752 illis
1464 714 1593 752 adhuc

138 777 420 829 superstitibus,
468 790 546 815 non
587 776 807 828 ampliorem
853 783 965 826 atque
1006 776 1069 814 alii
1115 776 1281 813 fructum
1324 775 1592 826 perceperint;

137 852 255 885 nunc,
301 838 463 876 sublatis
507 838 595 883 illis,
640 837 726 883 soli,
775 837 806 875 si
848 850 982 875 verum
1026 837 1218 883 volumus,
1262 836 1460 875 infortunii
1493 850 1592 875 onus

137 900 348 952 perferunt.

196 962 258 999 16.
288 962 432 1000 Verum
459 961 559 999 enim
595 974 696 1006 vero,
727 974 803 999 non
838 959 965 1004 video,
992 972 1070 1010 quo
1103 958 1287 1010 expediat
1311 959 1348 996 in
1370 957 1595 1010 hujusmodi

137 1022 434 1062 lamentationes
464 1022 624 1060 effundi.
682 1023 769 1059 Non
792 1023 891 1059 enim
913 1034 983 1059 nos
1010 1020 1144 1071 utique
1162 1020 1350 1071 fugiebat,
1369 1033 1440 1058 nos
1461 1033 1596 1059 omnes

139 1084 217 1135 legi
246 1091 395 1122 naturae
424 1093 536 1122 natos
569 1097 653 1122 esse
684 1084 883 1129 obnoxios,
912 1083 974 1121 cui
1001 1082 1120 1120 semel
1148 1081 1362 1133 parendum
1383 1088 1500 1133 atque
1518 1096 1598 1121 mo-

139 1147 315 1185 riendum
345 1155 430 1185 est:
460 1147 549 1198 quid
577 1160 675 1198 opus
703 1157 796 1197 ergo
826 1154 899 1190 est,
930 1159 1017 1196 quae
1037 1145 1119 1183 fata
1137 1144 1285 1182 dudum
1305 1145 1598 1195 exspectatione

140 1209 472 1260 praecipiebamus,
505 1222 622 1259 super
651 1208 696 1246 iis
723 1207 839 1259 angi?
868 1214 935 1244 aut
960 1214 1037 1244 tam
1064 1206 1306 1257 impatienter
1332 1205 1430 1244 ferre
1448 1206 1551 1244 mala
1575 1219 1599 1245 a

140 1276 279 1306 natura
296 1268 495 1320 imperata,
523 1270 586 1320 qui
608 1269 774 1307 sciamus
797 1275 954 1306 mortem
975 1267 1266 1318 ignavissimum
1288 1274 1405 1319 atque
1424 1267 1599 1306 infimum

142 1343 336 1381 quemque
357 1331 514 1382 perinde
534 1344 688 1369 manere
709 1337 824 1381 atque
845 1330 1092 1367 fortissimum
1106 1336 1143 1367 et
1163 1328 1471 1367 nobilissimum?
1492 1329 1600 1368 Mors

140 1393 241 1430 enim
260 1406 340 1431 non
359 1394 483 1445 magis
503 1394 748 1444 praetervidet
767 1393 953 1437 imbelles,
973 1404 1087 1442 quam
1109 1397 1286 1429 strenuos
1307 1397 1514 1438 reveretur,
1531 1391 1601 1430 sed

140 1466 291 1504 aequam
314 1467 354 1492 se
375 1467 692 1504 communemque
711 1455 859 1505 praebet
878 1453 1071 1491 omnibus.
1130 1452 1275 1490 Datum
1296 1452 1327 1490 si
1348 1452 1460 1498 foret,
1493 1452 1600 1491 devi-

141 1515 232 1552 tatis
264 1515 452 1558 bellorum
483 1515 664 1561 fortuitis,
697 1515 811 1552 vitam
841 1515 894 1552 sic
921 1513 1076 1551 tandem
1105 1513 1359 1551 immortalem
1379 1526 1505 1564 agere,
1537 1514 1603 1552 de-

139 1582 247 1614 ceret
265 1576 397 1627 utique
420 1576 663 1626 superstites,
683 1576 810 1613 donec
830 1575 866 1611 in
887 1574 980 1614 vivis
1002 1581 1267 1625 superessent,
1286 1587 1413 1612 caesos
1434 1575 1471 1612 in
1489 1575 1601 1614 bellis

140 1644 328 1689 perpetuo
351 1638 515 1676 deflere:
540 1638 621 1689 jam
644 1650 732 1675 vero
753 1643 792 1674 et
822 1637 992 1674 humana
1021 1642 1160 1673 natura
1178 1635 1396 1685 morbisque
1416 1636 1603 1688 senioque

142 1707 202 1737 est
217 1700 386 1737 obnoxia.
405 1712 616 1750 eorumque
636 1699 759 1750 plagis
781 1698 1008 1743 succumbit,
1027 1704 1065 1735 et
1078 1709 1162 1735 sors
1174 1704 1398 1735 nascentem
1411 1710 1603 1750 quemque

145 1761 281 1798 sortita
316 1761 366 1798 ad
398 1774 535 1811 preces
573 1760 690 1798 surda
727 1767 786 1798 est
822 1759 1003 1810 flectique
1037 1764 1205 1796 recusat.
1264 1758 1509 1810 Quapropter
1535 1772 1602 1799 eos

145 1828 296 1872 oportet
329 1821 468 1860 ducere
498 1821 757 1867 beatissimos,
790 1821 822 1858 si
855 1821 920 1872 qui
952 1819 1133 1871 periculis
1166 1819 1424 1870 defungentes
1459 1821 1508 1858 ob
1541 1833 1603 1859 res

143 1883 390 1933 gravissimas
436 1883 674 1934 easdemque
717 1882 1021 1926 honestissimas,
1060 1881 1116 1920 sic
1154 1881 1312 1919 tandem
1358 1881 1475 1919 vitam
1513 1895 1603 1921 cum

143 1951 268 1982 morte
293 1945 578 1991 commutarint,
608 1945 762 1982 arbitrio
790 1944 848 1982 sui
878 1956 952 1981 non
974 1944 1129 1981 incertae
1158 1943 1313 1981 cuidam
1335 1943 1497 1981 fortunae
1516 1957 1605 1995 per-

143 2007 276 2053 misso,
292 2020 416 2057 neque
444 2014 673 2058 exspectato
692 2007 825 2044 mortis
846 2018 985 2057 genere
1006 2012 1143 2056 sponte
1163 2017 1235 2042 sua.
1265 2005 1508 2051 obveniente,
1533 2005 1606 2043 sed

145 2081 233 2106 cum
254 2069 409 2107 delectu
430 2069 580 2119 generis
599 2067 838 2106 nobilissimi.
897 2067 994 2104 Sunt
1013 2067 1128 2117 igitur
1146 2079 1277 2104 eorum
1297 2067 1489 2104 memoriae
1509 2066 1607 2105 senii

144 2138 334 2181 expertes,
364 2130 604 2181 honoresque
638 2130 712 2168 illis
744 2128 913 2167 habendi
946 2129 1116 2166 omnium
1135 2127 1335 2165 hominum
1358 2134 1605 2167 commovent

144 2193 435 2231 admirationem
470 2200 584 2243 atque
618 2191 929 2229 aemulationem:
959 2203 1047 2228 cum
1074 2189 1176 2227 enim
1210 2190 1259 2228 ob
1282 2195 1461 2227 naturam
1486 2203 1604 2241 quam

146 2254 269 2292 sortiti
304 2261 394 2292 sunt
420 2254 620 2292 mortalem
641 2254 835 2305 lugentur,
869 2260 949 2291 tum
971 2253 1020 2290 ob
1050 2252 1231 2289 virtutem
1249 2264 1326 2302 qua
1346 2251 1604 2302 exsplendue-

144 2323 233 2352 runt
257 2329 326 2366 pro
346 2316 621 2354 immortalibus
641 2316 894 2353 celebrantur.
952 2313 1107 2351 Etenim
1125 2312 1334 2351 efferuntur
1352 2313 1519 2363 publice,
1546 2313 1606 2350 lu-

145 2378 260 2429 dique
281 2391 396 2430 super
416 2378 461 2416 iis
482 2378 660 2424 eduntur,
681 2378 869 2415 habentes
888 2377 1015 2414 locum
1036 2382 1075 2413 et
1102 2375 1229 2414 robori
1255 2375 1424 2426 corporis
1447 2374 1605 2413 demon-

146 2440 304 2478 strando
331 2447 370 2477 et
399 2440 542 2490 ingenii
563 2439 730 2477 solertiae
751 2437 989 2489 proferendae
1009 2445 1048 2475 et
1066 2436 1274 2488 opulentiae
1301 2435 1604 2487 expromendae:

147 2500 186 2537 id
215 2501 319 2551 quod
339 2501 558 2539 testimonio
578 2507 650 2545 est,
684 2501 714 2538 si
733 2500 797 2551 qui
818 2501 855 2538 in
874 2499 985 2537 bellis
1004 2511 1074 2550 pro
1094 2498 1219 2550 patria
1237 2498 1460 2536 dimicantes
1487 2510 1604 2535 occu-

148 2561 419 2610 buissent„eos
440 2563 580 2614 dignos
601 2562 731 2600 haberi
749 2561 956 2600 honoribus
969 2561 1117 2607 iisdem,
1131 2561 1195 2611 qui
1207 2559 1427 2597 numinibus
1444 2558 1604 2596 deorum

152 2620 417 2662 immortalium
436 2624 648 2662 consecrati
681 2631 785 2662 sunt.
841 2625 1084 2674 Quamquam
1108 2622 1226 2672 igitur
1243 2633 1310 2658 eos
1330 2632 1403 2670 ego
1423 2620 1603 2671 equidem

151 2682 238 2720 vitae
254 2686 410 2734 perinde
428 2686 638 2736 mortisque
664 2686 800 2724 beatos
819 2685 989 2737 praedico
1008 2683 1265 2732 admirorque,
1286 2681 1509 2720 existimans
1527 2682 1602 2719 illis

152 2743 243 2781 solis
276 2747 382 2783 nasci
409 2747 612 2797 expetisse,
643 2747 675 2785 si
705 2747 769 2798 qui
798 2748 940 2785 virtute
958 2745 1034 2784 hoc
1065 2745 1141 2783 sint
1166 2743 1378 2789 consecuti,
1403 2750 1444 2781 ut
1463 2756 1601 2794 corpus

151 2806 312 2842 mortale
344 2809 465 2845 sortiti
497 2809 535 2846 in
568 2810 672 2848 fama
707 2809 835 2847 vivant
866 2806 1095 2846 immortali:
1135 2818 1298 2843 necesse
1332 2811 1460 2843 tamen
1490 2806 1603 2844 video

152 2868 261 2905 nobis
292 2881 390 2914 esse,
419 2875 476 2914 ut,
506 2883 649 2908 morem
678 2872 835 2923 antiquo
863 2871 948 2907 ritui
971 2873 1147 2918 gerentes
1167 2867 1374 2919 patriisque
1404 2867 1602 2914 institutis,

147 2928 209 2966 liic
227 2929 460 2980 compositos
479 2931 815 2970 lamentationibus
836 2942 1128 2981 prosequamur.
