1822 3219
433 119 661 157 CONTRA
693 116 1159 156 ERATOSTHENEM.
1457 118 1527 153 221

61 238 148 263 nam
171 224 328 262 domum
350 223 512 274 alicujus
540 222 742 272 ablegatos
772 221 862 257 illuc
885 230 959 256 non
988 220 1040 257 ire
1060 227 1127 256 aut
1151 220 1300 257 infitiari
1323 234 1344 257 a
1365 233 1406 258 se
1429 220 1532 257 domi

64 294 240 338 repertos¹
257 299 323 323 eos
345 299 432 323 esse
451 285 515 334 qui
536 285 710 328 fuissent,
730 281 894 332 capitale
915 281 1118 318 discrimen
1137 288 1286 330 poterat
1301 282 1530 319 audentibus

65 349 332 387 consciscere:
363 346 467 396 quod
489 345 519 382 si
539 358 630 395 ergo
651 345 708 381 his
733 345 831 381 intra
852 344 1001 380 veniam
1035 343 1286 392 peccantibus
1309 357 1376 380 vos
1398 344 1534 381 nihilo-

67 410 192 447 minus
213 418 342 447 tamen
366 409 453 458 jure
480 407 614 443 merito
638 405 938 449 succensebatis‚
962 411 1108 456 quanto
1131 404 1260 454 majori
1277 405 1364 454 jure
1386 406 1533 442 veniam

68 470 307 519 denegabitis
324 468 468 511 alteris,
488 467 788 504 inexcusabilius
808 480 853 504 eo
875 467 1141 517 peccantibus,
1156 466 1261 516 quod
1278 466 1451 503 homines
1469 481 1536 517 pu-

71 534 173 571 blica
204 531 251 568 de
284 531 344 567 via
369 531 551 578 abreptos
585 529 620 565 in
650 541 841 565 carcerem
864 528 1113 564 abducerent.
1172 527 1277 570 Quid
1304 528 1540 577 impediebat

71 591 598 640 Eratosthenem,quominus
617 590 768 627 senatui
789 590 1011 627 renuntians
1039 589 1292 626 Polemarcho
1316 603 1355 626 se
1378 599 1537 640 negaret

69 653 308 693 occurrisse?
337 661 417 699 aut,
445 654 476 690 si
507 653 627 690 tuti-us
655 643 861 702 judicaret,
889 653 941 689 ita
973 665 1012 688 se
1048 651 1285 695 renunciare,
1326 654 1538 690 occurrisse

61 715 223 766 quidem
245 715 313 752 sibi
334 714 628 752 Polemarchum
652 715 688 750 in
710 715 784 758 via,
799 727 839 751 se
861 727 951 750 vero
972 712 1169 750 hominem
1188 713 1292 750 haud
1308 715 1539 758 noscitasse‚

66 776 181 827 ¹cujus
216 790 260 814 os
287 783 326 814 et
355 776 507 813 vultum
542 777 664 812 minus
696 775 857 812 haberet
890 775 1171 811 consuetudine
1199 775 1422 824 cognitum;
1454 778 1541 826 quis

69 851 158 875 eum
176 838 365 889 potuisset
384 838 467 875 haec
489 837 777 875 assimulantem
796 836 985 875 mendacii
1005 837 1241 886 coarguere?
1271 838 1541 874 excusationes

70 899 291 948 hujusmodi
311 913 438 949 neque
461 899 685 936 scrutinium
705 912 828 948 neque
850 898 1129 935 convictionem
1152 898 1373 943 admittunt,
1393 899 1542 936 etiamsi

69 967 108 998 te
138 961 278 998 inimici
310 962 365 998 tui
387 961 444 998 vel
467 961 633 998 maxime
666 961 893 998 convincere
920 958 1172 998 contendant.
1230 960 1426 1005 Debebas‚
1449 961 1543 998 Era-

69 1022 290 1067 thosthene,
306 1022 336 1059 si
351 1021 465 1059 homo
485 1022 587 1071 frugi
608 1035 693 1059 eras
715 1035 826 1073 quem
845 1029 882 1059 te
900 1021 990 1066 fers,
1006 1021 1126 1058 multo
1147 1021 1270 1071 magis
1291 1022 1440 1072 injustae
1459 1023 1542 1060 neci

76 1083 289 1121 destinatos
313 1083 360 1120 de
381 1084 605 1121 imminente
625 1084 795 1134 periculo
815 1083 1023 1120 a'dmonere
1038 1096 1113 1132 quo
1129 1083 1166 1119 id
1184 1083 1350 1120 devitare
1372 1092 1547 1135 possent,

69 1159 183 1196 quam
201 1147 398 1185 sceleratis
417 1147 521 1184 cives
536 1147 711 1184 insontes
729 1160 795 1197 per
809 1146 917 1184 nefas
933 1147 981 1183 de
999 1147 1129 1183 medio
1147 1147 1370 1184 tollentibus
1387 1161 1544 1197 operam

71 1222 223 1247 navare.
281 1209 342 1245 Tu
364 1222 453 1246 vero
488 1210 540 1246 ita
574 1216 610 1245 te
641 1209 677 1245 in
711 1209 834 1246 oculis
867 1209 1037 1245 omnium
1070 1209 1238 1258 gessisti,
1274 1216 1314 1246 ut
1348 1210 1449 1246 facta
1480 1218 1547 1247 tna

72 1269 294 1319 planissime
311 1270 491 1313 doceant,
509 1271 624 1306 rebus
640 1278 719 1306 tum
743 1269 861 1319 gestis
883 1277 918 1307 te
939 1282 1013 1306 non
1036 1270 1152 1307 modo
1170 1283 1245 1306 non
1262 1270 1549 1316 contristatum,

71 1331 141 1369 sed
169 1332 285 1369 etiam
315 1332 550 1369 delectatum
580 1332 724 1369 fuisse:
756 1339 990 1383 quapropter
1011 1331 1131 1369 hosce
1159 1332 1311 1381 judices
1340 1333 1454 1371 decet
1487 1347 1547 1370 se-

71 1392 241 1429 cundum
274 1392 463 1429 factorum
490 1405 650 1442 quorum
674 1393 739 1430 tibi
761 1393 905 1430 conscii
930 1401 1020 1430 sunt
1042 1394 1241 1430 veritatem
1275 1394 1411 1444 magis,
1429 1408 1542 1444 quain

72 1453 287 1490 seeundum
309 1453 625 1502 praedicationum
647 1460 799 1490 tuarum
827 1454 1044 1503 praestigias
1066 1454 1297 1492 sententiam
1333 1456 1437 1501 dare,
1466 1463 1505 1494 et
1527 1469 1546 1494 e

73 1516 188 1552 rebus
210 1515 341 1564 gestis,
362 1527 458 1564 quas
480 1528 502 1551 a
522 1515 628 1551 vobis
657 1515 847 1564 profectas
877 1523 1032 1563 norunt,
1055 1529 1248 1553 sermones
1280 1524 1358 1554 tum
1392 1518 1430 1554 in
1463 1518 1545 1555 col-

75 1577 176 1627 legio
196 1584 325 1614 vestro
347 1576 511 1625 agitatos
533 1575 729 1624 colligere,
750 1576 1067 1626 quandoquidem
1104 1578 1238 1614 horum
1271 1579 1405 1616 sistere
1426 1586 1547 1617 testes

76 1646 259 1689 negatum
280 1646 353 1676 est.
413 1637 534 1674 Nobis
555 1637 656 1674 enim
678 1650 755 1674 non
777 1638 892 1674 modo
915 1647 1165 1688 tyrannorum
1181 1639 1345 1677 coetibus
1362 1640 1548 1678 interesse

78 1713 157 1736 non
171 1699 406 1743 licebat,sed
424 1713 470 1736 ne
487 1699 590 1736 domi
607 1699 762 1749 quidem
776 1708 921 1737 nostrae
932 1713 1017 1737 esse
1034 1713 1042 1737 :
1061 1709 1294 1752 quapropter
1309 1716 1428 1752 penes
1444 1703 1549 1753 ipsos

79 1766 152 1803 est,
171 1773 257 1797 cum
278 1760 384 1797 nulla
404 1773 479 1797 non
510 1769 617 1810 peste
639 1773 717 1797 rem
739 1768 910 1799 nostram
932 1762 1159 1799 minuissent
1179 1770 1297 1814 atque
1317 1765 1548 1803 labefactas-

80 1828 179 1865 sent,
202 1828 344 1865 tamen,
366 1821 625 1872 quodcunque
651 1822 766 1859 modo
788 1822 993 1866 voluerint,
1019 1838 1142 1873 genus
1173 1836 1485 1864 ornamentorum
1512 1836 1550 1866 et

80 1883 179 1919 bene
196 1882 243 1919 de
259 1895 336 1932 rep.
355 1883 571 1920 meritorum
589 1883 637 1920 de
655 1896 694 1920 se
711 1884 937 1934 praedicare.
984 1885 1068 1936 Ego
1085 1899 1172 1923 vero
1189 1887 1292 1924 haud
1309 1891 1549 1939 repugnabo,

82 1943 296 1981 concedam
317 1944 418 1980 enim
441 1957 542 1988 vero,
562 1945 666 1994 quod
688 1946 758 1989 ais,
780 1953 817 1982 te
846 1946 1006 1984 inimicis
1034 1949 1174 1984 nostris
1204 1949 1423 1987 oblocuturn
1447 1964 1544 1988 esse.

82 2005 202 2042 Miror
218 2006 570 2055 tamen,qu0dnam
587 2015 626 2043 tu
645 2007 754 2044 nobis
776 2008 960 2057 grandius
976 2009 1117 2046 malum
1134 2009 1274 2047 fuisses
1294 2011 1455 2049 daturus
1472 2013 1551 2049 suf-

80 2065 268 2116 fragando
281 2068 465 2118 tyrannis,
477 2068 555 2118 qui,
568 2081 652 2105 cum
665 2069 911 2119 refragareris
922 2076 1031 2119 tyran
1039 2070 1409 2113 nis‚Polemarchum
1425 2080 1550 2111 tamen

80 2128 280 2167 occideris.
331 2129 464 2179 Agite,
490 2129 658 2180 judices,
685 2131 915 2181 respondete
944 2131 992 2169 ad
1020 2132 1072 2177 id,
1092 2133 1197 2181 quod
1218 2146 1284 2170 vos
1316 2135 1551 2186 interrogare

75 2189 199 2240 juvat.
230 2189 333 2232 Quid
349 2191 530 2241 ageretis,
544 2191 575 2228 si
593 2192 730 2229 fratres
745 2192 897 2230 liberive
915 2193 1181 2231 Eratosthenis
1198 2196 1355 2233 essetis?
1386 2211 1475 2234 num
1491 2199 1557 2236 ab-

81 2250 304 2288 solveretis?
326 2251 444 2288 Nullo
466 2252 601 2289 modo:
624 2253 727 2297 haud
745 2254 915 2304 possitis,
930 2255 1083 2292 ‚etiamsi
1099 2256 1238 2293 velitis.
1271 2257 1436 2308 Oportet
1450 2261 1549 2297 enim

82 2312 378 2350 Eratosthenem
399 2313 621 2351 alterutrum
642 2315 779 2352 horum
807 2315 961 2360 docere,
992 2325 1058 2354 aut
1081 2330 1103 2354 a
1136 2332 1176 2356 se
1198 2319 1493 2359 Polemarchum
1515 2322 1551 2359 in

82 2387 274 2413 carcerem
297 2375 506 2412 abductum
527 2389 604 2412 non
626 2389 727 2421 esse,
743 2385 809 2414 ant
823 2378 909 2428 jure
926 2379 963 2415 id
980 2379 1137 2416 factum.
1181 2381 1301 2432 Atqui
1322 2382 1359 2419 in
1375 2384 1552 2422 confesso

82 2442 121 2473 et
139 2444 247 2475 extra
274 2437 572 2474 controversiam
602 2445 663 2474 est
691 2439 739 2474 ab
781 2438 1040 2479 Eratosthene
1072 2441 1368 2481 Polemarchum
1399 2458 1481 2482 esse
1515 2446 1550 2482 in

87 2511 279 2536 carcerem
306 2499 464 2536 ductum
485 2513 495 2542 3
527 2507 566 2537 et
584 2512 718 2536 rursus
740 2500 822 2551 ipse
845 2515 914 2539 sno
936 2503 1062 2540 fassus
1091 2512 1150 2541 est
1171 2519 1237 2542 ore
1263 2506 1551 2552 Eratosthenes,

87 2557 125 2594 in
151 2572 210 2605 eo,
239 2560 344 2611 quod
375 2561 670 2599 Polemarchum
712 2563 1084 2613 comprehendisset,
1113 2567 1146 2603 ei
1172 2566 1313 2603 factam
1347 2580 1368 2604 a
1397 2581 1437 2605 se
1469 2582 1552 2607 esse

88 2616 288 2667 injuriam:
315 2620 398 2670 jam
430 2621 552 2659 facilis
578 2623 686 2660 vobis
717 2630 789 2668 est,
816 2625 983 2671 judices,
1012 2626 1125 2677 hujus
1158 2640 1283 2664 causae
1312 2627 1552 2680 disceptatio,

90 2679 299 2729 Congressi
335 2693 436 2727 sunt,
475 2685 634 2729 adsunt,
668 2687 923 2725 circumstant
959 2689 1042 2725 haec
1087 2689 1273 2726 subsellia
1314 2690 1550 2741 frequentes,

89 2740 267 2790 civesque
285 2740 546 2794 hospitesque,
567 2755 733 2785 vestram
756 2747 827 2785 hac
847 2748 896 2786 de
921 2762 1040 2787 causa
1062 2750 1292 2787 sententiam
1314 2765 1549 2803 cognoscere

90 2801 316 2851 gestientes.
387 2804 536 2848 Horum
568 2809 633 2858 qui
665 2810 768 2847 cives
797 2811 914 2848 vestri
946 2818 1050 2854 sunt,
1083 2811 1121 2847 hi
1158 2811 1313 2850 domum
1348 2815 1550 2856 discedent

89 2862 272 2901 certiores
295 2863 383 2902 facti
413 2876 530 2915 prout
556 2878 623 2908 aut
650 2872 999 2922 condemnaveritis
1023 2873 1316 2913 Eratosthenem
1344 2886 1410 2916 aut
1430 2880 1554 2918 ahsol-
