1822 3219
244 177 319 213 252
898 177 1062 215 LYSJAE

246 290 332 314 vero
352 276 480 321 decet,
502 277 665 327 judices,
688 278 866 315 omnibus
888 278 968 314 istis
990 277 1125 326 spretis
1155 273 1321 318 offuciis,
1345 273 1535 324 ejusmodi
1561 273 1702 310 defen--

246 337 387 374 sionem
405 346 629 387 poscere‚ut
649 338 804 389 planum
828 338 954 381 faciat,
971 337 1069 373 viros
1090 335 1174 372 illos
1195 348 1217 372 a
1233 347 1275 372 se
1293 347 1370 372 non
1400 334 1520 372 fuisse
1548 333 1705 371 delatos·

247 409 374 447 neque
402 398 613 435 secundum
642 411 748 436 suam
778 398 1007 435 delationem
1036 397 1072 432 in
1102 395 1288 445 supplicio
1314 395 1541 445 exspirasse.
1596 393 1699 430 Proe-

248 466 352 496 terea
382 459 500 503 nulla,
528 460 557 496 si
586 460 678 510 quid
703 459 825 509 sapio,
857 468 971 510 pacta
1002 456 1110 494 nobis
1137 469 1223 493 curn
1250 456 1316 494 illo
1351 463 1442 493 sunt
1472 453 1706 495 communia,

248 517 365 555 nullae
391 518 637 570 jurisjurandi
675 520 890 569 religiones.
961 519 1082 555 Pacta
1113 519 1212 554 enim
1246 530 1291 554 ea
1322 515 1574 568 jurejurando
1609 526 1702 552 con·

248 579 394 616 firmata
412 587 515 624 sunt,
530 593 617 629 quae
632 593 703 616 nos
719 579 933 617 Piraeenses
952 591 1038 616 cum
1052 577 1207 616 urbanis
1226 577 1498 619 contraximus,
1519 587 1594 612 non
1617 573 1704 611 alia.

248 638 349 684 Jam,
381 639 410 676 si
439 641 634 690 Agoratus
666 640 731 678 illo
763 647 947 689 tempore,
973 651 1050 688 quo
1082 644 1194 688 pacta
1226 638 1310 675 haee
1342 636 1589 674 Piraeensium
1618 646 1704 671 curn

249 700 404 737 urbanis
437 701 725 745 sanciebantur,
747 701 782 737 in
816 701 909 737 urbe
940 700 1088 744 fuisset,
1113 704 1247 749 posset
1276 697 1359 734 haec
1380 696 1430 733 de
1459 695 1580 746 pactis
1606 707 1706 745 prae-

250 761 375 798 tensio
395 761 570 798 fortassis
591 767 758 798 vestrum
789 773 866 797 non
888 761 1075 798 neminem
1098 760 1176 796 veri
1202 758 1369 808 quadam
1399 756 1525 807 specie
1550 754 1710 792 luderes

251 831 378 857 verum
396 828 477 858 erat
492 822 685 870 Agoratus
702 833 858 870 quoque
878 827 958 857 tum
975 820 1157 870 temporis
1177 820 1215 856 in
1234 819 1379 856 Piraeeo
1397 829 1474 854 una
1492 816 1710 860 nobiseum,

251 894 312 919 me
333 888 425 932 puta
445 888 485 919 et
501 882 688 932 Dionysio
707 889 745 919 et
764 889 956 932 quotquot
973 894 1059 919 eum
1076 893 1176 918 nunc
1195 881 1267 918 hac
1284 879 1434 917 actione
1453 877 1575 915 ultum
1594 876 1714 914 imus-

253 942 326 979 Cui
345 942 438 979 nihil
460 942 534 979 hac
551 942 707 992 quidem
729 955 774 979 ex
793 949 900 993 parte
920 943 1050 979 obstat
1066 954 1075 978 ε
1106 941 1214 978 nullo
1232 939 1330 978 enim
1348 945 1590 976 sacramento
1605 936 1712 974 dicto

253 1003 468 1041 Piraeenses
489 1017 573 1040 sese
595 1004 852 1041 Piraeensibus
872 1004 1172 1041 obstrinxerunt.

307 1066 371 1101 23.
401 1063 638 1100 Omnimodo
650 1063 800 1101 videtur
819 1066 1017 1114 Agoratus
1033 1064 1122 1100 mihi
1138 1070 1259 1100 morte
1276 1075 1352 1099 non
1369 1075 1445 1098 una
1459 1061 1601 1109 dignus
1614 1071 1717 1102 esse,

253 1125 333 1175 qui,
361 1137 437 1173 quo
457 1138 479 1161 a
499 1125 642 1175 populo
669 1138 709 1162 se
731 1133 809 1162 tum
844 1128 923 1163 aiat
943 1126 1168 1175 adoptatum
1188 1137 1276 1162 curn
1307 1125 1460 1162 civitate
1492 1116 1715 1166 donaretur,

253 1186 283 1222 si
300 1185 358 1222 dis
374 1185 566 1234 placet,et
580 1197 693 1235 quem
714 1186 796 1234 ipse
816 1198 925 1221 suurn
947 1193 1094 1235 patrem
1116 1183 1299 1234 appellet,
1312 1196 1402 1233 erga
1419 1196 1507 1220 eum
1526 1182 1710 1233 populum

253 1245 308 1282 ita
334 1259 375 1282 se
402 1246 578 1294 gesserit,
610 1251 654 1281 ut
674 1245 703 1282 si
738 1245 800 1295 qui
829 1245 928 1281 filius
954 1246 1141 1294 ingratus,
1174 1245 1372 1280 immemor
1403 1242 1670 1279 beneficiorum
1691 1253 1714 1277 a

253 1312 362 1356 patre
382 1306 543 1355 propitio
573 1311 837 1354 acceptorum,
858 1317 932 1342 non
965 1304 1081 1340 modo
1107 1303 1157 1339 nil
1177 1310 1283 1340 curet
1307 1315 1393 1339 eum
1426 1301 1624 1346 demereri,
1643 1301 1713 1338 sed

256 1365 370 1403 etiam
395 1366 494 1402 male
520 1365 568 1401 de
600 1378 646 1402 eo
674 1373 876 1409 mereatur,
908 1365 1062 1402 deserat
1086 1364 1123 1399 in
1153 1364 1278 1406 malis,
1303 1376 1348 1399 ea
1379 1361 1544 1412 denique
1574 1361 1715 1411 prodat

256 1426 433 1463 hostibus
453 1427 569 1475 patris
589 1439 658 1477 per
681 1439 770 1476 quae
791 1432 900 1476 pater
930 1424 1092 1462 antehac
1113 1424 1272 1473 amplior
1306 1432 1420 1472 atque
1447 1422 1618 1472 superior
1646 1422 1715 1459 ho-

256 1486 379 1523 stibus
395 1487 546 1523 fuisset.
605 1486 681 1528 Qui
701 1498 793 1535 ergo
812 1492 852 1523 et
867 1492 1014 1535 patrem
1036 1497 1057 1521 a
1079 1491 1214 1521 natura
1233 1483 1364 1520 datum
1385 1482 1591 1519 verberarit
1608 1488 1648 1518 et
1665 1482 1714 1519 de

257 1547 485 1584 necessariis
516 1547 601 1583 vitae
623 1546 812 1596 praesidiis
832 1546 885 1582 ita
904 1557 1038 1595 parum
1065 1544 1098 1580 ei
1128 1543 1368 1594 prospexerit
1396 1548 1438 1579 ut
1465 1542 1563 1592 patri
1589 1542 1716 1579 inedia

253 1607 491 1656 pereundum
513 1606 670 1651 fuisset,
695 1614 733 1643 et
754 1618 881 1643 rursus
907 1612 1052 1656 patrem
1077 1604 1301 1654 adoptivum
1331 1604 1440 1640 bonis
1459 1602 1715 1653 praesentibus

254 1674 369 1717 atque
398 1669 540 1718 paratis
575 1668 764 1711 everterit,
794 1667 906 1717 ecqui
938 1665 1141 1703 conveniet
1173 1677 1258 1701 eum
1295 1677 1369 1701 non
1404 1671 1524 1701 morte
1555 1664 1716 1714 dignum

254 1727 399 1771 haberi,
420 1741 504 1765 cum
526 1728 599 1765 hoc
613 1728 736 1772 titulo,
758 1735 836 1765 tum
855 1727 922 1764 illo
943 1726 1063 1764 altero
1079 1726 1176 1775 legis
1195 1725 1231 1761 in
1254 1725 1391 1761 liberos
1412 1724 1517 1770 latae,
1532 1737 1555 1761 a
1575 1723 1713 1774 quibus

257 1797 436 1837 parentes
457 1789 554 1825 male
576 1787 796 1825 habentur?

313 1850 376 1885 24.
407 1849 490 1886 Imo
516 1862 606 1886 vero
624 1849 746 1892 vobis,
765 1848 933 1896 judices,
952 1848 1138 1885 universis
1163 1848 1317 1898 publice
1337 1846 1531 1890 convenit,
1550 1847 1713 1884 virorum

256 1907 410 1945 fortium
434 1921 566 1946 manes
585 1908 700 1958 hujus
722 1909 880 1959 Agorati
908 1909 1098 1958 sanguine
1125 1909 1289 1959 placare,
1319 1907 1474 1958 perinde
1498 1913 1616 1957 atque
1641 1907 1714 1957 pri·

258 1968 371 2005 vatim
407 1976 579 2005 nostrum
613 1969 817 2018 unicuique
846 1969 1026 2006 convenit
1063 1969 1218 2019 injurias
1253 1968 1327 2005 illis
1361 1967 1510 2004 oblatas
1543 1966 1716 2017 exsequi.

259 2028 398 2065 Mortis
430 2030 530 2066 enirn
563 2029 600 2066 in
632 2029 794 2066 articulo
821 2029 1038 2073 constituti,
1068 2042 1145 2067 non
1175 2029 1286 2066 nobis
1317 2028 1439 2076 magis
1471 2040 1585 2077 quam
1609 2027 1716 2064 vobis

258 2089 486 2139 cunctisque
522 2089 820 2126 Atheniensibus
865 2089 1109 2134 mandarunt,
1141 2096 1185 2126 ut
1220 2090 1435 2138 Agoratum
1474 2087 1590 2133 hunc,
1626 2099 1715 2138 per-

258 2161 454 2186 cussorem
473 2163 602 2195 suum,
617 2149 764 2193 ulcisci,
778 2162 931 2195 vexare,
945 2150 1156 2198 exagitare,
1173 2162 1241 2200 pro
1261 2161 1331 2186 sua
1346 2149 1532 2199 cujusque
1546 2147 1717 2198 quamvis

260 2209 416 2246 minima
440 2209 638 2253 facultate,
666 2210 908 2259 satageretis.
967 2210 1067 2247 Nam
1095 2211 1124 2246 si
1154 2210 1328 2246 meritum
1357 2209 1477 2245 ullum
1508 2215 1576 2245 aut
1604 2220 1718 2244 orna-

261 2276 430 2306 mentum
460 2270 508 2307 ab
537 2270 611 2307 illis
643 2270 690 2307 ad
717 2283 837 2320 remp.
859 2276 925 2307 aut
956 2270 1003 2307 ad
1033 2271 1180 2320 plebem
1211 2277 1374 2307 vestram
1401 2270 1616 2320 profectum
1643 2277 1718 2314 est,

262 2341 348 2379 quae
374 2337 599 2366 ornamenta
628 2330 733 2366 haud
754 2342 876 2379 pauca
907 2343 991 2366 esse
1012 2330 1110 2366 inter
1132 2342 1263 2366 omnes
1296 2337 1450 2366 constat
1479 2330 1626 2379 ipsique
1648 2342 1717 2366 vos

258 2390 509 2433 confitemini,
541 2403 698 2426 necesse
730 2397 798 2432 est,
835 2402 903 2426 vos
934 2402 1067 2426 omnes
1101 2390 1162 2439 qui
1197 2390 1289 2439 reip.
1321 2389 1544 2427 benevelitis
1574 2390 1717 2426 amicos

260 2456 373 2499 atque
405 2450 606 2486 familiares
636 2449 726 2499 ipsis
761 2451 899 2487 fuisse:
942 2451 999 2485 sin
1029 2456 1156 2487 autern
1189 2450 1299 2486 amici
1331 2450 1443 2487 vestri
1481 2450 1634 2487 fuerunt
1662 2452 1718 2496 (et

261 2510 417 2549 suerunt
436 2509 598 2558 utique),
623 2509 803 2547 ultionem
825 2511 882 2546 sui
903 2510 1101 2559 sanguinis
1117 2522 1194 2547 non
1217 2510 1327 2546 nobis
1347 2510 1469 2559 magis
1491 2509 1716 2546 necessariis

263 2571 339 2607 suis
350 2582 463 2620 quam
480 2577 648 2606 vestrum
663 2569 801 2618 cuique
817 2570 1114 2607 demandarunt.
1172 2569 1312 2619 Neque
1324 2582 1416 2618 ergo
1433 2581 1500 2619 per
1512 2569 1716 2618 religiones

262 2630 419 2667 deorum
437 2643 562 2680 neque
578 2643 645 2681 per
660 2630 764 2679 leges
778 2638 924 2667 vestras
940 2631 1046 2667 vobis
1067 2631 1158 2667 licet
1175 2630 1274 2666 hunc
1291 2630 1502 2678 Agoratum
1520 2630 1717 2679 impunem

262 2690 469 2727 dimittere.

315 2753 378 2787 25.
407 2750 486 2787 Vos
514 2763 620 2800 ergo,
649 2750 713 2787 viri
744 2750 1017 2793 Athenienses,
1038 2751 1217 2800 quoniam
1246 2750 1312 2786 illo
1336 2756 1521 2799 tempore,
1546 2762 1624 2799 quo
1651 2748 1717 2786 isti

262 2811 520 2859 exspirabant,
551 2823 617 2860 per
649 2810 786 2847 misera
813 2822 900 2859 quae
932 2817 1011 2847 tum
1046 2823 1166 2859 remp.
1196 2817 1461 2859 oppresserant
1493 2808 1720 2858 turbidaque

262 2878 431 2919 tempora
452 2883 525 2907 non
548 2872 742 2921 poteratis,
764 2883 865 2907 nune
883 2870 1023 2913 saltim,
1043 2883 1119 2920 quo
1141 2878 1309 2919 tempore
1326 2872 1359 2907 in
1383 2876 1574 2919 potestate
1591 2876 1720 2905 vestra.
