1822 3219
274 168 350 203 ¹260
931 171 1096 207 LYSIAE

272 269 375 318 quod
396 269 444 306 ad
466 270 713 308 colorandam
735 284 841 309 suam
864 272 1055 322 patrisque
1081 272 1359 322 improbitatem
1386 274 1563 323 exemplo
1582 281 1716 312 vestrae

272 329 419 366 virtutis
441 330 620 368 abutitur.
680 331 776 369 Rem
794 345 814 369 a
830 332 936 369 vobis
958 332 1140 381 praeclare
1156 338 1319 382 gestam,
1334 344 1422 382 quae
1437 344 1595 370 nummae
1613 333 1717 371 laudi

271 389 377 425 vobis
399 390 528 435 cessit,
550 392 812 429 assimulatum
835 393 862 429 it
883 392 1098 442 turpissimo
1114 393 1231 442 patris
1251 392 1422 437 facinori,
1438 393 1477 429 in
1494 404 1572 443 quo
1590 394 1717 444 ipsum

269 449 320 486 ait
337 462 403 487 vos
418 450 605 488 imitatum
621 465 721 490 esse.
780 453 920 502 Negat,
933 465 1010 503 qua
1024 460 1084 490 est
1097 452 1303 495 dementia,
1317 458 1462 502 patrem
1477 453 1515 489 in
1530 464 1577 490 eo
1590 451 1720 492 scelus

269 515 378 547 atrox
396 513 643 557 commisisse,
659 513 761 563 quod
782 525 886 550 arma
902 513 1033 562 patriae
1048 513 1187 551 infesta
1201 513 1350 550 intulit:
1381 525 1468 550 nam
1482 525 1719 563 vos'quoque

271 571 503 615 exsulantes,
525 573 650 624 Pliyla
673 580 873 620 occupata,
896 574 1012 611 Attici
1037 575 1119 623 agri
1146 573 1251 611 culta
1269 579 1307 611 et
1334 580 1418 611 sata
1442 573 1518 624 igni
1543 573 1719 623 ferroque

271 639 524 681 pervastasse‚
552 636 690 672 moenia
722 636 823 673 urbis
853 635 1008 673 adortos
1036 643 1134 679 esse,
1157 634 1276 683 iisque
1301 634 1416 672 rebus
1442 634 1618 671 omnibus
1642 645 1719 671 non

272 693 440 732 dedecus
469 695 594 733 liberis
613 697 747 734 vestris
776 703 1015 735 contractum
1044 696 1258 746 reliquisse,
1282 696 1350 734 sed
1378 695 1538 746 gloriam
1566 695 1720 732 immor-

273 754 387 792 talem
408 756 457 792 ad
477 768 609 794 omnes
640 757 815 795 homines
841 764 1086 808 pervagatam
1116 757 1338 807 peperisse;
1369 756 1479 806 quasi
1502 767 1613 806 pares
1629 755 1723 793 loco

272 815 502 864 paribusque
532 816 654 854 modis
684 818 898 867 accipiendi
916 818 1011 862 sint,
1035 818 1151 864 illinc,
1172 819 1203 855 si
1221 818 1301 867 qui,
1320 819 1368 855 ob
1388 817 1548 855 crimina
1564 817 1602 854 in
1622 817 1722 854 exsi-

270 873 361 911 lium
384 876 472 921 acti,
491 877 656 927 patrium
677 878 714 915 in
735 878 858 916 solum
882 891 903 916 a
923 879 1068 916 civibus
1089 879 1217 916 adhue
1237 879 1405 928 legitime
1424 879 1614 916 insessum
1635 879 1722 926 ejus

272 935 473 974 desolandi
502 951 593 989 ergo
615 940 651 976 in
672 940 804 977 castris
833 940 998 977 hostium
1028 939 1188 984 rediere,
1209 939 1310 982 hinc,
1330 939 1395 988 qui
1424 939 1461 975 in
1490 939 1623 979 urbem
1652 937 1724 975 sibi

270 997 439 1035 natalem
460 1011 483 1036 a
503 999 806 1038 Lacedaemoniis
827 1000 1001 1038 hostibus
1027 1001 1227 1043 insessam,
1246 999 1348 1036 unde
1376 1011 1442 1049 per
1462 998 1536 1035 vim
1556 1005 1596 1036 et
1614 997 1723 1036 nefas

272 1057 421 1107 expulsi
441 1057 617 1105 f'uissent,
637 1060 789 1098 rediere.
850 1061 967 1110 Atqui
987 1066 1161 1097 constare
1179 1059 1275 1096 inter
1295 1070 1429 1095 omnes
1449 1070 1524 1108 ego
1543 1058 1723 1107 equidem

271 1116 318 1153 de
347 1117 420 1154 hoc
447 1119 620 1165 arbitror,
646 1120 885 1158 Alcibiadem
914 1133 1002 1159 cum
1031 1119 1200 1158 factione
1230 1119 1394 1156 reditum
1424 1119 1461 1156 in
1487 1119 1650 1169 patriam
1677 1128 1724 1156 eo

270 1178 432 1216 consilio
453 1180 625 1217 molitum
646 1194 745 1226 esse,
760 1194 849 1231 quo,
867 1180 1165 1219 Lacedaemoniis
1185 1179 1453 1217 traditomaris
1467 1178 1638 1229 imperio,
1651 1178 1725 1229 ipsi

270 1238 373 1275 domi
390 1239 526 1278 civium
544 1241 731 1292 capitibus
752 1242 1002 1284 insultarent;
1033 1249 1160 1279 vestra
1177 1241 1287 1291 plebs
1307 1247 1434 1278 autem
1455 1239 1577 1277 reditu
1597 1239 1635 1276 in
1652 1248 1725 1289 pa-

271 1298 378 1336 triam
398 1301 511 1337 armis
531 1308 641 1351 parto
661 1302 792 1340 hostes
813 1304 939 1353 ejecit,
960 1302 1176 1351 civiumque
1198 1301 1311 1338 etiam
1332 1301 1431 1345 illos,
1454 1301 1485 1338 si
1503 1299 1568 1350 qui
1585 1299 1726 1337 servire

271 1359 371 1397 ultro
386 1361 541 1407 vellent,
556 1363 703 1400 liberali
717 1376 830 1401 manu
848 1364 883 1400 in
898 1364 1112 1400 libertatem
1123 1361 1350 1399 vindicavit:
1372 1360 1724 1410 orationem‘itaque

270 1421 480 1460 Alcibiadis
499 1424 583 1473 quis
605 1423 714 1468 ferat,
734 1436 793 1460 res
814 1424 912 1460 inter
931 1436 973 1461 se
989 1436 1101 1473 quam
1126 1423 1394 1460 dissimillimas
1413 1420 1724 1473 comparantem?

324 1483 384 1520 10.
419 1482 470 1519 Et
488 1482 733 1520 nihilominus
763 1490 906 1527 tamen,
926 1484 963 1520 in
989 1490 1047 1520 tot
1071 1483 1263 1532 tantisque
1290 1482 1463 1520 cladibus
1489 1482 1724 1527 domesticis,

269 1542 316 1580 de
345 1542 465 1594 patris
494 1544 735 1594 improbitate
767 1544 964 1594 gloriatur,
993 1556 1107 1593 quem
1133 1544 1259 1594 jactat
1289 1550 1438 1581 tantum
1471 1543 1653 1593 potuisse,
1681 1550 1725 1580 ut

269 1602 364 1654 reip.
385 1604 488 1642 mala
515 1617 614 1641 unus
643 1605 770 1642 omnia
798 1604 1046 1643 contraxerit.
1103 1604 1221 1654 Atqui
1248 1617 1326 1641 non
1348 1604 1531 1655 potentioe
1550 1603 1635 1641 haec
1655 1601 1723 1641 sed

268 1663 538 1702 scelerositatis
564 1671 624 1702 est
645 1671 763 1703 nota:
791 1665 923 1715 ecquis
952 1665 1054 1702 enim
1083 1677 1184 1702 unus
1210 1664 1326 1702 homc-
1344 1665 1405 1702 vel
1432 1664 1584 1702 infimus
1609 1671 1724 1714 atque

267 1724 635 1774 contemptissimus,
652 1725 715 1774 qui
733 1725 866 1774 patriae
887 1724 1029 1762 malum
1049 1723 1140 1761 dare
1159 1723 1328 1761 animum
1345 1723 1551 1769 induxerit,
1570 1730 1647 1762 tam
1665 1730 1726 1762 est

268 1793 394 1820 rerum
414 1784 548 1834 patriae
567 1784 790 1834 capitalium
809 1785 982 1835 ignarus,
997 1791 1038 1822 ut
1055 1784 1228 1822 hostibus
1248 1784 1334 1822 loca
1354 1785 1724 1834 demonstrarequae

268 1845 449 1895 occupari
469 1857 490 1882 e
510 1857 550 1882 re
570 1845 740 1895 ipsorum
756 1846 822 1890 sit,
843 1845 1006 1883 castella
1025 1844 1192 1883 indicare
1211 1854 1346 1895 parum
1365 1844 1554 1895 praesidiis
1574 1845 1726 1882 firmata

268 1911 306 1941 et
319 1904 464 1942 insidiis
477 1913 706 1956 opportuna,
718 1906 845 1944 ulcera
858 1906 1015 1957 publica
1027 1906 1335 1955 denudare,quae
1349 1906 1553 1943 reslabent
1563 1904 1723 1956 aperire,

268 1964 393 2002 socios
413 1965 450 2002 in
472 1965 547 2002 fide
567 1971 751 2004 nutantes
778 1967 976 2005 nominare
999 1965 1176 2004 nesciat?
1217 1966 1339 2011 -Nam,
1364 1966 1394 2003 si
1415 1974 1599 2016 unquam,
1618 1965 1723 2015 quod

267 2031 310 2062 tu
336 2025 404 2071 ais,
423 2031 533 2077 pater
557 2032 645 2064 tuus
663 2034 822 2065 ‘tantum
846 2028 884 2065 in
907 2027 1103 2079 republica
1129 2028 1266 2078 potuit,
1289 2034 1332 2064 ut
1358 2036 1433 2065 non
1463 2027 1587 2065 solum
1607 2026 1723 2064 ‘istius

267 2085 449 2135 potentiae
464 2093 567 2125 metu
590 2087 627 2124 in
648 2088 823 2126 exsilium
840 2094 1033 2139 ageretur,
1046 2088 1114 2126 sed
1132 2088 1244 2125 etiam
1261 2099 1329 2137 per
1339 2087 1722 2138 eandem‘potentiam

268 2146 378 2184 malis
402 2148 716 2198 quamplurimis
746 2149 938 2186 civitatem
968 2150 1078 2186 exsul
1102 2148 1328 2198 exagitaret,
1349 2161 1424 2185 non
1443 2157 1530 2185 eum
1551 2148 1724 2198 profecto

267 2207 334 2244 illa
352 2209 526 2257 potentia
546 2209 674 2246 statim
700 2209 754 2246 ita
778 2209 948 2247 deseruit
973 2209 1127 2247 domum
1156 2215 1375 2246 revocatum
1395 2212 1629 2258 (quanquam
1654 2216 1724 2258 ‘per

269 2266 517 2316 imposturam
545 2281 569 2306 a
597 2269 704 2306 vobis
735 2268 911 2319 deceptis
942 2269 1130 2306 redeundi
1159 2268 1306 2306 veniam
1338 2269 1462 2305 minus
1495 2268 1723 2318 impetravit,

269 2339 386 2375 quam
413 2327 560 2365 furatus
589 2329 676 2374 est),
701 2335 753 2372 ut,
779 2341 932 2378 magnae
959 2328 1073 2365 classi
1099 2340 1186 2365 cum
1217 2328 1377 2377 imperio
1406 2328 1625 2378 praefectus,
1652 2327 1724 2364 ista

269 2393 378 2424 tanta
396 2400 482 2425 cum
502 2387 626 2426 classe
646 2394 775 2425 tamen
797 2401 921 2438 neque
943 2387 1075 2425 hostes
1096 2387 1218 2437 patrio
1238 2387 1321 2424 solo
1341 2388 1579 2437 proturbare,
1601 2395 1722 2436 neque

270 2446 404 2493 Chios,
422 2461 519 2497 quos
540 2448 621 2498 ipse
641 2455 756 2486 antea
773 2449 822 2486 ad
844 2449 1098 2486 defectionem
1125 2448 1356 2498 impulisset,
1375 2461 1505 2485 rursus
1532 2448 1579 2485 ad
1606 2448 1720 2485 fidem

270 2520 463 2554 revocare,
483 2521 609 2558 neque
635 2509 757 2546 ullum
787 2509 891 2546 aliud
918 2517 1182 2547 ornamentum
1203 2509 1312 2546 vobis
1340 2509 1556 2552 conciliare,
1576 2516 1722 2558 posset.

272 2568 401 2611 Quare
433 2575 638 2619 perspectu
670 2569 782 2606 facile
814 2577 886 2613 est,
910 2568 1144 2607 Alcibiadem
1174 2569 1348 2619 potentia
1375 2569 1530 2619 quidem
1557 2569 1721 2606 aliis'nil

270 2629 476 2679 quicquam
497 2629 782 2675 antecelluisse,
797 2629 1057 2679 flagitiositate
1077 2637 1202 2667 autem
1221 2629 1406 2666 universae
1425 2628 1587 2666 civitatis
1607 2629 1722 2680 longe

271 2689 391 2728 fuisse
410 2691 634 2741 principem.
691 2689 832 2727 Ulcera
851 2691 951 2727 enim
973 2691 1002 2727 si
1023 2704 1110 2739 quae
1132 2697 1263 2728 nosset
1282 2697 1418 2727 vestrae
1446 2690 1552 2740 reip„
1572 2702 1619 2728 ea
1642 2690 1723 2740 ipse

274 2749 572 2788 Lacedaemoniis
590 2751 689 2788 ultro
706 2751 917 2800 aperiebat:
949 2751 1136 2787 exercitus
1154 2751 1394 2801 postmodum
1409 2757 1555 2788 vestros
1572 2751 1723 2788 tametsi

273 2809 430 2848 duceret
449 2811 640 2862 ingentes,
656 2811 897 2861 imperatoria
916 2823 1000 2848 cum
1021 2817 1209 2860 potestate
1225 2823 1247 2847 a
1261 2811 1365 2847 vobis
1388 2811 1605 2861 praefectus,
1626 2823 1721 2847 nun·

272 2882 387 2919 quam
408 2878 534 2909 tamen
551 2885 614 2910 eos
631 2872 702 2909 hoc
720 2879 795 2909 tam
817 2871 894 2909 acri
918 2871 992 2908 telo
1012 2872 1182 2908 sauciare
1202 2872 1342 2921 potuit:
1374 2884 1500 2921 regem
1519 2871 1718 2908 Persarum
