1822 3219
249 150 324 206 322
896 154 1063 197 LYS1AE

247 250 312 300 qui
333 263 399 288 vos
420 250 457 288 in
487 251 664 290 exsilium
692 260 958 293 extruserunt:
988 255 1163 305 iniquum
1187 260 1246 293 est
1272 253 1401 292 odium
1421 259 1587 292 vestrum
1606 266 1699 304 erga

248 311 443 349 studiosos
465 312 516 350 rei
542 313 736 352 familiaris
757 315 936 358 tuendam
968 316 1073 365 quod
1089 315 1221 354 odium
1237 315 1382 366 justius
1402 315 1439 352 in
1455 327 1520 353 eos
1539 326 1699 352 conver-

247 373 351 417 tatis,
367 373 431 423 qui
453 373 548 411 alios
566 375 749 426 spoliant:
781 376 1152 414 animadversionem
1172 383 1335 414 vestram
1367 376 1438 414 sibi
1469 375 1700 426 deposcunt,

249 444 325 469 non
344 432 396 479 hi,
416 434 479 484 qui
501 448 582 474 suae
603 436 738 474 salutis
766 449 856 487 ergo
886 443 967 475 tum
997 436 1034 474 in
1064 437 1157 475 urbe
1185 443 1423 483 manserunt,
1444 436 1512 475 sed
1538 435 1614 480 isti.
1633 435 1700 486 qui

248 506 325 543 quo
346 494 440 532 alios
461 496 758 546 pessumdarent
785 497 820 534 in
852 510 930 548 rep.
952 497 1122 547 gerenda
1149 497 1287 536 versati
1317 504 1419 536 sunt.
1476 496 1542 535 Sin
1571 502 1702 535 autem

248 554 454 605 opinamini
477 562 654 607 oportere
675 569 697 595 a
718 558 825 595 vobis
852 571 917 608 per
944 571 1135 596 summum
1167 559 1276 596 nefas
1303 571 1449 609 paucos
1480 557 1594 595 etiam
1615 556 1700 595 illos

249 615 420 653 exscindi
440 622 480 654 et
499 617 695 664 eradicari,
715 631 812 669 quos
832 625 1081 670 tyrannorum
1103 619 1320 657 immanitas
1341 619 1467 657 adhuc
1495 625 1621 656 tamen
1641 630 1702 655 su-

248 676 424 727 perstites
445 678 586 717 siverat
601 692 701 725 esse,
725 680 867 717 nullam
889 679 999 718 aliam
1022 680 1070 718 ob
1091 680 1247 730 culpam
1266 692 1381 730 quam
1402 679 1507 730 quod
1526 678 1702 717 exsilium

249 745 418 777 vestrum
438 753 514 777 non
534 741 822 792 participarunt,
842 740 970 779 nullus
987 741 1094 779 vobis
1116 741 1207 778 civis
1224 740 1422 791 supererit.

302 801 339 836 7.
371 799 448 836 Sed
469 813 516 837 ex
538 800 612 838 hoc
639 814 793 851 quoque
812 808 1008 839 momento
1030 814 1109 838 rem
1139 808 1323 852 spectate,
1344 800 1512 852 judices.
1569 798 1703 838 Nostis

250 872 398 907 omnes,
417 860 455 897 in
477 860 541 898 illa
562 861 745 912 superiori
767 875 854 912 quae
881 868 969 899 ante
999 868 1183 913 tyrannos
1214 862 1286 900 fuit
1311 861 1560 906 democratia,
1581 874 1701 912 remp.

248 921 463 973 gerentium
491 922 631 960 multos
654 923 790 961 fiscum
819 923 1070 973 compilasse;
1101 923 1162 960 alii
1186 923 1272 973 jura
1297 929 1336 960 et
1355 921 1558 973 vectigalia
1577 929 1704 960 vestra

247 983 577 1031 nundinabantur,
598 984 660 1022 alii
679 984 882 1022 calumniis
903 984 1028 1022 socios
1044 992 1190 1022 vestros
1204 997 1226 1021 a
1239 984 1346 1021 vobis
1366 983 1584 1021 alienabant
1602 990 1641 1021 et
1653 983 1702 1021 ad

250 1045 504 1084 defectionem
525 1047 747 1097 adigebant.
805 1047 892 1085 Hos
915 1047 1018 1085 solos
1040 1047 1070 1085 si
1085 1046 1328 1098 Trigintaviri
1345 1045 1606 1089 sustulissent,
1627 1045 1701 1083 for-

248 1113 306 1144 tes
328 1108 527 1159 bonosque
549 1109 648 1146 viros
676 1108 748 1159 ipsi
770 1121 836 1146 vos
858 1121 924 1146 eos
947 1108 1158 1147 haberetis:
1194 1109 1274 1159 jam
1301 1120 1389 1146 vero
1418 1107 1524 1158 quod
1551 1107 1702 1145 illorum

248 1180 316 1218 pro
337 1168 445 1206 furtis
468 1176 507 1207 et
529 1169 738 1207 sceleribus
759 1170 912 1221 tyranni
927 1176 1043 1208 totam
1061 1170 1210 1221 plebem
1226 1169 1468 1220 plectendam
1488 1175 1702 1214 censerent,

250 1229 288 1267 id
308 1242 410 1279 aegre
429 1229 625 1277 ferebatis,
644 1231 848 1282 indignum
868 1231 953 1276 rati,
975 1244 1181 1282 paucorum
1203 1237 1364 1282 peccata
1392 1243 1480 1268 eum
1512 1236 1593 1268 tota
1611 1229 1704 1268 civi-

250 1297 328 1329 tate
348 1291 638 1330 communicari.
698 1291 826 1330 Nolite
846 1292 973 1343 itaque
1004 1292 1068 1330 illa
1095 1292 1316 1343 injuriarum
1346 1292 1522 1342 exempla
1552 1289 1702 1337 imitari,

246 1365 335 1402 quae
357 1365 422 1390 vos
442 1360 640 1391 cernentes
655 1365 740 1390 cum
763 1360 1031 1391 exercerentur
1051 1353 1354 1398 detestabamini,
1374 1365 1513 1404 neque,
1526 1365 1612 1403 quae
1634 1364 1702 1389 vos

247 1413 336 1450 olim
356 1413 426 1464 ipsi
447 1414 634 1465 patientes
653 1428 719 1465 per
735 1414 810 1452 vim
830 1421 870 1452 et
889 1414 994 1452 nefas
1020 1415 1099 1465 pati
1121 1415 1327 1464 putabatis,
1344 1413 1478 1451 eadem
1498 1425 1597 1450 nunc
1618 1425 1701 1450 rur-

248 1488 313 1513 sus
335 1474 372 1512 in
392 1475 474 1513 aliis
494 1483 717 1514 exercentes
731 1476 838 1527 justa
857 1489 925 1514 vos
943 1482 980 1513 et
998 1488 1107 1526 aeqna
1127 1489 1242 1526 agere
1262 1475 1516 1523 arbitramini3
1543 1473 1612 1512 sed
1625 1486 1703 1525 quo

248 1548 340 1587 erga
355 1543 503 1575 vosmet
516 1537 631 1574 eratis
649 1537 776 1575 animo
793 1544 872 1574 tum
884 1536 1059 1574 exsilium
1075 1536 1295 1581 tolerantes,
1310 1535 1446 1574 eodem
1457 1542 1580 1574 estote
1595 1547 1701 1573 nunc

248 1596 284 1633 in
306 1597 469 1647 patriam
490 1597 633 1636 reversi
653 1611 744 1648 erga
763 1598 849 1636 illos
870 1597 965 1635 alios
985 1610 1081 1648 quos
1101 1597 1188 1634 dico
1205 1597 1270 1646 qui
1289 1595 1327 1632 in
1349 1596 1441 1634 urbe
1458 1602 1700 1640 manserunt;

248 1663 290 1694 ut
308 1670 411 1707 aegre
430 1658 572 1696 tulistis
594 1671 661 1696 vos
681 1671 703 1695 a
724 1658 898 1709 tyrannis
923 1658 1085 1709 opprimi
1111 1664 1150 1695 et
1170 1656 1309 1701 vexari,
1330 1657 1410 1707 pari
1438 1656 1701 1707 indignatione

246 1717 317 1755 hos
346 1731 501 1769 quoque
522 1725 670 1756 vestras
691 1719 846 1769 injurias
866 1719 962 1756 ferre
983 1718 1076 1755 nulli
1103 1718 1294 1755 dubitate:
1325 1716 1398 1754 hoc
1418 1724 1532 1767 pacto
1550 1723 1588 1755 et
1607 1730 1700 1755 con-

246 1778 416 1816 cordiam
436 1779 618 1830 imprimis
640 1779 749 1817 aletis
768 1786 883 1830 atque
903 1779 1192 1825 constabilietis‚
1208 1786 1246 1816 et
1264 1791 1382 1828 remp.
1396 1778 1551 1816 mirifice
1570 1778 1703 1829 ampli-

246 1841 424 1888 ficabitis,
458 1841 700 1892 decretisque
731 1848 769 1879 et
798 1842 982 1892 exemplis
1012 1841 1147 1879 vestris
1177 1839 1345 1878 hostium
1379 1839 1516 1878 animis
1545 1840 1700 1878 aculeos

247 1914 362 1951 quam
382 1902 564 1940 acerrime
585 1909 804 1953 pungentes
824 1902 1062 1953 imprimetis.
1616 1946 1619 1947 ⁷

300 1964 336 2000 8.
368 1963 534 2015 Oportet
564 1976 734 2014 quoque,
751 1962 915 2011 judices,
936 1976 1066 2001 eorum
1095 1963 1326 2008 meminisse,
1348 1974 1434 2013 quae
1453 1963 1524 2000 sub
1546 1961 1700 2012 Trigin-

246 2025 458 2075 tatyrannis
484 2031 710 2070 evenerunt,
732 2037 808 2074 quo
837 2023 1073 2062 inimicorum
1103 2036 1250 2061 errores
1271 2036 1340 2061 vos
1359 2022 1494 2060 vestris
1515 2022 1565 2059 de
1586 2022 1700 2060 rebus

245 2085 409 2123 consilia
436 2098 575 2136 capere
604 2084 678 2123 hoc
711 2085 944 2135 sapientiora
969 2084 1149 2122 doceant.
1207 2083 1424 2121 Audientes
1444 2096 1525 2129 vos,
1546 2083 1699 2121 exsules

246 2147 312 2196 qui
333 2153 413 2183 tum
434 2146 563 2192 eratis,
584 2159 654 2184 nos
676 2147 740 2196 qui
762 2147 797 2184 in
819 2147 912 2184 urbe
932 2158 1196 2183 manseramus
1222 2145 1436 2183 concordes
1466 2157 1562 2190 esse,
1583 2144 1700 2182 habe-

245 2206 345 2245 batis
365 2208 510 2245 reditus
531 2207 568 2244 in
590 2207 750 2257 patriam
773 2220 879 2257 spem
901 2207 1163 2257 perexiguam,
1180 2207 1251 2244 rati
1272 2213 1452 2252 nostram,
1467 2206 1699 2242 urbanorum

245 2274 354 2317 puta,
375 2267 623 2305 concordiam
643 2274 770 2305 vestro
790 2267 826 2304 in
846 2267 1008 2318 patriam
1035 2265 1172 2304 reditui
1192 2266 1344 2304 officere
1365 2278 1597 2315 crucemque
1616 2278 1701 2303 esse

246 2328 368 2365 exsilii
388 2328 504 2365 vestri
523 2328 783 2365 durissimam:
814 2335 856 2365 ut
875 2334 1004 2365 autem
1026 2327 1184 2364 allatum
1207 2327 1256 2364 ad
1274 2340 1342 2365 vos
1363 2340 1410 2364 ex
1431 2327 1523 2364 urbe
1543 2326 1626 2372 fuit,
1643 2332 1702 2364 ter

245 2388 349 2427 mille
376 2388 540 2426 virorum
579 2388 792 2433 cohortem,
825 2388 931 2440 quod
967 2395 1049 2426 erat
1075 2388 1415 2439 TrigIntavirorum
1449 2387 1698 2426 ministerium

247 2456 361 2500 atque
384 2449 620 2494 satellitium,
643 2449 678 2486 in
701 2449 877 2487 dominos
898 2462 987 2487 suos
1008 2449 1274 2495 insurrexisse,
1294 2449 1460 2498 reliquos
1479 2449 1582 2487 cives
1602 2461 1700 2499 prae-

246 2512 354 2550 conis
376 2523 468 2549 voce
489 2511 661 2561 relegari,
681 2511 784 2561 ipsos
812 2511 1087 2561 Trigintaviros
1114 2511 1210 2548 inter
1236 2523 1321 2548 sese
1347 2509 1547 2555 dissidere,
1568 2508 1699 2559 plures

246 2573 413 2622 denique
433 2571 470 2608 in
494 2572 585 2609 urbe
605 2584 688 2610 esse
715 2584 782 2621 pro
803 2578 929 2609 vestra
955 2571 1079 2609 salute
1104 2570 1288 2609 sollicitos
1318 2577 1434 2620 atque
1464 2569 1700 2620 trepidantes

247 2646 362 2683 quam
383 2632 491 2670 vobis
511 2632 687 2677 infestos,
706 2639 786 2669 tum
805 2632 958 2669 demum
980 2632 1214 2682 incipiebatis
1235 2632 1332 2668 bene
1347 2631 1393 2667 de
1408 2636 1618 2681 coeptorum
1634 2643 1699 2667 ve-

248 2702 414 2731 strorum
436 2706 620 2732 successu
643 2705 808 2743 sperare,
830 2699 910 2730 tum
931 2693 1085 2730 demum
1107 2691 1288 2730 credibile
1314 2691 1422 2728 vob1s
1448 2691 1575 2737 fiebat,
1596 2690 1700 2728 brevi

247 2754 328 2790 fore
351 2754 448 2791 utin
479 2753 640 2804 patriam
667 2753 839 2791 rediretis
872 2760 988 2803 atque
1018 2754 1065 2790 ab
1096 2752 1258 2790 inimicis
1288 2765 1421 2802 poenas
1453 2751 1698 2802 repeteretis:

247 2813 423 2851 videntes
446 2827 572 2852 coram
600 2814 722 2853 oculis
753 2827 798 2852 ea
826 2813 991 2859 evenire,
1012 2827 1099 2863 quae
1126 2814 1217 2851 deos
1244 2812 1434 2862 supplices
1466 2811 1631 2850 orabatis
1661 2817 1701 2847 ut

247 2874 398 2913 evenire
413 2875 610 2926 juberent.
669 2875 895 2914 Censebatis
917 2887 1068 2925 nempe,
1091 2881 1129 2912 et
1149 2880 1249 2911 recte
1272 2873 1308 2910 id
1330 2873 1498 2923 quidem,
1518 2885 1586 2911 vos
1607 2870 1700 2909 redi-
