1822 3219
354 469 612 524 LYSIAE
638 424 643 432 ‘
668 465 1270 522 AREOPAGITICA

232 618 366 666 PRO
404 617 627 666 SACRA
667 615 871 664 OLlVA
908 611 1396 663 EXSCINDENDA

641 752 990 797 APOLOGlA.

755 863 885 870 ————

145 939 179 975 1.
195 937 230 975 Ο
239 951 318 976 LIM
331 938 511 989 equidem
519 938 717 989 opinabar,
727 938 933 976 Senatores
943 934 1241 988 [Areopagitae],
1250 933 1396 973 volenti
1411 934 1550 984 cuique

89 999 206 1038 licere
216 1001 335 1037 otium
351 1013 373 1038 a
385 1001 514 1038 litibus
531 1006 646 1050 atque
660 999 844 1038 molestiis
859 998 1075 1038 forensibus
1089 1009 1222 1047 agere:
1253 1009 1358 1034 nunc
1371 1002 1498 1034 autem
1511 996 1550 1032 in

93 1061 373 1100 criminationes
391 1062 532 1100 incurri
545 1068 623 1099 tam
635 1062 923 1112 inexspectatas
939 1061 976 1098 in
987 1059 1240 1117 hominesque
1254 1065 1333 1095 tam
1347 1058 1552 1108 improbos,

92 1130 133 1159 ut
155 1136 313 1162 necesse
343 1123 434 1160 mihi
454 1124 628 1161 videatur
647 1137 746 1169 esse,
776 1129 832 1168 ut,
853 1123 884 1160 si
905 1122 983 1159 fieri
1003 1121 1139 1172 possit,
1160 1121 1233 1172 ipsi
1259 1121 1356 1158 adeo
1377 1119 1551 1157 nondum

92 1184 130 1220 in
152 1184 279 1222 lucem
299 1185 391 1222 editi
412 1184 632 1223 discrimina
646 1184 716 1222 sibi
732 1186 779 1221 ab
794 1184 866 1221 illis
886 1183 1126 1221 imminentia
1139 1182 1433 1225 exhorrescant3
1465 1194 1555 1218 nam

94 1257 162 1294 per
182 1245 255 1282 hoc
275 1245 473 1282 hominum
489 1258 612 1295 genus
627 1244 848 1282 discrimina
866 1244 1045 1295 capitalia
1057 1256 1145 1281 cum
1166 1243 1381 1280 insontibus
1398 1242 1555 1293 perinde

93 1312 209 1356 atque
243 1319 330 1343 cum
360 1307 738 1344 consceleratissimis
770 1306 1118 1344 communicantur.
1186 1304 1397 1356 Conjectus
1424 1305 1556 1355 utique

95 1379 179 1404 sum
199 1367 236 1403 in
252 1374 447 1405 certamen
467 1369 631 1418 spissum
649 1374 687 1405 et
701 1367 984 1418 inexplicabile.
1041 1366 1145 1403 Olim
1159 1366 1409 1404 insimulabar
1429 1366 1556 1404 oleam

96 1427 214 1466 humo
239 1428 412 1466 eruisse:
454 1429 564 1479 cujus
594 1429 648 1467 rei
673 1428 919 1480 explorandae
952 1441 1072 1466 causa
1103 1440 1192 1465 cum
1228 1434 1477 1466 accusatores
1508 1428 1558 1465 ad

95 1490 357 1541 redemptores
380 1490 626 1541 vectigalium
640 1491 816 1528 adissent
827 1503 875 1527 ex
894 1489 988 1527 oleis
1003 1488 1163 1540 publicis
1178 1489 1443 1532 redeuntium;
1475 1502 1559 1528 cer-

97 1557 248 1597 nentes,
269 1551 342 1589 hac
357 1551 516 1602 quidem
535 1552 595 1590 via
616 1551 687 1589 sibi
708 1551 854 1589 aditum
871 1551 916 1589 ad
939 1564 999 1589 me
1019 1550 1253 1601 praeclusum
1274 1563 1360 1588 esse
1375 1550 1558 1601 omnique

97 1626 158 1651 me
188 1613 302 1664 culpa
326 1627 477 1660 vacare,
508 1627 610 1652 nunc
636 1626 696 1651 me
730 1613 1014 1651 calumniantur
1045 1614 1188 1652 Secum
1223 1613 1417 1651 excidisse
1438 1613 1493 1663 [h.
1522 1626 1559 1651 e.

96 1675 241 1714 vietum
261 1682 300 1714 et
317 1675 488 1714 effoetum
514 1675 613 1714 oleae
633 1683 828 1722 truncum,
855 1675 1042 1713 Minervae
1063 1674 1262 1726 quondam
1289 1675 1558 1723 consecratae]‚

96 1744 296 1788 sperantes
321 1739 397 1776 hoc
428 1739 544 1777 modo
581 1739 768 1785 futurum,
796 1745 840 1776 ut
872 1737 1206 1789 impeditissimam
1240 1738 1278 1775 in
1305 1750 1462 1775 causam
1498 1750 1560 1775 me

99 1798 310 1848 implicent,
355 1798 625 1850 licentiamque
664 1799 713 1837 de
751 1812 812 1837 me
855 1799 1038 1850 quicquid
1077 1799 1199 1838 velint
1242 1799 1560 1838 comminiscendi

100 1861 379 1912 adipiscantur.
437 1862 501 1900 Sic
530 1862 672 1900 factum
703 1868 778 1906 est,
798 1868 842 1899 ut
869 1874 1032 1899 necesse
1058 1874 1161 1899 nunc
1190 1860 1356 1898 habeam
1376 1861 1562 1899 adversus

101 1922 387 1961 criminationes
411 1923 530 1961 falsas
551 1924 598 1960 ab
620 1923 846 1960 insidiatore
867 1922 1001 1974 capitis
1021 1922 1096 1960 mei
1116 1928 1259 1960 temere
1276 1923 1461 1960 confictas
1490 1936 1561 1973 pu-

100 1993 232 2034 gnare,
253 1996 397 2034 easque
417 1983 510 2021 dum
535 1983 767 2021 contendam
793 1996 922 2021 coram
944 1983 1065 2031 vobis,
1090 1984 1312 2029 Senatores,
1333 1983 1478 2021 diluere
1496 1983 1563 2033 qui

98 2043 191 2082 mihi
211 2043 285 2082 hac
305 2045 343 2082 in
364 2058 483 2083 causa
503 2048 568 2094 jus
589 2045 728 2083 dicturi
755 2045 852 2091 sitis,
873 2045 922 2083 de
949 2045 1073 2096 patria
1100 2045 1344 2096 fortunisque
1366 2045 1459 2083 meis
1478 2058 1561 2083 om-

100 2106 214 2144 nibus
234 2106 437 2157 periclitari
455 2120 464 2144 :
490 2113 753 2145 verumtamen
773 2119 846 2158 ego
862 2106 1111 2145 nihilominus
1132 2108 1301 2145 conabor
1321 2120 1388 2145 vos
1407 2120 1562 2145 omnem

102 2180 181 2205 rem
200 2181 223 2206 a
240 2168 427 2220 principio
442 2169 533 2206 inde
553 2169 708 2207 docere.

157 2230 197 2266 2.
227 2229 321 2267 Erat
345 2242 482 2280 nempe
502 2229 645 2268 fundus
664 2229 727 2267 hic
752 2229 949 2280 quondam
978 2228 1181 2267 Pisandri:
1213 2232 1323 2278 cujus
1352 2229 1456 2268 bona
1474 2242 1562 2268 cum

102 2297 233 2329 essent
260 2291 468 2342 publicata,
509 2291 770 2343 Apollodorus
804 2291 1048 2343 Megarensis
1084 2305 1185 2338 eum,
1219 2305 1242 2330 a
1277 2292 1421 2343 populo
1460 2292 1564 2331 dono

103 2358 258 2397 nactus,
289 2352 511 2403 aliquandiu
531 2354 613 2404 ipse
636 2367 703 2405 per
735 2367 776 2391 se
797 2353 993 2397 excoluit;
1023 2353 1272 2404 postmodum
1293 2362 1422 2392 autem
1448 2355 1565 2405 paulo

104 2420 193 2453 ante
208 2414 452 2466 tyrannidem
472 2416 586 2452 XXX
603 2415 769 2452 virorum
784 2414 927 2452 Anticli
939 2414 1135 2453 vendidit:
1165 2415 1344 2453 Anticles
1359 2415 1565 2453 colendum

106 2475 236 2514 nescio
249 2475 309 2512 cui
324 2475 489 2514 elocavit
505 2488 514 2513 :
543 2475 720 2514 restituta
735 2488 830 2526 pace
847 2487 936 2513 eum
953 2488 1026 2527 ego
1041 2476 1090 2514 ab
1105 2476 1262 2514 Anticle
1277 2476 1363 2513 emi.
1402 2476 1426 2512 J
1431 2488 1490 2512 arn
1504 2489 1566 2513 me

109 2535 220 2574 decet
236 2537 396 2587 planum
414 2537 522 2576 vobis
542 2537 684 2584 facere,
713 2537 933 2584 Senatores,
951 2550 1030 2588 quo
1056 2545 1228 2589 tempore
1249 2537 1428 2575 dominus
1456 2537 1565 2576 fundi

108 2594 232 2633 factus
265 2610 337 2648 ego
368 2611 468 2645 sum,
495 2611 540 2637 eo
566 2612 692 2650 neque
722 2599 848 2637 oleam
876 2611 1002 2650 neque
1033 2612 1168 2638 secum
1195 2599 1247 2637 ibi
1278 2599 1400 2636 ullum
1432 2598 1564 2637 fuisse.

113 2657 323 2697 Anterioris
343 2662 444 2700 enim
466 2662 647 2713 temporis
669 2661 717 2700 ob
738 2662 895 2709 delicta,
915 2662 947 2699 si
973 2675 1060 2712 quae
1085 2661 1384 2707 intercesserint,
1404 2661 1567 2699 arbitror

111 2717 217 2755 haud
245 2732 396 2769 aequum
429 2735 514 2761 esse
539 2736 601 2761 me
633 2723 824 2769 mulctari,
853 2723 1002 2762 etiamsi
1035 2724 1131 2761 oleae
1155 2723 1244 2761 olim
1274 2722 1325 2760 ibi
1353 2723 1567 2761 innumerae

109 2778 287 2826 fuissent,
303 2793 405 2820 nunc
425 2782 666 2823 desideratae.
724 2785 827 2823 Nam
853 2785 885 2824 si
905 2798 974 2836 per
988 2798 1049 2823 me
1076 2784 1239 2823 sublatae
1259 2783 1336 2822 illae
1358 2797 1435 2823 non
1461 2792 1565 2830 sunt,

111 2839 217 2879 haud
245 2842 423 2883 convenit
445 2843 636 2885 insontem
659 2859 721 2886 me
743 2860 813 2899 pro
833 2853 946 2887 sonte
975 2846 1106 2898 plecti.
1166 2846 1318 2886 Bellum
1347 2859 1498 2898 nempe,
1525 2853 1568 2885 ut
