1822 3219
560 154 737 193 SUPER
767 153 1088 194 CHOREUTA.
1491 152 1537 188 71

87 270 220 309 quoeso
247 271 330 303 vos,
349 259 473 309 possit
501 257 728 308 excogitari,
756 256 860 294 unde
892 262 959 294 aut
979 255 1078 293 veris
1108 254 1205 292 fides
1229 254 1450 292 adstruatur
1478 259 1546 292 aut

86 318 194 357 falsis
225 318 466 364 detrahatur,
478 320 515 357 'si
534 319 618 355 haec
637 330 725 367 quae
756 316 867 354 attuli
895 316 1129 353 documenta
1154 314 1208 351 nil
1231 313 1362 351 valent
1386 313 1435 351 ad
1464 325 1545 351 rem

86 380 441 430 comprobandam?
498 380 597 417 Nam
620 378 794 416 oratione
814 376 966 427 quidem
995 375 1026 412 si
1052 374 1137 425 quis
1155 387 1232 412 rem
1252 373 1402 418 doceat,
1426 380 1546 411 testes

88 447 214 477 autem
231 440 331 477 idem
352 440 477 477 nullos
499 440 689 483 exhibeat,
707 437 896 488 ejusmodi
915 437 1127 475 orationem
1148 435 1226 473 aias
1243 435 1398 472 testium
1412 441 1545 472 aucto—

89 501 201 538 ritate
225 513 380 539 carere:
410 501 467 538 sin
489 506 617 537 autem
640 505 761 536 testes
782 498 962 536 exhibeat
981 496 1150 547 quidem,
1177 501 1436 533 verumtamen
1469 508 1545 533 non

89 561 178 598 item
209 561 350 598 indicia
382 560 474 597 edat
501 559 720 597 auctoritati
749 558 904 596 testium
931 564 1206 602 consentanea,
1238 556 1362 606 possis
1391 562 1432 592 tu
1466 556 1546 605 pari

89 621 204 660 modo
231 621 346 658 fidem
377 620 600 657 indiciorum
631 620 865 657 desiderare.
922 619 1006 668 Ego
1024 630 1113 655 vero
1133 624 1173 654 et
1190 616 1372 654 orationis
1392 629 1439 654 ea
1457 628 1546 666 pro—

89 682 286 720 babilitate
319 695 398 719 rem
431 688 581 732 gestam
615 681 802 725 enarravi,
833 687 877 717 ut
902 692 991 717 vero
1032 678 1265 716 simillimum
1298 678 1347 715 sit
1375 690 1459 715 eam
1492 677 1548 715 ita

90 749 238 792 gestam
257 755 357 788 esse,
373 749 412 780 et
436 749 550 779 testes
583 741 748 792 produxi
780 741 834 777 illi
866 753 962 777 meae
992 739 1153 777 orationi
1177 738 1480 784 consentientes,
1509 745 1549 776 et

88 803 191 840 facta
206 802 370 852 denique
389 802 650 840 demonstravi
670 801 824 839 testium
854 800 1069 838 auctoritati
1088 798 1354 844 consonantia,
1375 806 1413 835 et
1432 811 1546 849 argu-

89 869 218 900 menta
237 862 327 900 inde
341 863 485 914 collegi
503 875 626 913 prono
645 862 755 900 alveo
783 861 889 900 illinc
922 861 1155 906 emanantia,
1185 867 1223 897 et
1253 866 1439 910 praeterea
1468 859 1546 898 duo

87 923 265 973 quaedam
286 923 358 961 hac
379 923 415 961 in
450 937 566 962 causa
593 923 654 961 vel
685 922 870 973 palmaria
898 921 1170 966 demonstravi,
1191 920 1260 957 hos
1279 919 1432 970 quidem
1453 926 1548 970 puta

89 991 130 1023 et
147 997 171 1022 a
189 998 250 1022 me
265 991 304 1022 et
322 997 346 1022 a
361 993 482 1022 semet
502 984 595 1035 ipsis
616 984 812 1022 convictos
842 990 880 1021 et
899 983 1195 1025 condemnatos,
1216 992 1278 1018 me
1309 987 1451 1025 autem,
1469 993 1546 1018 non

90 1058 113 1083 a
126 1059 186 1084 me
206 1046 464 1091 solummodo,
486 1047 556 1084 sed
576 1047 624 1084 ab
640 1046 714 1084 illis
730 1045 822 1096 ipsis
842 1045 938 1083 adeo
956 1044 1175 1082 absolutum
1194 1056 1204 1083 ι
1235 1055 1297 1080 me
1318 1043 1419 1081 enim
1444 1043 1546 1081 ultro

61 1119 63 1121 ’
90 1106 350 1145 descendente
380 1107 430 1144 ad
462 1106 705 1145 subeundum
733 1106 990 1157 inquisitionis
1019 1105 1232 1155 periculum
1253 1104 1301 1142 de
1323 1103 1546 1142 criminibus

90 1167 182 1205 mihi
201 1168 374 1219 objectis,
390 1168 429 1205 bi
449 1168 623 1206 nolentes
637 1181 721 1206 earn
742 1167 1001 1219 conditionem
1016 1166 1207 1216 amplecti,
1226 1164 1402 1215 injuriam
1416 1165 1547 1216 utiquc

90 1228 258 1279 mihique
278 1230 424 1279 sibique
454 1229 526 1280 ipsi
559 1229 765 1273 dederunt,
791 1228 1004 1277 eodemque
1036 1226 1156 1263 veluti
1186 1225 1338 1262 calculo
1369 1238 1457 1262 cum
1486 1238 1547 1263 me

91 1289 349 1336 absolverunt,
367 1297 448 1327 tum
468 1296 590 1327 semet
622 1289 695 1339 ipsi
725 1288 1032 1326 condemnarunt
1051 1299 1240 1336 suamque
1260 1285 1549 1323 accusationem

89 1361 162 1386 ceu
181 1350 405 1387 mendacem
431 1350 724 1400 dispunxerunt.
781 1348 900 1398 Atqui
928 1348 973 1393 si,
994 1353 1132 1397 praeter
1161 1352 1282 1383 testes
1305 1358 1424 1391 meos,
1444 1345 1548 1396 ipsos

90 1408 188 1447 adeo
208 1410 445 1448 adversarios
466 1423 594 1448 causae
611 1423 707 1447 meae
722 1409 1000 1459 subscriptores
1015 1415 1166 1458 praesto‚
1182 1419 1307 1456 ecquo
1322 1406 1397 1444 alio
1413 1419 1547 1457 quaeso

91 1471 284 1522 oportebit
302 1471 369 1516 ire,
391 1471 440 1509 ad
462 1471 737 1509 arcessendum
757 1477 985 1520 argumenta
1003 1468 1281 1507 absolutionis?

145 1535 181 1571 8.
203 1534 368 1571 Tametsi
385 1534 500 1584 igitur
519 1532 870 1583 autumo‚judices‚
883 1538 961 1569 tam
984 1531 1104 1568 multa
1123 1538 1162 1568 et
1182 1538 1257 1567 tam
1281 1531 1412 1580 gravia
1432 1536 1547 1581 atque

91 1602 168 1633 tam
184 1595 386 1645 perspicua
399 1600 459 1632 r‘ne
475 1595 707 1646 disputasse,
721 1600 905 1631 uteorum
923 1592 1124 1630 momentis
1142 1591 1233 1629 victi
1247 1603 1314 1628 vos
1332 1603 1393 1628 me
1412 1592 1548 1629 merito

94 1655 245 1693 ducatis
255 1656 532 1694 absolvendum
547 1669 646 1700 esse,
657 1664 694 1692 et
710 1655 840 1692 abhoc
851 1654 1005 1692 crimine
1019 1666 1078 1690 me
1093 1665 1248 1703 prorsus
1259 1665 1394 1690 vacare
1407 1653 1549 1691 nemini

90 1724 258 1754 vestrum
278 1718 328 1755 sit
351 1717 533 1755 dubium:
562 1730 639 1768 quo
668 1723 796 1754 tamen
824 1715 951 1753 adhuc
972 1715 1151 1752 subtilius
1173 1721 1286 1764 atque
1306 1715 1447 1752 certius
1467 1727 1547 1752 rem

90 1778 353 1828 cognoscatis,
369 1780 574 1829 procedam
595 1779 723 1817 adhuc
743 1778 916 1824 ulterius,
938 1784 976 1816 et
1003 1778 1158 1828 planum
1178 1777 1316 1815 faciam
1335 1778 1407 1816 hos
1427 1791 1544 1816 accu-

91 1846 238 1877 satores
263 1853 370 1877 meos
397 1853 482 1878 esse
501 1840 696 1877 hominum
717 1846 911 1890 quotquot
942 1845 1033 1877 sunt
1065 1838 1234 1876 omnium
1266 1841 1431 1877 maxime
1463 1852 1548 1890 per-

84 1900 193 1950 juros
212 1900 441 1950 pietatisque
467 1914 561 1951 erga
580 1900 673 1938 deos
692 1899 1066 1950 aspernantissimos,
1082 1899 1247 1949 odioque
1275 1899 1457 1950 imprimis
1489 1900 1546 1938 di-

91 1973 204 2011 gnos,
233 1973 311 1998 non
344 1974 430 1999 meo
459 1962 596 2007 solum,
627 1974 753 2011 neque
786 1968 927 2007 vestro,
954 1961 1123 2012 judices,
1147 1960 1216 1997 sed
1248 1961 1417 1998 omnium
1447 1961 1546 1999 adeo

91 2021 246 2067 civium,
262 2023 311 2059 ob
331 2034 478 2060 morum
493 2022 776 2072 improbitatem
791 2023 830 2059 in
849 2021 920 2059 hac
938 2035 1057 2060 causa
1077 2022 1395 2059 demonstratam.
1444 2021 1546 2059 Nam

89 2084 210 2133 primo
233 2083 389 2133 quidem
418 2084 479 2121 die
503 2097 580 2134 quo
611 2097 704 2134 puer
724 2084 995 2133 exspiraverat,
1022 2083 1113 2120 item
1137 2082 1257 2120 altero
1286 2095 1362 2132 quo
1381 2082 1548 2120 cadaver

89 2144 172 2195 ejus
192 2144 348 2195 patebat
379 2144 603 2194 spectaculo
623 2144 853 2194 expositum,
886 2156 1040 2192 aequum
1075 2143 1113 2179 hi
1144 2156 1222 2180 non
1251 2143 1462 2180 censebant
1487 2155 1547 2180 me

88 2204 204 2242 ullius
220 2205 395 2242 incusare
413 2204 488 2243 hac
507 2205 546 2241 in
565 2217 604 2242 re
621 2204 818 2241 commissi
839 2203 977 2241 erroris
998 2209 1065 2241 aut
1084 2203 1275 2248 facinoris,
1299 2203 1368 2241 sed
1395 2215 1548 2241 mecum

89 2265 438 2315 congrediebantur
468 2272 505 2302 et
532 2277 728 2303 sermones
758 2265 1029 2303 conferebant:
1060 2263 1208 2301 interim
1230 2265 1429 2314 congressi
1457 2277 1546 2302 cum

89 2326 250 2364 inimicis
271 2318 380 2372 meis,
400 2326 578 2364 sinebant
596 2325 665 2363 sibi
687 2327 735 2363 ab
766 2326 823 2362 his
845 2325 1082 2375 persuaderi,
1102 2332 1144 2361 ut
1171 2325 1223 2362 ad
1257 2324 1449 2363 actionem
1478 2325 1547 2363 ad-

89 2399 220 2426 versus
239 2398 298 2423 me
316 2387 615 2438 comparandam
636 2387 946 2437 accingerentur,
967 2386 1080 2424 tertio
1108 2386 1263 2424 demum
1291 2387 1366 2432 die,
1387 2387 1461 2425 hoc
1490 2394 1550 2425 est

90 2463 150 2496 eo,
169 2462 246 2499 quo
265 2462 359 2501 puer
377 2449 620 2494 efferebatur,
645 2448 737 2485 mihi
761 2448 1058 2492 denuntiabant,
1079 2454 1120 2485 ut
1148 2447 1419 2493 meminissem,
1444 2448 1550 2485 velut

90 2511 296 2555 homicida,
319 2511 406 2548 loca
422 2523 444 2547 a
463 2510 549 2560 lege
568 2509 685 2547 vetita
701 2509 884 2547 devitare.
943 2509 1110 2552 Quinam
1140 2516 1268 2546 autem
1298 2509 1336 2545 hi
1366 2514 1457 2546 sunt
1476 2508 1545 2545 ini-

91 2571 190 2617 mici,
209 2584 369 2622 quorum
389 2571 544 2608 hortatu
565 2571 656 2607 moti
676 2576 784 2608 tanta
810 2583 870 2608 me
893 2570 992 2607 mole
1012 2570 1269 2608 accusationis
1286 2569 1408 2607 adorti
1426 2569 1548 2606 sunt?

92 2637 132 2668 et
148 2644 323 2684 quaenam
344 2644 390 2670 ea
403 2645 523 2670 causa
541 2638 614 2675 est,
635 2644 722 2681 quae
738 2631 824 2669 illos
844 2644 950 2669 meos
971 2631 1144 2669 inimicos
1164 2630 1324 2680 impulit,
1340 2635 1384 2666 ut
1404 2628 1475 2666 hos
1497 2629 1549 2667 ad

93 2697 236 2730 tantam
252 2693 451 2731 audaciam
469 2692 756 2731 accenderent?
811 2693 912 2730 Nam
942 2693 1029 2730 haec
1061 2705 1230 2742 quoque,
1265 2703 1343 2728 non
1374 2690 1548 2729 commit-

91 2752 250 2790 tendum
267 2753 358 2802 mihi
379 2761 438 2791 est
461 2761 504 2791 ut
522 2767 600 2799 vos,
627 2753 794 2804 judices,
814 2753 1011 2803 ignoretis.
1068 2753 1225 2789 Stabam
1248 2763 1383 2801 nempe
1401 2751 1440 2788 in
1458 2764 1547 2802 pro-

92 2813 221 2850 cinctu
241 2813 468 2852 Aristionem
488 2821 527 2853 et
546 2814 740 2851 Philinum
759 2820 799 2852 et
821 2814 1068 2865 Ampelinum
1102 2819 1141 2850 et
1161 2812 1547 2851 commentariensem

92 2872 466 2921 Thesmothetarum,
486 2879 562 2925 quo
582 2875 737 2926 conscio
766 2882 804 2913 et
822 2881 998 2914 consorte
1021 2874 1205 2910 furtorum
1227 2872 1287 2912 isti
1308 2872 1547 2920 furabantur,
