1822 3219
652 353 700 404 L
747 354 794 405 Y
841 355 875 406 S
923 354 949 404 I
992 353 1061 405 AE

430 505 780 552 ADVERSUS
828 501 1272 552 DELATIONEM

192 647 355 690 QUOD
385 645 627 684 PECUNIA
668 644 903 681 PUBLICA
946 643 996 680 EI
1042 642 1295 680 COLLATA
1340 641 1501 678 ESSET

483 764 580 806 QUI
611 762 892 801 IMPOTENS
924 761 1038 799 NON
1071 761 1212 798 ERAT

729 873 971 916 ORATIO.

176 1061 209 1096 1.
240 1059 438 1096 MULTUM
471 1058 620 1102 absum,
651 1064 863 1102 senatores,
897 1062 939 1092 ut
972 1056 1114 1093 irascar
1144 1055 1233 1093 huic
1265 1055 1497 1099 accusatori,-
1529 1061 1568 1092 ut

118 1120 278 1171 gratiam
296 1120 423 1170 potius
442 1119 476 1157 ei
494 1119 669 1161 habeam,
687 1118 748 1168 qui
767 1125 963 1155 certamen
982 1118 1053 1155 hoc
1074 1118 1162 1154 mihi
1182 1117 1422 1167 compararit.
1481 1116 1568 1159 Qua

115 1181 213 1217 enim
231 1179 393 1217 antehac
408 1180 586 1217 carebam
600 1178 883 1228 opportunitate
898 1179 1142 1229 legitimaque
1162 1191 1281 1216 causa
1301 1190 1452 1214 omnem
1469 1190 1574 1217 meae,

115 1240 202 1277 vitae
221 1240 405 1283 rationem
436 1251 563 1276 coram
585 1238 691 1275 vobis
711 1238 939 1288 explicandi,
961 1252 1043 1275 eam
1064 1251 1167 1275 nunc
1189 1251 1256 1288 per
1275 1237 1379 1274 hunc
1399 1237 1567 1286 adeptus

113 1313 212 1338 sum.
270 1301 451 1338 Conabor
469 1300 597 1349 itaque
617 1299 689 1336 hac
717 1299 886 1336 oratione
916 1299 1073 1349 planum
1107 1299 1246 1343 facere,
1271 1298 1375 1335 hunc
1406 1297 1563 1347 quidem

111 1361 274 1407 mentiri,
292 1373 354 1398 me
371 1366 498 1398 autem
513 1360 563 1397 ad
582 1359 655 1396 hoe
674 1358 750 1396 diei
765 1359 879 1396 vitam
900 1359 1025 1409 egisse
1045 1372 1142 1403 eam,
1164 1366 1206 1396 ut
1223 1358 1336 1395 laude
1357 1358 1426 1395 sim
1447 1370 1564 1408 quam

110 1421 252 1459 invidia
273 1421 434 1471 dignior.
493 1421 594 1458 Nam
619 1419 762 1456 invidia
787 1419 941 1464 ductus,
969 1420 1152 1469 nullaque
1180 1418 1254 1457 alia
1277 1419 1325 1456 de
1356 1431 1487 1463 causa,
1507 1418 1562 1455 vi-

108 1483 219 1519 detur
238 1482 298 1519 hic
317 1481 433 1519 homo
454 1494 515 1518 me
543 1481 617 1518 hoc
637 1480 674 1517 in
700 1488 894 1517 certarnen
925 1480 1160 1523 detrusisse;
1191 1493 1411 1530 quanquam
1432 1479 1476 1516 iis
1496 1479 1562 1528 qui

106 1541 265 1586 invidet,
287 1555 448 1591 quorum
468 1542 530 1578 alii
551 1541 786 1587 miserentur,
806 1542 956 1591 ecquod
974 1542 1036 1578 iile
1056 1541 1240 1591 flagitium
1257 1553 1375 1578 unum
1391 1540 1561 1578 omnium

106 1603 214 1640 vobis
230 1603 432 1640 abhorrere
448 1602 621 1639 videtur?
668 1602 899 1651 Quanquam
915 1615 982 1639 cur
997 1602 1084 1638 mihi
1102 1602 1282 1646 invideat,
1297 1615 1369 1651 ego
1384 1601 1558 1651 equidem

108 1663 158 1700 nil
190 1666 317 1701 causae
348 1675 474 1700 cerno.
531 1662 630 1700 Nam
661 1663 692 1699 si
719 1675 833 1712 opum
856 1675 987 1705 causa,
1006 1662 1122 1699 nullae
1143 1663 1232 1699 mihi
1253 1670 1367 1705 sunt;
1399 1663 1485 1699 etsi
1507 1663 1560 1700 ait

106 1736 204 1768 esse,
234 1723 376 1772 injusta
408 1735 467 1759 me
497 1722 689 1759 calumnia
721 1721 750 1758 it
782 1735 1033 1772 oppressum:
1070 1723 1128 1760 sin
1165 1731 1292 1760 autem
1325 1721 1558 1759 simultatem

105 1785 234 1822 nescio
254 1797 366 1834 quam
384 1795 491 1820 suam
513 1795 660 1820 mecum
681 1782 897 1832 praetendit,
913 1796 1035 1832 eaque
1052 1797 1091 1821 se
1107 1783 1310 1834 impulsum
1326 1783 1378 1820 ait
1392 1783 1441 1820 ad
1457 1783 1558 1821 hanc

105 1845 209 1882 litem
240 1843 328 1880 mihi
359 1843 601 1886 movendam,
631 1842 770 1892 pariter
802 1843 1007 1885 mentitum
1039 1856 1084 1880 ea
1110 1844 1209 1880 enim
1236 1850 1291 1880 est
1314 1843 1395 1892 ejus
1415 1843 1557 1893 impro-

104 1906 217 1949 bitas,
244 1912 285 1941 ut
312 1911 393 1940 tota
423 1916 508 1940 mea
534 1903 610 1940 vita
639 1903 803 1939 caverim
834 1903 886 1939 rei
915 1904 1120 1952 quicquam
1145 1917 1231 1940 cum
1259 1903 1324 1940 illo
1352 1915 1556 1942 commune

102 1966 264 2009 babere;
294 1970 467 2001 neutram
493 1964 530 2000 in
556 1971 700 2013 partem
735 1976 781 2000 eo
811 1976 894 1999 sum
923 1977 1040 2006 usus;
1078 1977 1204 2013 neque
1237 1964 1399 2001 amicum
1430 1976 1556 2014 neque

101 2025 295 2063 inimicum
315 2037 480 2074 unquam
501 2036 587 2060 eum
608 2023 738 2060 habui.
797 2023 921 2060 Eecur
937 2025 1065 2073 itaque
1085 2024 1254 2072 tandem,
1269 2025 1485 2068 Senatores,
1503 2026 1555 2062 ita

103 2085 192 2123 mihi
213 2084 387 2122 invidet?
444 2084 542 2122 Nam
566 2097 605 2121 se
633 2084 723 2121 mihi
753 2084 922 2122 invidere
950 2092 1027 2123 tam
1059 2087 1200 2136 apertis
1231 2087 1360 2136 prodit
1390 2087 1551 2133 indiciis,

100 2154 143 2182 ut
162 2145 313 2182 infitiari
335 2151 511 2194 nequeat.
569 2144 706 2181 Dicam
725 2145 845 2182 vobis.
894 2146 1071 2183 Virtute
1063 2147 1134 2196 ipsi
1154 2154 1309 2197 praesto.
1360 2147 1462 2185 Usus
1482 2149 1554 2186 hac

100 2219 212 2255 quam
238 2205 374 2243 videtis
394 2205 624 2250 calamitate,
645 2206 736 2242 civis
764 2212 889 2243 tamen
918 2220 1000 2244 sum
1032 2207 1098 2244 illo
1132 2208 1263 2245 sortior
1291 2218 1405 2258 atque
1433 2210 1552 2248 hone-

99 2266 213 2308 sti0r;
244 2272 283 2303 et
302 2278 449 2314 semper
469 2265 599 2302 studui
618 2278 717 2311 esse,
737 2272 840 2303 ratus
862 2275 1036 2316 oportere
1057 2268 1162 2304 labes
1178 2269 1325 2317 corpori
1353 2282 1375 2306 a
1400 2262 1553 2308 sinistra

99 2327 266 2376 quadam
293 2327 445 2362 fortuna
474 2326 623 2362 oblatas
655 2328 792 2364 mentis
824 2328 1002 2365 laudibus
1030 2328 1180 2378 corrigi.
1239 2328 1376 2380 Neque
1396 2332 1470 2368 mei
1491 2344 1550 2368 me

97 2387 244 2426 consilii
279 2386 452 2437 poenitet,
483 2386 551 2423 sed
585 2393 727 2423 rectam
763 2399 822 2424 me
856 2389 956 2435 viam
996 2389 1164 2426 tenuisse
1201 2402 1427 2439 persuasum
1459 2391 1552 2430 mihi

95 2448 245 2485 babeo:
277 2459 384 2483 mens
417 2446 515 2483 enim
546 2446 575 2483 si
608 2446 696 2483 mihi
727 2447 786 2492 sit,
807 2448 963 2497 perinde
996 2457 1111 2499 atque
1148 2463 1286 2499 corpus
1316 2459 1387 2496 est,
1414 2452 1549 2489 vitiosa

98 2515 211 2558 atque
240 2507 427 2549 mutilata,
461 2514 499 2543 et
535 2519 681 2544 morum
715 2508 904 2558 pravitate
938 2509 969 2546 si
1002 2510 1090 2547 huic
1124 2511 1331 2561 praestem?
1368 2524 1444 2548 non
1477 2511 1547 2549 sim

96 2568 252 2618 perinde
272 2567 392 2617 turpis
412 2567 562 2603 futurus.
582 2574 620 2604 et
641 2568 918 2613 abominabilis,
940 2577 1054 2620 atque
1075 2570 1135 2607 hic
1155 2569 1238 2606 est?

106 2667 110 2670 ,
149 2632 186 2666 2.
219 2628 301 2664 Sed
319 2627 403 2664 haec
429 2627 627 2664 hactenus.
687 2628 812 2677 Ipsam
840 2642 942 2667 nunc
962 2630 1010 2666 ad
1031 2642 1185 2667 causam
1217 2629 1468 2673 accedamu83
1499 2631 1559 2669 de

94 2704 172 2741 qua
189 2701 303 2738 quam
322 2688 551 2725 brevissimis
574 2696 719 2738 potero,
739 2690 953 2737 conficiam.
1001 2685 1214 2726 Accusator
1234 2703 1370 2740 nempe
1389 2692 1544 2745 obolum

96 2765 117 2788 a
138 2763 218 2799 r).e1
239 2748 365 2785 adhuc
397 2742 484 2784 mihi
510 2749 710 2798 praebitum
745 2757 861 2799 negat
888 2752 944 2788 fas
977 2763 1062 2787 esse
1093 2751 1337 2800 imposterum
1372 2754 1545 2802 praeberi

95 2811 162 2849 sed
183 2810 234 2847 ait
253 2807 521 2856 denegandum
542 2821 649 2847 esse:
681 2822 819 2861 corpus
841 2811 929 2851 mini
953 2810 1118 2848 validum
1143 2819 1180 2847 et
1207 2812 1403 2850 robustum
1430 2826 1541 2852 esse·
1532 2843 1544 2858 ‚

785 2872 807 2905 2
830 2883 847 2907 s
