1822 3219
617 161 957 221 TETRAPOGIA
986 161 1060 197 ΙΙΙ.
1502 162 1554 198 37

232 357 269 392 3.
297 354 597 393 ACCUSATIO
626 352 938 390 POSTERIOR
968 350 1219 388 EJUSDEM
1251 350 1439 387 CAEDIS.

668 460 944 489 ARGUMENTU
950 460 993 488 M.

161 533 197 563 Iu
217 535 273 564 bac
296 534 428 564 oratione
448 533 538 569 dicit,
557 533 664 568 Miror,
682 533 752 571 quia
777 531 943 562 verisimile
964 541 1020 560 non
1046 535 1103 565 est,
1121 529 1267 559 seniorem
1291 528 1419 567 primum
1441 529 1550 559 laedere

117 584 258 623 coepisse.
303 584 421 613 Deinde
433 593 579 613 concesso
591 593 653 612 rem
671 583 715 612 sic
732 593 764 612 se
779 583 900 616 habere,
913 591 980 611 eum
994 580 1043 619 qui
1059 591 1091 610 se
1107 589 1203 618 usque
1214 580 1252 608 ad
1266 583 1393 608 mortem
1404 578 1548 613 defendit,

116 633 235 663 crimini
247 633 409 662 obnoxium
426 632 547 668 esseset
560 634 600 662 de
614 632 745 668 medico,
755 632 874 671 quando
886 635 1012 670 propter
1023 629 1207 669 imperitiam
1220 628 1343 664 erravit,
1353 638 1423 658 eum
1434 628 1550 658 crimini

119 693 176 713 uon
193 683 366 712 obnoxium.

171 797 298 835 Hunc
318 797 368 834 nil
391 798 502 837 miror
520 797 644 847 impiis
659 797 770 834 factis
785 797 925 834 similes
940 796 1126 834 orationes
1139 795 1366 845 adjungere;
1396 801 1435 831 et
1446 794 1550 833 vobis

116 860 287 909 ignosco,
302 859 420 909 quod,
435 858 564 897 studio
585 865 703 896 totam
725 871 804 895 rem
824 859 976 908 penitus
991 855 1263 907 cognoscendi,
1276 854 1464 905 ejusmodi
1483 868 1556 901 ser-

116 932 249 957 mones
268 919 452 970 patienter
472 919 624 964 auditis,
646 931 742 968 quos
761 918 915 968 explodi
933 930 1000 968 par
1020 923 1112 954 erat.
1170 915 1244 953 Hic
1269 915 1381 960 enim,
1402 916 1549 952 tametsi

114 980 254 1018 fatetur
271 980 427 1017 verbera
451 979 594 1016 homini
615 980 680 1016 illa
698 978 906 1028 ingessisse
926 978 1025 1015 unde
1045 976 1260 1027 exspiravit,
1283 982 1412 1012 tamen
1438 983 1552 1025 negat

115 1052 156 1077 se
171 1039 401 1077 homicidam
416 1040 496 1090 ejus
512 1053 614 1082 esse;
645 1053 714 1077 nos
729 1048 872 1084 autem,
886 1039 949 1088 qui
963 1045 1119 1075 mortem
1134 1037 1215 1087 ejus
1232 1035 1366 1073 ulcisci
1382 1035 1553 1080 student,

114 1101 220 1146 vivus
241 1100 446 1150 vidensque
466 1099 676 1137 homicidas
693 1100 775 1150 ejus
793 1113 877 1137 esse
892 1099 998 1136 dicit.
1054 1097 1132 1135 Sed
1149 1105 1186 1134 et
1201 1096 1430 1146 reliquorum
1446 1108 1555 1146 argu-

112 1167 328 1202 mentorum
346 1160 542 1197 stultitiam
559 1161 646 1198 huic
659 1173 787 1210 parem
801 1173 884 1197 esse
901 1159 1186 1196 demonstrabo.
1241 1157 1411 1193 Primum
1424 1157 1552 1206 itaque

116 1222 349 1259 asseveravit
365 1222 454 1266 hoc,
476 1221 625 1259 etiamsi
651 1234 671 1258 e
698 1221 822 1271 plagis
851 1221 1081 1270 exspirasset
1106 1219 1174 1262 vir,
1196 1231 1218 1255 a
1242 1230 1282 1255 se
1309 1224 1438 1255 tamen
1466 1217 1553 1255 ideo

115 1296 191 1320 non
215 1296 301 1320 esse
321 1282 538 1319 sublatum:
567 1283 658 1319 rixae
677 1283 776 1319 enim
797 1281 1008 1332 principem
1030 1293 1052 1317 a
1072 1280 1156 1329 lege
1177 1279 1425 1316 condemnari
1450 1278 1550 1323 ideo,

113 1343 217 1393 quod
236 1355 352 1393 penes
371 1355 458 1387 eum
478 1355 598 1380 causa
617 1349 839 1379 eventorum
859 1348 980 1383 esset;
1012 1340 1081 1378 sed
1101 1346 1336 1390 peremptum
1358 1338 1476 1376 rixam
1492 1352 1554 1377 ex-

114 1415 241 1440 orsum
265 1416 365 1440 esse.
419 1402 506 1440 Jarn
528 1403 624 1440 scire
642 1416 709 1440 vos
729 1403 857 1448 velim,
872 1402 1036 1453 judices,
1056 1400 1290 1450 probabilius
1310 1412 1408 1444 esse,
1429 1406 1472 1436 ut
1490 1399 1553 1449 ju-

113 1474 229 1500 venes
246 1462 363 1499 rixam
379 1462 575 1499 ordiantur
589 1475 703 1511 quain
722 1469 764 1498 ut
776 1462 958 1498 seniores.
996 1461 1166 1498 Juvenes
1181 1459 1280 1496 enim
1297 1466 1362 1496 aut
1378 1459 1553 1508 superbia

113 1522 263 1572 generis
275 1522 473 1558 nobilitate
487 1522 609 1559 fidens
623 1528 843 1571 autvegetae
856 1521 1024 1571 corporis
1038 1520 1134 1556 vires
1148 1526 1216 1557 aut
1226 1519 1418 1556 temeritas
1432 1531 1455 1555 a
1466 1518 1553 1556 vino

113 1584 361 1628 excalefacta,
377 1583 485 1633 cujus
502 1583 736 1633 perniciosos
752 1582 912 1620 effectus
925 1582 1095 1619 nondum
1113 1594 1182 1618 usu
1201 1593 1269 1618 suo
1287 1581 1377 1617 satis
1393 1581 1556 1618 noscita—

113 1652 214 1689 runt,
235 1644 393 1694 impellit
412 1644 459 1681 ad
478 1644 756 1694 indulgendum
784 1643 986 1682 iracundiae
1013 1642 1202 1686 saevienti;
1231 1642 1399 1679 seniores
1424 1649 1552 1679 autem

113 1717 247 1754 sapere
266 1711 305 1741 et
323 1717 364 1741 se
383 1705 579 1742 continere
598 1704 778 1742 admonet
796 1703 1032 1741 conscientia
1050 1703 1305 1740 luctuosarum
1332 1702 1549 1752 injuriarum

113 1765 375 1802 temulentiam
390 1765 754 1810 comitantium,tum
772 1765 865 1802 senii
883 1763 1138 1809 imbecillitas,
1150 1763 1314 1812 denique
1326 1762 1381 1799 vis
1397 1769 1435 1799 et
1449 1762 1552 1800 nervi

106 1826 292 1875 juvenum
307 1826 396 1875 ipsis
412 1825 607 1862 terribiles.
666 1826 783 1863 Porro
800 1838 905 1862 reum
925 1837 1004 1861 non
1024 1824 1157 1861 iisdem
1174 1822 1297 1868 armis,
1310 1823 1378 1859 sed
1398 1828 1552 1872 prorsus

114 1885 326 1930 contrariis,
346 1892 584 1936 peremptum
606 1898 865 1936 oppugnasse,
887 1898 948 1922 res
966 1885 1049 1934 ipsa
1068 1884 1194 1921 docet.
1249 1882 1324 1920 Hic
1344 1883 1442 1920 enim
1467 1883 1554 1920 forti

113 1945 240 1982 adhuc
260 1952 298 1982 et
317 1952 452 1994 vegeto
472 1945 699 1982 lacertorum
720 1946 852 1983 robore
873 1944 1118 1982 contundens
1139 1956 1268 1981 senem
1290 1943 1463 1986 necavit;
1492 1955 1552 1980 se-

112 2018 189 2043 nex
209 2012 350 2049 autem,
371 2006 563 2043 fortiorem
584 2006 757 2043 debiliter
777 2013 816 2044 et
840 2005 1022 2055 languide
1047 2005 1250 2054 repellens,
1271 2004 1485 2054 exspiravit,
1505 2018 1552 2041 ne

111 2066 244 2103 relicto
265 2065 418 2114 quidem
437 2065 515 2102 ullo
535 2065 768 2102 defensionis
786 2066 948 2115 vestigio
966 2065 1004 2101 in
1019 2077 1177 2114 corpore
1193 2064 1371 2100 fortIOris.
1429 2063 1554 2100 Mani-

109 2127 181 2163 bus
200 2127 230 2163 si
248 2125 393 2163 caedem
415 2125 573 2175 peregit,
593 2138 668 2162 non
689 2126 799 2170 ferro,
820 2125 893 2162 hoc
914 2125 1033 2174 magis
1052 2123 1243 2160 homicida
1261 2121 1459 2160 habendus
1481 2129 1553 2168 est,

110 2198 187 2236 quo
203 2197 338 2222 manus
352 2185 423 2235 ipsi
438 2184 560 2233 magis
580 2191 689 2221 erant
702 2185 996 2221 instrumentum
1012 2183 1262 2219 domesticum
1278 2189 1315 2218 et
1330 2189 1551 2231 cognatum,

108 2246 272 2295 ideoque
294 2245 342 2282 ad
362 2245 565 2282 rotandum
586 2244 893 2294 etinfligendum
924 2243 1100 2280 habilius.
1157 2242 1287 2279 Audet
1310 2254 1422 2291 porro
1451 2243 1551 2279 affir-

111 2319 227 2351 mare,
246 2306 452 2356 principem
478 2306 582 2350 rixae,
604 2305 756 2342 tametsi
786 2304 1045 2342 adversarium
1073 2315 1150 2339 non
1179 2302 1393 2352 peremerit,
1413 2301 1549 2339 nihilo-

109 2366 232 2403 minus
253 2366 480 2403 homicidam
499 2378 597 2410 esse,
618 2372 657 2402 et
675 2365 796 2414 magis
819 2365 946 2408 etiam,
966 2376 1083 2413 quam
1104 2375 1205 2406 eum,
1227 2375 1249 2399 a
1273 2362 1383 2412 cujus
1409 2362 1549 2399 ictibus

109 2426 260 2463 inferior
284 2425 474 2462 concidit:
504 2438 592 2462 nam
618 2437 898 2477 aggressorem,
919 2424 1021 2460 hunc
1041 2435 1125 2459 esse
1151 2420 1356 2468 βουλευτὴν
1376 2422 1551 2467 θανάτου,

108 2487 233 2523 mortis
269 2486 446 2523 violentae
478 2486 813 2533 praemeclz'tatorem.
886 2485 971 2533 Ego
1008 2496 1096 2520 vero
1126 2483 1199 2520 alia
1231 2483 1358 2520 omnia
1390 2496 1548 2520 censeo.

109 2548 209 2585 Nam
230 2548 261 2584 si
280 2559 415 2584 manus
428 2559 507 2584 suae
521 2554 691 2583 nostrum
710 2546 846 2595 cuique
863 2545 1095 2582 famulantur
1108 2544 1310 2586 hactenus,
1326 2549 1369 2580 ut
1384 2555 1405 2579 a
1420 2549 1548 2579 mente

109 2608 189 2658 ejus
208 2608 393 2658 imperata
412 2613 682 2656 exsequantur,
699 2606 944 2656 consequitur
962 2605 1050 2650 hoc,
1063 2611 1104 2641 ut
1119 2605 1182 2654 qui
1198 2604 1351 2654 plagam
1370 2601 1549 2640 inflixerit

108 2667 211 2705 haud
228 2668 422 2713 lethalem,
444 2668 474 2704 is
494 2667 779 2717 praemeditator
797 2666 929 2704 mortis
949 2665 1023 2703 dici
1043 2677 1118 2702 non
1141 2665 1290 2705 debeat,
1313 2662 1381 2699 sed
1405 2661 1546 2698 solum-

109 2729 223 2766 modo
241 2729 387 2780 plagae;
418 2729 483 2778 qui
507 2736 633 2766 autem
659 2728 707 2765 ad
733 2740 868 2766 necem
899 2740 1018 2777 usque
1048 2725 1241 2769 ceciderit,
1261 2724 1292 2760 is
1316 2729 1416 2760 recte
1445 2724 1547 2761 necis

109 2789 389 2839 praemeditator
407 2789 641 2840 appelletur:
674 2802 760 2826 narn
781 2801 866 2838 quae
895 2788 958 2825 ille
988 2801 1067 2825 suae
1097 2783 1340 2823 destinationi
1368 2782 1545 2820 conveni-

109 2858 216 2889 enter
235 2852 406 2901 patravit,
421 2864 468 2889 ex
484 2852 542 2889 his
556 2851 641 2889 huie
660 2852 786 2888 mortis
804 2850 905 2887 venit
920 2848 1143 2887 necessitas.
1204 2844 1409 2883 Infelicitas
1426 2856 1545 2894 penes
