1822 3219
237 162 317 196 ‘224
896 163 1064 201 LYSIAE

238 270 391 300 tantes:
429 264 481 302 ita
504 265 611 304 vobis
643 266 807 310 insidiae,
829 280 906 304 non
936 269 984 305 ab
1016 267 1191 306 hostibus
1224 268 1354 314 modo,
1373 269 1441 306 sed
1467 270 1516 308 ab
1535 270 1626 320 ipsis
1647 269 1706 308 his

237 337 407 375 quoque,
432 328 580 364 tametsi
600 328 703 366 cives
721 329 833 366 vestri
851 336 997 373 essent,
1022 329 1269 379 parabantur,
1291 329 1363 367 hoc
1381 331 1707 370 contendentibus

237 394 276 423 et
297 387 558 434 molientibus,
583 397 625 427 ut
646 403 769 439 neque
797 390 981 427 salutaria
1009 390 1215 429 decernere
1242 392 1420 441 possetis,
1436 400 1474 429 et
1504 392 1706 430 multarum

237 460 361 484 rerum
383 450 682 487 necessariarum
704 451 830 500 inopia
847 451 1083 490 laboraretis,
1143 452 1293 490 Norant
1309 453 1422 496 enim,
1439 453 1628 504 capitibus
1644 467 1707 492 ve-

237 509 327 547 stris
349 511 532 549 insultarc
555 521 737 562 negatum
759 513 827 550 sibi
854 513 948 557 fore,
971 514 1042 550 nisi
1071 514 1100 551 si
1122 527 1190 552 vos
1220 514 1328 552 malis
1358 515 1565 565 fregissent
1590 522 1629 553 et
1657 515 1706 554 ad

236 571 372 610 incitas
387 574 647 623 redegissent:
679 588 725 612 eo
747 583 874 612 autem
898 576 1001 613 facto
1022 578 1231 626 sperabant
1251 577 1436 622 futurum,
1451 585 1493 614 ut
1508 590 1588 623 vos,
1607 589 1707 628 prae-

234 635 398 671 sentium
423 636 607 673 malornm
631 636 748 674 taedio
768 637 857 674 victi
879 638 926 674 ab
945 638 1065 688 iisque
1080 651 1195 688 quam
1217 638 1398 675 citissime
1420 638 1568 676 liberari
1587 639 1706 689 gesti-

233 703 355 741 enteS,
377 697 502 734 nullas
528 711 603 735 non
625 698 672 735 ad
695 699 934 736 conditiones
955 700 1262 744 descenderetis,
1278 699 1494 737 futurorum
1517 701 1704 738 malorum

234 770 321 807 quae
354 758 457 796 illinc
487 760 671 798 exsistere
702 769 862 810 possent
894 761 1153 799 immemores.
1214 762 1361 799 Horum
1394 761 1634 812 Ephororum
1665 761 1705 799 in*

233 833 395 858 numero
418 821 536 859 fuisse
559 822 872 866 Eratosthenem,
890 835 967 873 quo
989 832 1094 861 certo
1123 824 1231 861 vobis
1263 830 1430 867 constet,
1445 823 1618 874 judices,
1639 835 1705 861 ex-

233 881 375 919 hibebo
399 890 534 928 testes,
557 897 632 921 non
662 897 708 921 ex
734 885 777 921 iis
805 885 961 934 quidem
991 885 1055 936 qui
1079 886 1222 923 sociam
1245 885 1418 937 tyrannis
1446 898 1602 936 operam
1623 893 1704 924 tum

232 944 496 994 praestiterunt
508 959 693 996 —neque
709 946 808 983 enim
827 947 897 984 hos
915 946 1093 984 exhibere
1109 948 1253 997 possim
1265 970 1329 992 ——,
1346 955 1383 984 at
1399 960 1447 985 ex
1466 948 1547 985 istis
1561 956 1704 994 tamen,

232 1007 295 1057 qui
317 1021 363 1045 ex
381 1008 465 1058 ipso
483 1009 715 1046 audiverunt
736 1009 1006 1055 Eratosthene,
1026 998 1142 1060 quum
1168 1010 1409 1060 Ephororum
1427 1010 1464 1047 in
1485 1011 1649 1060 collegio
1663 1024 1704 1048 se

232 1069 355 1108 fuisse
383 1071 603 1109 affirmaret.
663 1073 914 1122 Quanquam,
938 1072 968 1109 si
995 1080 1176 1122 saperent
1206 1072 1243 1109 hi
1271 1072 1486 1123 tyrannidis
1506 1073 1705 1122 satellites,

233 1145 308 1170 non
331 1133 542 1171 advocatos
556 1147 596 1171 se
612 1132 687 1172 illis
703 1135 1020 1184 praeberent,non
1036 1134 1368 1178 commendarent,
1382 1146 1458 1171 non
1475 1141 1707 1172 excusarent

231 1207 313 1238 eos,
335 1195 404 1231 sed
427 1203 644 1245 premerent
665 1196 791 1246 potius
814 1195 883 1233 hos
905 1195 1095 1233 scelerum
1118 1208 1273 1233 suorum
1291 1196 1496 1246 magistros
1519 1209 1589 1232 suo
1604 1195 1709 1233 testi-

233 1256 360 1293 monio
381 1256 626 1307 graviterque
644 1258 836 1308 punirent,
859 1257 1246 1308 nequejtirisjuraritli
1263 1270 1284 1295 a
1306 1270 1347 1295 se
1368 1257 1458 1295 dicti
1481 1256 1704 1308 religionem

233 1333 300 1371 pro
321 1321 504 1357 arbitratu
528 1333 599 1357 suo
621 1321 980 1372 interpretarentur,
1002 1334 1070 1371 pro
1090 1335 1128 1358 re
1149 1329 1239 1358 nata
1264 1334 1347 1358 eam
1375 1320 1493 1357 modo
1514 1321 1706 1364 laxantes,

232 1382 348 1419 modo
384 1381 688 1431 adstringentes;
733 1395 864 1419 verum
898 1383 950 1420 sic
987 1389 1079 1419 sunt
1109 1382 1284 1420 animati:
1326 1388 1520 1432 quatenus
1552 1381 1705 1418 officere

231 1450 272 1481 et
298 1444 586 1481 incommodare
622 1444 773 1481 civibus
801 1450 980 1494 possunt,
1012 1444 1200 1482 hactenus
1233 1450 1436 1480 autumant
1469 1450 1602 1480 sancte
1635 1442 1704 1480 sibi

233 1505 462 1543 servandam
483 1519 567 1543 esse
593 1505 844 1556 jurisjurandi
869 1505 1113 1555 religionem;
1146 1505 1210 1542 ubi
1232 1511 1359 1542 autem
1388 1504 1496 1541 locus
1524 1502 1707 1541 offeratur

231 1567 371 1605 civium
392 1580 471 1604 rem
493 1567 660 1617 augendi
681 1575 719 1604 et
741 1567 997 1612 secundandi‚
1013 1568 1062 1604 ibi
1090 1567 1314 1617 religionem
1347 1566 1448 1603 hanc
1478 1565 1601 1603 securi
1626 1565 1705 1603 vio-

234 1631 329 1667 lant.
387 1629 579 1679 [Laedunt
605 1643 744 1680 nempe
771 1629 911 1666 civium
940 1628 1145 1666 commoda
1166 1629 1434 1677 minuuntque,
1455 1626 1704 1677 sponsionem

239 1692 461 1729 Amnestias
484 1703 605 1742 usque
621 1691 670 1728 ad
683 1690 811 1727 hostes
830 1691 923 1740 reip.
940 1691 1151 1741 professos,
1169 1689 1235 1740 qui
1255 1696 1347 1726 sunt
1361 1688 1704 1739 Trigintatyranni,

234 1753 483 1792 extendendo
505 1765 652 1804 eosque
684 1758 800 1804 pacto
832 1752 1035 1789 oblivionis
1064 1750 1381 1802 complectendo.
1439 1750 1471 1787 E
1500 1764 1539 1788 re
1572 1758 1703 1788 autem

233 1817 398 1855 civitatis
418 1817 604 1861 facerent,
625 1816 655 1853 si
674 1823 859 1867 tyrannos
877 1816 1065 1853 beneficio
1087 1816 1182 1865 legis
1205 1815 1307 1852 illius
1325 1813 1592 1851 excluderent.
1625 1813 1703 1850 Ve-

235 1893 317 1917 rum
347 1886 453 1916 tanto
474 1886 702 1916 exarserunt
722 1887 972 1929 tyrannorum
1002 1878 1143 1923 studio,
1165 1884 1207 1915 ut
1240 1889 1379 1915 nocere
1408 1875 1566 1919 civibus,
1588 1887 1704 1924 quam

235 1941 406 1993 tyrannis
437 1941 604 1989 malint.]
662 1940 864 1978 Hactenus
896 1940 979 1977 haec
1009 1939 1097 1977 mihi
1131 1940 1317 1977 adversus
1349 1939 1420 1977 hos
1438 1945 1701 1989 -tyrannorum

234 2013 418 2056 patronos
449 2005 553 2043 dicta
583 2012 719 2042 sunto:
751 2012 790 2041 tu
816 2009 943 2041 autem
968 2010 1088 2040 testes
1111 2002 1200 2039 mihi
1221 2002 1310 2047 cita,
1328 2009 1366 2039 et
1386 2014 1455 2038 vos
1478 2008 1598 2038 testes
1626 1998 1702 2037 huc

235 2067 477 2105 adscendite.

861 2198 1076 2237 TESTES.

237 2305 541 2355 Audivistisjam
558 2311 676 2342 testes
697 2303 1007 2354 [confirmantes,
1025 2315 1072 2338 ex
1094 2299 1352 2338 Eratosthene
1373 2297 1542 2341 audisse,
1560 2309 1648 2334 cum
1662 2309 1705 2334 se

237 2368 273 2406 in
287 2366 454 2416 collegio
476 2366 716 2416 Ephororum
732 2364 850 2402 fuisse
871 2363 1118 2415 perhiberet].
1177 2358 1707 2412 Videanmsjam‚quomodo

238 2442 278 2467 se
297 2429 335 2465 in
366 2427 533 2477 collegio
555 2427 896 2477 Trigintavirorum
927 2425 1115 2476 gesserit:
1147 2424 1206 2460 his
1238 2424 1370 2474 itaque
1397 2422 1488 2459 dum
1520 2419 1706 2464 interfuit,

238 2491 381 2529 nullius
397 2502 567 2540 unquam
588 2489 676 2527 boni
699 2489 847 2526 consilii
860 2495 978 2538 atque
997 2486 1175 2524 salutaris
1197 2493 1332 2523 auctor
1351 2491 1420 2522 aut
1439 2495 1600 2521 consors
1620 2482 1707 2527 fuit,

238 2560 375 2591 contra
409 2550 595 2588 malorum
625 2558 740 2600 atque
768 2550 980 2587 exitialium
1012 2548 1083 2585 fuit
1111 2561 1227 2598 quam
1262 2546 1527 2597 plurimorum.
1601 2543 1707 2581 Civis

237 2616 363 2652 bonus
391 2613 421 2650 si
445 2612 594 2658 fuisset,
616 2612 780 2662 primum
802 2611 959 2661 quidem
979 2610 1164 2660 defugere
1191 2617 1309 2659 atque
1334 2607 1482 2658 ejurare
1511 2604 1708 2643 debuisset

236 2678 421 2716 honorem
442 2674 574 2726 patriae
595 2681 672 2712 tam
695 2674 892 2711 funestum
913 2681 952 2710 et
965 2671 1231 2709 constitutioni
1246 2667 1708 2721 reip.legum'quevedict'is

237 2748 314 2779 tam
336 2745 638 2790 repugnantenu
670 2744 764 2781 tum,
784 2736 816 2772 si
838 2734 1046 2772 mansisset
1067 2741 1194 2771 tamen
1215 2734 1252 2770 in
1267 2733 1338 2769 isto
1354 2731 1626 2769 sceleratorum
1646 2742 1709 2768 so-

238 2801 386 2846 daliti0,
409 2801 576 2838 decebat
597 2812 684 2836 eum
706 2798 838 2848 utique
860 2805 1037 2834 senatum
1061 2796 1143 2846 [qui
1166 2803 1247 2832 tum
1271 2793 1449 2838 sedebat,
1469 2792 1594 2829 minus
1611 2790 1707 2842 legi-

238 2862 355 2901 timus
393 2861 660 2912 magistratus,
690 2872 806 2911 quam
849 2857 1079 2896 auctoritate
1111 2869 1244 2894 cassus
1279 2856 1707 2906 Trigintatyrannorum

236 2923 440 2973 famulus],
464 2924 571 2961 illum
603 2924 732 2973 itaque
763 2929 939 2960 senatum
970 2919 1191 2965 admonere,
1211 2919 1362 2970 quoties
1391 2919 1548 2957 nomina
1567 2917 1706 2956 civium
