1822 3219
241 144 290 180 74
785 143 1161 183 ANTIPHONTIS

242 259 384 286 nomen
403 260 531 287 meum
548 247 710 295 deferre,
736 262 823 288 cum
848 250 1080 301 potuissent,
1100 249 1256 300 insuper
1273 248 1502 287 habuerunt.
1559 247 1610 287 Et
1628 247 1690 287 alii

242 308 399 361 quidem
417 322 562 356 omnes,
582 309 615 348 si
633 311 772 360 quibus
792 312 973 362 temporis
1001 311 1191 361 angustiae
1210 323 1286 349 non
1315 310 1540 361 permittunt
1562 310 1693 361 hujus-

240 370 347 410 modi
375 370 461 410 lites
490 371 615 422 priore
637 372 747 423 Rege
767 373 989 424 magistratu
1011 372 1221 410 decedente
1242 372 1370 417 ordiri,
1401 371 1584 410 festinant
1603 384 1692 410 cum

241 433 334 485 ipsis
364 433 450 472 novi
482 433 600 484 Regis
637 434 816 485 auspiciis
843 434 1110 472 accusationes
1141 446 1230 471 suas
1259 433 1308 470 ad
1337 446 1424 471 eum
1454 432 1624 471 deferre:
1654 431 1694 469 hi

241 507 346 542 vero,
377 495 783 546 quibus.gravissimae
811 495 901 534 item
931 495 1139 534 festinandi
1167 507 1297 533 causae
1325 501 1470 544 essent,
1497 502 1626 532 tamen
1653 492 1694 531 id

244 557 370 596 facere
400 557 453 595 ita
481 556 652 594 cunctati
677 564 778 602 sunt,
800 564 843 594 ut
871 555 1082 594 mirandum
1113 556 1178 594 sit:
1209 556 1316 606 leges
1345 556 1528 594 tenebant
1547 567 1696 600 omnes,

243 627 282 659 et
313 633 536 671 processum
555 619 651 671 juris
677 619 894 658 callebant:
926 632 986 657 me
1009 617 1190 656 videbant
1217 618 1408 656 senatorio
1442 617 1587 655 honore
1606 616 1696 654 fun-

246 689 401 733 gentem
432 688 470 719 et
500 681 537 718 in
567 681 710 718 curiam
741 680 1159 732 ingredientem—ubi
1188 680 1373 730 Jovisque
1395 679 1518 717 Bulaei
1553 678 1698 717 Miner-

249 756 386 795 vaeque
409 742 553 781 Bulaeae
571 755 637 780 ara
655 750 696 780 et
715 743 901 781 sacellum
921 750 993 788 est,
1025 743 1060 780 in
1081 755 1157 793 quo
1179 749 1220 778 ut
1240 749 1437 779 senatores
1465 753 1614 786 omnes,
1644 741 1699 779 ita

244 817 319 856 ego
349 817 502 856 quoque
532 812 622 842 vota
648 803 866 843 faciebam:
896 818 982 856 quae
1014 805 1105 843 fana
1133 812 1286 842 senatus
1306 804 1441 850 adiret,
1470 805 1604 843 eadem
1625 817 1700 855 ego

247 879 402 918 quoque
423 880 500 904 una
519 879 605 904 cum
626 874 761 904 senatu
783 867 950 913 adibam,
981 867 1091 906 thura
1127 867 1366 918 spargebam,
1395 874 1485 905 vota
1508 867 1701 918 concipie-

246 928 336 967 bam
365 941 433 980 pro
464 928 588 965 salute
614 927 733 978 reip.:
763 928 876 974 adde,
907 929 1009 979 quod
1040 935 1122 966 toto
1159 928 1225 966 illo
1261 937 1445 980 tempore,
1471 940 1549 979 quo
1568 928 1702 966 'tribus

250 1002 350 1036 mea,
380 989 544 1040 primurn
572 1002 744 1027 mensem
778 990 926 1037 sortita,
956 997 1182 1042 prytaneatu
1203 990 1339 1028 functa
1367 997 1439 1036 est,
1472 1003 1546 1041 ego
1572 996 1702 1041 partes

248 1051 425 1102 Prytanis
453 1062 587 1088 omnes
622 1051 724 1100 gessi
753 1058 913 1102 excepto
943 1051 1186 1089 solummodo
1215 1052 1347 1098 biduo,
1380 1054 1490 1090 sacra
1516 1052 1603 1098 feci,
1631 1064 1702 1102 pro

251 1113 346 1164 reip.
368 1112 494 1150 salute
523 1120 614 1150 vota
634 1111 720 1158 feci,
753 1112 792 1149 in
822 1113 1004 1162 suffragia
1037 1113 1133 1159 misi,
1163 1114 1373 1151 sententias
1405 1112 1485 1150 dixi
1512 1113 1561 1150 de
1589 1113 1704 1150 rebus

251 1174 484 1226 gravissimis
503 1181 543 1211 et
561 1173 702 1223 quibus
721 1173 826 1211 salus
841 1173 937 1224 reip.
955 1174 1236 1212 contineretur:
1250 1174 1335 1212 haec
1356 1174 1417 1226 egi
1436 1174 1473 1211 in
1493 1179 1705 1225 conspectu

252 1238 424 1277 omnium
441 1237 538 1274 —hi
567 1237 638 1288 ipsi
667 1239 888 1283 cernebant,
918 1251 1007 1276 nam
1032 1239 1068 1275 in
1100 1239 1193 1276 urbe
1219 1247 1328 1277 erant
1357 1246 1396 1276 et
1420 1238 1458 1275 in
1477 1238 1559 1277 foro
1578 1251 1706 1277 versa-

252 1301 411 1338 bantur:
440 1298 583 1337 licebat
615 1297 708 1349 ipsis
739 1312 876 1337 nomen
907 1312 1032 1338 meum
1061 1307 1104 1337 ut
1132 1299 1334 1338 homicidae
1364 1300 1523 1345 deferre,
1552 1308 1592 1337 et
1609 1298 1706 1338 locis

253 1362 371 1400 sacris
406 1373 467 1398 me
499 1360 728 1406 excludere;
759 1368 798 1399 et
828 1361 1022 1400 debebant
1042 1361 1153 1400 adeo.
1211 1362 1290 1399 Cur
1311 1375 1402 1413 ergo
1423 1362 1548 1400 facere
1567 1361 1706 1400 omise-

255 1423 374 1462 runt?
429 1422 579 1460 Revera
608 1422 639 1460 si
671 1424 912 1474 accepissent
943 1423 1132 1475 injuriam,
1173 1424 1350 1463 sufficere
1379 1429 1530 1475 poterat
1547 1423 1606 1461 vel
1627 1422 1710 1461 sola

255 1485 465 1524 admonitio
492 1492 531 1522 et
558 1484 710 1533 injectio
740 1491 865 1523 metus
895 1499 917 1524 a
944 1486 1195 1536 religionibus
1225 1485 1382 1523 deorum
1404 1485 1519 1532 laesis,
1548 1496 1710 1535 eamque

256 1545 655 1586 commemorationem
676 1556 714 1585 et
734 1547 804 1585 sibi
824 1547 916 1599 ipsis
939 1548 1133 1586 debebant
1153 1555 1191 1585 et
1210 1549 1302 1599 reip.
1359 1548 1439 1585 Cur
1457 1561 1548 1599 ergo
1569 1560 1711 1586 nornen

257 1624 387 1649 meum
406 1623 483 1648 non
503 1609 615 1647 citius
637 1609 881 1647 detulerunt?
911 1624 979 1648 cur
1008 1611 1153 1649 interea
1183 1610 1366 1661 temporis
1386 1623 1536 1648 mecum
1557 1622 1714 1660 congre-

255 1672 460 1711 diebantur
488 1678 602 1721 atque
631 1671 827 1721 agebant?
884 1672 1095 1723 Utrumque
1124 1672 1314 1719 nimirum,
1342 1673 1429 1720 quia
1460 1686 1536 1710 non
1555 1672 1713 1710 videbar

259 1734 350 1786 ipsis
371 1732 563 1772 homicida
591 1744 687 1777 esse,
717 1731 787 1769 sed
817 1746 839 1771 a
869 1746 961 1776 nece
991 1734 1095 1784 pueri
1116 1734 1231 1771 liber:
1263 1747 1339 1785 quo
1360 1740 1522 1786 utroque
1542 1733 1713 1772 declara-

260 1798 368 1841 bant,
389 1808 523 1834 necem
542 1794 642 1831 hauc
663 1793 713 1831 ad
733 1807 794 1832 me
816 1795 868 1832 nil
888 1795 1093 1846 quicquam
1113 1797 1315 1847 pertinere.

318 1859 379 1896 10.
410 1857 574 1907 Quijam
591 1864 753 1906 possunt
765 1857 827 1895 alii
842 1871 927 1895 esse
944 1857 1138 1896 hominum
1156 1859 1325 1897 omnium
1340 1858 1587 1911 improbiores
1601 1864 1715 1909 atque

254 1920 351 1972 juris
372 1919 473 1970 aequi
492 1917 613 1968 magis
634 1918 890 1965 immemores,
912 1933 1026 1970 quam
1043 1920 1093 1966 hi,
1111 1921 1174 1971 qui
1187 1921 1291 1971 quod
1307 1921 1377 1971 ipsi
1395 1933 1471 1957 non
1486 1919 1664 1965 credunt,
1675 1918 1715 1956 id

263 1981 368 2019 vobis
382 1978 610 2031 persuadere
623 1979 873 2026 contendunt,
891 1988 1003 2031 atque
1021 1983 1218 2031 postulant
1231 1995 1276 2020 ea
1289 1995 1312 2020 a
1329 1981 1434 2020 vobis
1451 1980 1713 2026 condemnari,

265 2056 354 2094 quae
383 2042 455 2092 ipsi
484 2040 598 2078 sactis
627 2041 902 2080 absolverunt?
958 2043 1031 2080 Alii
1061 2044 1234 2082 homines
1257 2046 1457 2083 verborum
1475 2043 1665 2081 vanitates
1693 2054 1716 2080 e

264 2104 378 2142 factis
395 2102 596 2141 denudant
613 2110 727 2153 atque
748 2104 945 2149 refellunt,
964 2104 1004 2142 hi
1023 2114 1148 2143 autem
1164 2106 1363 2144 veritatem
1379 2117 1503 2143 rerum
1524 2111 1718 2154 gestarum

268 2169 436 2206 vanitate
477 2179 630 2204 suarum
667 2167 986 2218 praedicationum
1025 2168 1251 2207 convulsum
1301 2175 1406 2208 eunt.
1471 2167 1718 2218 Quanquam,

265 2230 419 2268 etiamsi
447 2230 550 2268 aliud
580 2229 726 2266 nullum
757 2238 1024 2281 argumentum
1065 2232 1322 2283 protulissem,
1367 2230 1519 2269 testium
1562 2230 1628 2282 qui
1666 2230 1719 2269 rei

265 2291 475 2332 interfuere
496 2293 603 2330 nulla
622 2291 779 2329 nomina
794 2292 1014 2338 edidissem,
1032 2300 1149 2331 testes
1166 2295 1271 2344 ipsos
1293 2294 1418 2331 nullos
1438 2293 1719 2344 produxissem,

269 2355 340 2392 sed
370 2368 488 2392 unum
516 2354 591 2392 hoc
624 2366 688 2390 vos
719 2353 951 2400 docuissem,
981 2355 1051 2392 lios
1085 2355 1241 2394 venales
1267 2357 1408 2394 habere
1436 2355 1720 2394 criminationes

271 2425 385 2467 atque
406 2416 729 2461 denuntiationes,
750 2416 968 2467 quicunque
985 2430 1050 2455 eos
1069 2426 1203 2455 contra
1223 2430 1284 2455 me
1303 2417 1482 2455 mercede
1501 2416 1718 2459 conducat;

272 2478 475 2516 deficiente
523 2485 650 2516 autem
688 2479 914 2523 munerario,
953 2492 1099 2516 mecum
1147 2479 1437 2517 familiarissime
1483 2478 1721 2522 conversari;

272 2547 422 2592 poterat
440 2540 512 2578 hoc
531 2539 590 2577 vel
611 2538 733 2576 solum
750 2552 818 2576 vos
838 2539 1019 2578 inducere
1040 2541 1088 2578 ad
1104 2554 1163 2579 me
1184 2541 1473 2584 absolvendum,
1494 2552 1653 2590 eamque
1673 2539 1722 2577 de

273 2602 331 2640 his
360 2601 576 2653 opinionem
605 2600 740 2638 vestris
784 2601 919 2638 animis
948 2602 1118 2652 injicere,
1155 2611 1198 2639 ut
1226 2616 1290 2639 eos
1325 2603 1494 2639 omnium
1525 2600 1723 2638 hominum

274 2666 447 2717 perjuriis
472 2663 860 2704 contaminatissimos
890 2672 929 2702 et
951 2666 1265 2703 sceleratissimos
1291 2665 1492 2704 haberetis.
1551 2665 1723 2717 Ecquam

276 2716 433 2766 tandein
456 2727 575 2773 litem,
590 2725 764 2777 quamvis
777 2726 921 2777 injusta
935 2736 973 2764 et
992 2727 1128 2764 triviali
1144 2727 1191 2765 de
1210 2739 1341 2772 causa,
1354 2726 1391 2763 hi
1407 2740 1484 2764 non
1497 2725 1725 2778 capessant?

278 2788 428 2840 ecquod
458 2789 497 2826 hi
525 2788 713 2840 judicium
731 2787 905 2838 decipere
936 2788 1209 2826 reformident?
1238 2801 1372 2839 ecquae
1396 2791 1615 2836 juramenta
1642 2801 1665 2824 a
1685 2800 1726 2826 se

279 2852 385 2890 dicta
404 2850 442 2887 hi
462 2851 601 2888 violare
621 2850 691 2888 sibi
711 2850 881 2901 religioni
903 2850 1071 2888 ducant?
1094 2851 1157 2901 qui
1178 2863 1279 2888 nunc
1298 2863 1446 2900 quoque
1464 2855 1530 2901 pro
1550 2849 1728 2887 vilissima

281 2911 456 2952 mercede
494 2911 651 2962 triginta
684 2911 884 2959 minarum,
918 2924 1034 2962 quam
1066 2925 1087 2949 a
1118 2910 1278 2949 Potistis
1314 2909 1606 2961 [provisoribus]
1639 2920 1676 2948 et
1706 2923 1730 2948 a
