1822 3219
202 158 277 195 358
838 158 1012 197 LYSIAE

246 267 285 305 3.
317 266 440 319 Cujus
462 266 514 304 rei
534 266 674 305 certior
694 267 818 306 factus
840 267 1022 318 Diogiton
1045 280 1249 306 excessum
1272 267 1378 306 illum
1399 268 1526 309 fratris
1543 272 1659 311 filiam

189 328 346 374 celavit,
366 336 406 366 et
425 327 666 380 syngraphas
695 340 793 378 quas
816 328 1013 366 Diodotus
1037 328 1248 367 discedens
1277 342 1396 380 penes
1425 341 1588 370 uxorem
1610 334 1663 371 si-

189 390 284 440 gillo
307 403 380 428 suo
398 390 603 441 reliquerat
620 390 846 440 obsignatas
865 391 914 427 ab
933 403 980 428 ea
1002 389 1153 436 auffert,
1167 398 1363 436 causatus,
1381 391 1455 430 illis
1470 404 1570 443 opus
1585 393 1662 431 sibi

189 462 276 487 esse
293 451 344 488 ad
364 463 533 489 summas
552 452 640 488 aeris
659 451 890 501 redigendas
915 452 1060 490 soenore
1089 453 1247 492 nautico
1270 454 1420 498 crediti,
1440 456 1544 506 quod
1563 469 1617 494 aes
1637 470 1660 496 a

187 511 427 549 debitoribus
447 512 621 562 redigere
650 525 726 550 non
757 519 891 563 posset
914 513 987 550 nisi
1011 514 1251 564 syngraphas
1274 515 1319 552 iis
1346 529 1436 554 suas
1465 517 1659 556 redderet.

189 572 366 611 Tandem
381 574 605 624 aliquando,
624 574 689 611 diu
709 581 799 625 post
817 581 978 612 mortem
1000 575 1159 613 Diodoti
1180 577 1287 614 uxori
1303 577 1509 629 liberisque
1523 580 1658 630 aperit,

187 640 227 671 et
248 633 305 672 sic
326 634 428 672 sacta
449 635 483 672 ei
505 635 740 685 suntjusta:
770 634 894 686 primo
914 636 1005 673 inde
1025 649 1127 673 anno
1147 649 1242 675 uxor
1262 644 1300 675 et
1320 637 1427 676 liberi
1445 639 1605 678 Diodoti
1621 640 1657 678 in

189 694 337 733 Piraeeo
355 696 695 734 commorabantur
717 696 771 746 [in
793 696 922 741 domo,
945 710 1031 747 quae
1054 697 1215 735 Diodoti
1237 698 1362 735 fuerat
1380 699 1578 749 propria];
1606 700 1658 738 ibi

185 756 287 792 enim
307 756 372 792 ille
393 756 526 806 copias
542 768 669 793 rerum
687 757 893 806 reliquerat
913 757 1082 794 omnium
1104 758 1153 795 ad
1174 758 1315 795 victum
1338 759 1564 810 cultumque
1588 773 1657 798 ne-

184 817 463 855 cessariarum:
495 817 554 855 his
575 824 703 855 autem
725 817 991 856 deficientibus
1013 831 1109 856 avus
1130 827 1293 869 nepotes
1315 819 1353 856 in
1370 821 1503 858 urbem
1524 820 1657 858 remit-

184 878 291 915 tebat
313 878 538 929 [conductis
565 879 602 925 in
635 879 786 916 aedibus
816 878 1066 926 habitatum]‚
1094 891 1306 929 eorumque
1332 887 1491 919 matrem
1517 883 1655 933 nuptui

183 941 416 987 collocabat,
449 942 486 979 in
517 941 645 979 dotem
677 941 827 979 addens
857 940 1141 991 quinquaginta
1168 941 1307 984 minas,
1335 941 1409 979 hoc
1435 949 1496 980 est
1519 943 1653 981 decem

184 1003 294 1041 minis
311 1003 435 1040 minus
452 1015 567 1054 quam
585 1003 686 1053 prior
703 1002 861 1040 maritus
878 1001 951 1052 ipsi
967 1001 1226 1052 delegaverat.
1284 1002 1435 1040 Octavo
1451 1015 1555 1041 anno
1567 1011 1656 1054 post

182 1065 388 1102 liberorum
410 1071 501 1102 natu
524 1065 729 1108 maximus,
746 1065 870 1114 puber
897 1063 1037 1108 factus,
1067 1063 1242 1100 examine
1272 1063 1450 1109 tolerato,
1469 1063 1520 1101 ad
1542 1077 1654 1102 usum

174 1126 272 1172 juris
294 1126 414 1164 civilis
435 1126 672 1176 tutelamque
699 1125 758 1162 sui
785 1124 980 1162 admissus
1005 1131 1087 1168 est;
1118 1136 1196 1174 quo
1221 1124 1324 1161 facto
1351 1124 1538 1175 Diogiton
1566 1138 1655 1163 eum

180 1200 269 1224 cum
289 1187 411 1225 altero
426 1187 543 1225 fratre
565 1187 614 1224 ad
635 1199 675 1224 se
695 1186 922 1223 arcessitum
941 1184 1166 1236 hujusmodi
1187 1185 1358 1223 oratione
1377 1186 1649 1237 compellavit:

180 1255 288 1298 pater
305 1255 443 1294 vester,
466 1249 532 1294 ait,
552 1247 644 1285 hinc
663 1247 929 1298 proficiscens,
950 1246 1081 1296 viginti
1104 1246 1226 1284 minas
1247 1259 1336 1284 curn
1357 1246 1514 1297 triginta
1535 1254 1654 1286 state-

181 1309 285 1347 ribus
301 1322 421 1360 penes
443 1309 680 1358 mereliquit.
728 1308 825 1357 Ego
847 1320 962 1357 ergo
982 1320 1064 1345 vos
1086 1307 1241 1345 adhuc
1262 1306 1450 1357 quidem
1473 1307 1529 1346 de
1549 1321 1652 1347 meo

178 1373 360 1422 magnis
391 1371 649 1422 impendiis
679 1370 791 1415 alui,
822 1370 976 1407 donec
1003 1369 1111 1407 mihi
1132 1370 1222 1407 fuit
1242 1370 1365 1407 unde
1386 1383 1651 1421 erogarem,

178 1433 313 1483 pensi
343 1432 469 1470 haud
497 1432 697 1476 faciens,
722 1431 830 1481 cujo
856 1430 912 1468 de
936 1430 1130 1482 peculio
1150 1431 1494 1475 insumeretur;
1525 1444 1650 1469 nunc

178 1501 331 1531 autem
365 1494 567 1544 ipsemet
598 1505 683 1542 ego
717 1504 851 1542 egeo:
888 1498 935 1529 tu
967 1504 1096 1542 ergo,
1126 1491 1505 1542 quandoquidem
1537 1506 1652 1531 exa-

179 1555 299 1593 mine
325 1562 521 1606 peracto
540 1555 608 1592 vir
630 1554 784 1591 factus
806 1566 866 1597 es,
888 1565 1046 1603 quaere
1075 1559 1179 1590 tute
1210 1552 1398 1590 tibimet
1428 1552 1553 1591 unde
1573 1566 1651 1591 ne-

178 1619 396 1656 cessaria
425 1618 731 1668 imposterum
761 1614 954 1653 habeas.

233 1682 274 1717 4.
293 1678 365 1716 His
385 1678 525 1716 auditis
545 1677 599 1714 illi
619 1676 783 1727 perculsi
805 1683 920 1726 atque
945 1676 1083 1713 flentes
1104 1675 1152 1713 ad
1175 1682 1333 1713 matrem
1351 1677 1563 1726 pergebant
1581 1677 1648 1719 ire.

177 1741 265 1778 inde
286 1753 373 1777 cum
394 1740 479 1789 ipsa
498 1738 545 1775 ad
564 1750 639 1782 me,
661 1736 915 1774 miserabilem
938 1736 975 1773 in
995 1737 1152 1774 modum
1174 1737 1410 1774 consternati
1430 1737 1647 1775 lamentan-

180 1809 321 1853 tesque
349 1800 454 1850 quod
474 1812 577 1836 nunc
599 1798 753 1836 demum
775 1798 1034 1847 intelligerent
1055 1811 1095 1835 se
1117 1797 1347 1848 patrimonio
1368 1809 1524 1848 prorsus
1543 1810 1650 1836 ever-

179 1876 258 1908 SOS,
277 1869 392 1912 atque
407 1874 465 1898 me
481 1860 721 1897 obtestantes
736 1871 784 1896 ne
801 1871 842 1896 se
857 1865 1008 1909 paterer
1023 1859 1146 1896 inulto
1162 1858 1326 1896 fortunis
1343 1871 1366 1895 a
1381 1864 1489 1908 patre
1503 1858 1646 1896 relictis

176 1924 355 1962 omnibus
371 1922 590 1960 denudatos
611 1921 659 1958 ad
681 1927 892 1958 extremam
913 1926 1179 1970 paupertatem
1203 1919 1408 1963 decidisse,
1429 1918 1646 1969 indignam-

176 2000 250 2037 que
270 1997 408 2036 passos
426 1981 701 2021 contumeliam
718 1982 765 2018 ab
781 1982 824 2018 iis
838 1994 933 2031 quos
951 1981 1121 2018 omniurn
1142 1980 1296 2017 minime
1314 1980 1471 2018 deceret
1488 1987 1566 2018 tarn
1584 1980 1647 2018 de-

176 2046 368 2084 testabilia
389 2042 534 2082 fraudis
555 2042 870 2092 crudelitatisque
899 2043 937 2079 in
966 2055 1006 2079 se
1032 2040 1211 2092 exempla
1238 2048 1431 2084 statuere:
1463 2041 1531 2078 sed
1554 2041 1646 2092 ipsis

177 2107 432 2150 subvenirem,
455 2112 531 2142 tam
553 2103 691 2142 sororis
713 2115 794 2140 suae
815 2116 934 2141 causa
963 2116 1050 2153 quae
1081 2115 1168 2140 mea
1196 2114 1292 2139 uxor
1311 2109 1384 2147 est,
1404 2114 1520 2151 quam
1542 2102 1645 2153 ipso-

175 2176 352 2207 rummet.
412 2167 545 2204 Finem
566 2164 672 2202 haud
692 2164 897 2211 inveniam,
918 2166 948 2203 si
968 2165 1096 2202 luctus
1124 2173 1161 2202 et
1191 2164 1445 2202 lamentorum
1467 2176 1644 2203 enarrare

176 2232 290 2270 velim
321 2229 584 2273 acerbitatem,
617 2226 755 2277 quibus
784 2234 866 2264 tum
898 2227 1037 2264 domus
1068 2239 1154 2263 mea
1187 2226 1405 2263 resonabat.
1465 2225 1644 2276 Denique

176 2299 297 2330 mater
316 2302 517 2342 puerorum
549 2302 609 2326 me
639 2300 776 2338 rogare
805 2287 982 2338 supplex,
1013 2293 1056 2324 ut
1079 2293 1227 2337 patrem
1245 2286 1367 2337 ipsius
1392 2298 1482 2324 cum
1506 2286 1640 2324 amicis

175 2354 278 2392 domi
299 2366 395 2390 meae
410 2349 603 2399 colloquio
619 2348 897 2386 committerem
914 2361 923 2391 ;
955 2361 1032 2398 quo
1052 2353 1185 2398 posset
1198 2346 1334 2397 (ipsius
1351 2348 1468 2384 verba
1487 2346 1638 2396 refero),

174 2426 407 2467 quamquam
428 2411 531 2449 haud
551 2417 661 2447 sueta
676 2409 774 2446 inter
787 2409 888 2447 viros
903 2410 1019 2446 verba
1034 2409 1179 2454 facere,
1195 2421 1216 2445 a
1233 2407 1498 2458 magnitudine
1518 2407 1641 2445 cladi-

175 2490 239 2514 um
264 2486 419 2514 suarum
439 2472 555 2516 victa,
576 2475 735 2520 questus
756 2482 849 2507 suos
869 2482 1002 2507 omnes
1023 2475 1196 2506 nostrum
1218 2469 1255 2505 in
1277 2468 1402 2505 sinum
1429 2467 1640 2505 effundere.

175 2538 341 2576 Adibam
362 2546 435 2586 ego
450 2540 530 2571 tum
551 2531 601 2568 ad
620 2531 905 2580 Hegemonem,
926 2531 990 2581 qui
1010 2530 1228 2580 Diogitonis
1246 2530 1359 2581 hujus
1381 2529 1496 2566 filiam
1519 2529 1558 2578 [e
1576 2541 1638 2566 se·-

174 2599 303 2636 cunda
333 2608 456 2634 uxore
483 2591 722 2643 susceptam]
752 2592 788 2628 in
817 2591 1057 2630 matrimonio
1080 2592 1222 2634 liabet;
1252 2604 1325 2628 nec
1347 2603 1423 2627 non
1443 2602 1531 2627 cum
1556 2589 1641 2628 aliis

174 2660 306 2698 amicis
321 2656 589 2697 communibus
605 2653 782 2703 agebam,
802 2666 981 2704 poscens,
997 2659 1040 2691 ut
1057 2652 1306 2710 Diogitonem
1322 2649 1576 2694 adducerent,
1596 2659 1639 2689 ut

174 2722 222 2760 ad
244 2730 495 2770 congressum
511 2712 763 2754 descenderet
778 2714 815 2751 in
832 2727 908 2765 quo
929 2721 1054 2752 status
1075 2727 1199 2751 rerum
1220 2713 1491 2750 discuteretur.
1521 2711 1636 2755 Quod

174 2794 358 2821 recusans
375 2779 479 2817 initio
500 2776 701 2827 Diogiton,
718 2775 872 2813 tandem
886 2782 1013 2812 tamen
1032 2775 1079 2812 ab
1096 2773 1228 2811 amicis
1247 2779 1405 2810 coactus
1422 2778 1480 2809 est
1495 2772 1638 2811 facere.

229 2845 267 2880 5.
297 2840 528 2891 Congressis
558 2839 689 2889 itaque
719 2836 844 2883 nobis,
872 2835 1134 2885 interrogabat
1157 2834 1400 2884 Diogitonem
1429 2832 1521 2879 filia,
1539 2845 1638 2883 quo-

175 2917 262 2942 nam
292 2902 418 2941 animo
446 2899 605 2938 auderet
633 2900 772 2937 liberos
806 2909 899 2936 suos
929 2896 989 2934 his
1020 2902 1182 2933 tractare
1216 2894 1363 2937 modis;
1395 2905 1559 2943 quorum
1593 2900 1635 2931 tu
