1822 3219
535 115 760 156 CONTRA
788 112 1139 152 ANDOCIDEM.
1497 108 1570 144 183

111 219 219 258 sisse.
276 219 408 257 Vosne
427 231 532 269 ergo,
555 217 766 256 Andocidis
784 216 928 265 injuriis
948 215 1021 266 ipsi
1047 215 1145 258 laesi,
1166 214 1260 251 ritus
1281 220 1320 252 et
1334 214 1422 265 jura
1441 219 1570 252 vestra

111 281 268 319 minoris
289 280 435 318 facietis
456 293 569 330 quam
591 280 653 317 alii
673 278 849 318 faciunt?
892 278 1018 315 Tanto
1038 284 1098 313 est
1117 275 1232 326 hujus
1250 275 1461 312 Andocidis
1477 287 1571 325 erga

111 342 204 380 deos
223 343 412 393 impietas,
431 354 546 390 quam
569 341 751 390 Diagoree
774 339 879 376 Melii
899 338 983 381 fuit,
1005 337 1182 380 atrocior,
1202 336 1306 386 quod
1325 336 1514 386 Diagoras
1531 336 1568 372 in

112 403 237 440 aliena
256 402 345 440 fana
364 401 553 450 ludosque
574 400 755 437 orationis
773 398 1017 437 solummodo
1032 396 1262 448 profanitate
1280 404 1477 445 grassatus
1498 403 1570 440 est,

112 463 330 502 Andocides
361 470 491 500 autem
521 462 731 499 facinorum
766 462 800 497 in
823 473 893 497 sua
911 459 1034 510 putria
1064 471 1184 496 sacra.
1244 458 1410 507 Oportet
1427 458 1571 507 itaque,

113 538 192 570 vos,
210 523 482 564 Athenienses,
513 523 550 559 in
582 522 683 559 cives
705 530 865 566 vestros,
892 522 994 558 circa
1026 520 1228 569 religiones
1261 520 1419 556 deorum
1450 518 1573 555 delin-

112 591 288 636 quentes,
318 584 486 622 severius
507 597 624 634 quam
645 584 682 620 in
702 584 924 634 peregrinos
945 581 1273 619 animadvertere:
1306 580 1444 630 injuria
1472 580 1572 617 enim

113 647 231 685 altera
250 652 309 683 est
328 645 548 689 adventitia,
569 645 653 683 haec
674 653 800 681 autem
822 643 1049 681 domestica.
1107 641 1290 679 Dedecus
1305 641 1379 678 hoc
1399 640 1573 678 stultitiae

113 706 162 744 ad
183 719 250 744 vos
281 719 328 743 ne
357 706 561 750 admittite,
584 713 639 750 ut,
673 719 759 743 cum
780 705 1003 742 criminosos
1034 704 1189 754 impune
1218 703 1349 740 sinatis
1374 703 1477 740 abire
1508 715 1574 739 eos

111 780 209 817 quos
231 767 269 804 in
287 773 476 817 potestate
493 767 679 811 habeatis,
695 774 788 810 tum,
807 767 836 803 si
854 766 919 816 qui
938 765 1032 815 fuga
1046 778 1084 802 se
1103 772 1239 802 vestrae
1256 764 1575 802 animadversioni

111 827 380 872 subduxerint,
414 840 480 865 eos
502 818 690 865 venemiui
722 834 839 877 atque
869 826 1194 877 comprehendere
1223 825 1419 869 laboretis,
1442 825 1575 862 talenti

112 890 269 940 praemio
284 903 350 940 per
365 890 555 940 praeconis
572 903 703 927 vocem
722 889 755 927 ei
770 889 1035 940 proponendo,
1053 888 1082 925 si
1104 888 1190 939 quis
1206 888 1364 938 impium
1381 887 1575 924 hominem

114 958 181 988 aut
199 951 328 988 vivum
355 951 479 989 adhuc
500 958 539 988 et
558 952 767 1002 spirantem
787 951 836 988 ad
856 964 924 988 vos
946 950 1147 987 adduxerit
1167 956 1234 986 aut
1254 949 1438 999 perempti
1459 955 1578 999 caput

113 1012 326 1062 pertulerit.
383 1014 452 1050 Sin
473 1013 609 1057 minus,
630 1013 849 1050 videbimini
871 1013 1021 1050 Graecis
1042 1022 1208 1050 vestram
1235 1024 1326 1061 erga
1345 1011 1438 1048 deos
1455 1010 1577 1062 pieta-

115 1080 193 1109 tem
222 1073 391 1111 inanium
410 1075 609 1112 verborum
631 1073 805 1111 ludibriis
826 1074 974 1125 jactare
996 1074 1130 1123 magis,
1157 1086 1271 1123 quam
1291 1075 1402 1110 rebus
1423 1073 1515 1123 ipsis
1539 1073 1576 1109 in

115 1135 237 1184 poenis
271 1136 545 1186 sacrilegorum
579 1136 839 1186 exsequendis
874 1137 1086 1186 approbare
1121 1136 1231 1172 velle.
1304 1135 1440 1184 Neque
1476 1134 1579 1171 cavit

116 1196 355 1241 Andocides,
376 1205 418 1234 ut
436 1198 535 1234 intra
552 1198 693 1234 moenia
710 1198 812 1234 urbis
829 1197 961 1247 patriae
982 1196 1186 1246 impietatis
1205 1209 1284 1232 suae
1304 1194 1465 1232 offensio
1487 1196 1577 1231 sub-

114 1256 266 1293 sisteret
284 1264 398 1306 atque
418 1258 688 1302 contineretur,
710 1258 778 1295 sed
805 1258 854 1295 ad
877 1258 1039 1295 Graecos
1060 1269 1212 1307 quoque
1232 1256 1433 1293 universos
1466 1268 1575 1292 suum

114 1316 275 1355 deorum
294 1325 559 1369 contemptum
583 1319 707 1369 palam
733 1319 907 1370 jactavit,
928 1327 1042 1370 atque
1062 1319 1170 1356 velut
1189 1317 1488 1355 insultabundus
1509 1317 1577 1354 de-

113 1378 271 1416 claravit
297 1380 445 1416 nullum
467 1394 490 1417 a
510 1394 550 1417 se
572 1380 729 1418 deorum
751 1394 891 1418 numen
914 1381 1058 1417 haberi.
1116 1380 1253 1429 Neque
1285 1379 1386 1416 enim
1421 1379 1455 1415 in
1476 1385 1578 1416 terra

115 1440 336 1478 continente
355 1455 395 1478 se
417 1441 617 1485 continuit,
638 1450 820 1491 tanquam
842 1455 976 1491 poenas
997 1442 1203 1479 facinorum
1225 1453 1381 1477 suorum
1402 1446 1577 1476 metuens

115 1500 152 1538 in
175 1501 287 1538 undis
319 1515 359 1539 se
380 1510 594 1547 manentes,
629 1503 710 1547 sed,
731 1503 849 1540 veluti
878 1516 917 1539 se
939 1503 1061 1540 fidens
1083 1503 1258 1553 deosque
1289 1502 1336 1539 ad
1366 1501 1578 1538 ineundum

117 1575 249 1599 secum
270 1570 463 1600 certamen
494 1577 722 1613 provocans,
750 1565 787 1601 in
819 1577 922 1601 mare
953 1578 993 1601 se
1014 1564 1180 1607 demisit,
1203 1563 1449 1601 naviculariae
1470 1563 1579 1600 facti-

115 1624 246 1661 tandae
267 1625 435 1662 animum
454 1625 609 1676 adjecit,
641 1625 876 1662 navicularia
905 1625 1121 1663 exercenda
1151 1638 1255 1662 mare
1275 1625 1440 1661 intutum
1461 1632 1579 1674 atque
1604 1665 1606 1668 ¹

116 1687 298 1723 infestum
318 1685 498 1723 reddidit.
554 1687 697 1724 Verum
730 1687 826 1724 deus
847 1700 935 1724 eum
956 1686 1005 1724 ad
1036 1686 1162 1723 locum
1190 1686 1368 1737 supplicii
1390 1685 1580 1723 tolerandi

116 1747 222 1784 velut
250 1748 399 1784 obtorto
429 1747 532 1785 collo
553 1748 722 1794 attraxit,
741 1762 818 1799 quo
844 1762 911 1799 per
929 1762 1086 1787 causam
1120 1750 1194 1786 mei
1221 1749 1269 1785 ad
1299 1748 1386 1785 loca
1404 1761 1578 1785 reversus

116 1807 315 1845 criminum
347 1809 640 1846 commissorum
671 1809 743 1860 ipsi
762 1811 920 1848 conscia
946 1811 1102 1848 meritas
1124 1810 1279 1848 tandem
1301 1823 1433 1860 poenas
1454 1810 1578 1861 daret.

118 1868 167 1905 Et
187 1882 276 1906 mox
294 1869 474 1906 daturum
489 1871 662 1920 profecto
677 1871 856 1909 confido:
887 1872 991 1922 quod
1007 1873 1037 1909 si
1056 1881 1185 1909 tamen
1201 1872 1327 1909 minus
1344 1871 1379 1908 id
1397 1871 1578 1915 evenerit,

117 1942 191 1980 ego
217 1930 398 1980 equidem
430 1931 532 1970 haud
565 1932 637 1969 sim
668 1933 889 1970 miraturus.
947 1933 1083 1984 Neque
1113 1934 1214 1971 enim
1245 1933 1341 1970 deus
1375 1932 1518 1970 delicta
1541 1932 1579 1969 in

117 1991 328 2029 continenti
364 1993 498 2043 punire
532 1994 653 2031 solet:
697 2002 974 2039 verumtamen,
1008 2008 1232 2045 quanquam
1263 1994 1339 2031 hoc
1372 1994 1477 2044 quod
1511 2007 1579 2031 vos

117 2054 304 2091 exercetis
318 2054 507 2105 judicium
531 2068 632 2092 mere
660 2055 870 2092 humanum
893 2064 965 2100 est,
995 2056 1070 2093 hoc
1091 2063 1164 2101 est,
1196 2055 1329 2093 incerti
1359 2063 1397 2092 et
1428 2054 1579 2093 fallacis

118 2114 256 2160 exitus,
274 2115 414 2165 quippe
434 2116 538 2166 quod
559 2116 796 2153 multimodis
817 2116 1015 2153 fraudibus
1038 2116 1118 2153 ludi
1139 2124 1254 2166 atque
1270 2115 1433 2167 perverti
1450 2122 1579 2166 queat,

119 2175 276 2212 deorum
297 2183 424 2214 tamen
440 2177 627 2228 judicium
654 2177 717 2227 qui
740 2184 806 2215 aut
825 2177 977 2215 falleret
997 2184 1063 2215 aut
1089 2177 1357 2227 perfringeret,
1375 2190 1488 2223 nemo
1508 2190 1580 2214 un-

119 2249 234 2285 quam
255 2237 337 2274 fuit.
394 2239 439 2275 Id
460 2239 564 2289 quod
586 2240 639 2277 ita
659 2252 747 2277 esse
767 2239 897 2276 mules
924 2252 997 2290 ego
1016 2252 1036 2276 e
1060 2239 1301 2276 documentis
1322 2239 1478 2289 colligo,
1499 2253 1581 2277 cer·

120 2311 216 2334 nens
237 2297 333 2335 alios
350 2312 503 2349 quoque
522 2301 810 2351 sacrilegiorum
833 2314 931 2346 reos,
951 2300 1125 2351 quamvis
1147 2300 1252 2338 lento
1274 2308 1311 2338 et
1334 2301 1454 2338 multo
1475 2307 1577 2351 post,

120 2366 160 2396 at
178 2366 283 2397 certo
304 2366 430 2396 tamen
451 2367 488 2397 et
505 2361 711 2398 inevitabili
733 2361 921 2412 supplicio
942 2361 1189 2406 satisfecisse,
1209 2368 1248 2398 et
1266 2363 1369 2412 ipsos
1388 2369 1427 2398 et
1447 2374 1579 2399 eorum

120 2428 293 2468 posteros
314 2421 501 2471 majorum
518 2422 669 2472 piacula
689 2423 767 2459 suis
784 2423 973 2473 capitibus
989 2423 1152 2460 luentes.
1211 2424 1362 2461 Interea
1378 2423 1474 2460 deus
1493 2435 1576 2460 sce-

120 2479 247 2518 leratis
275 2490 438 2520 terrores
465 2483 607 2520 multos
639 2490 755 2534 atque
785 2483 1004 2521 discrimina
1035 2483 1154 2521 multa
1183 2485 1364 2527 immittit,
1395 2497 1460 2534 per
1490 2496 1577 2532 quae

124 2539 263 2579 factum
283 2550 355 2589 est,
376 2552 433 2589 ut,
464 2545 705 2594 impatientes
730 2545 916 2582 malorum
936 2558 959 2582 a
980 2546 1119 2595 quibus
1149 2546 1299 2583 liberari
1320 2545 1519 2595 gestirent,
1540 2546 1579 2582 in

126 2609 283 2640 mortem
310 2613 478 2643 ruerent.
551 2607 658 2644 Deus
691 2615 817 2644 autern
849 2621 896 2644 ne
929 2615 1090 2644 mortem
1121 2608 1275 2657 quidem
1308 2608 1394 2644 vitae
1420 2606 1579 2646 infinitis

127 2661 306 2702 molestiis
325 2675 365 2703 et
392 2668 623 2706 cruciatibus
645 2669 827 2707 exercitae
846 2677 1001 2719 portum
1031 2670 1152 2719 aperit
1169 2682 1244 2718 quo
1263 2668 1476 2718 confugiat,
1509 2669 1578 2706 sed

125 2722 175 2759 ad
194 2730 335 2763 tartara
354 2729 469 2766 mittit
488 2742 617 2767 manes
634 2729 840 2768 defunctos
857 2731 974 2767 dirius
994 2731 1109 2768 etiam
1125 2729 1418 2767 excruciandos.
1477 2730 1578 2768 Lon-

125 2784 212 2831 gius
245 2799 292 2822 ne
323 2788 471 2834 abeam,
502 2791 618 2841 hujus
650 2792 769 2842 ipsius
805 2798 976 2842 spectate
1010 2792 1125 2828 vitam
1158 2790 1386 2836 Andocidis,
1420 2805 1465 2829 ex
1501 2804 1577 2841 quo

123 2846 312 2897 sacrilegii
344 2861 385 2885 se
415 2863 521 2887 reum
553 2852 657 2898 fecit,
691 2867 783 2891 num
805 2866 880 2904 qua
915 2854 964 2890 sit
989 2852 1063 2889 alia
1083 2852 1158 2889 vita
1183 2851 1265 2902 ejus
1294 2852 1440 2890 similis.
1499 2853 1577 2890 An-
