1822 3219
684 130 760 166 DE
789 127 1098 166 MYSTERIIS.
1545 129 1615 167 107

157 227 228 266 lias
247 239 336 266 eum
355 229 548 267 nominare
575 242 652 267 non
684 234 837 279 poterat
863 241 885 267 a
904 241 982 278 quo
1011 240 1052 265 se
1072 227 1110 264 id
1138 226 1330 266 audivisse
1357 228 1616 274 simulaverat,

158 291 365 329 constabat
396 292 475 342 jam
511 290 674 337 senatui,
717 302 864 328 ramum
897 290 1007 327 illum
1040 289 1088 327 ab
1122 288 1205 339 ipso
1239 289 1363 326 Callia
1397 289 1616 340 depositum

161 350 294 389 fuisse.
1093 353 1096 356 ⁴
1265 352 1270 355 ’
1288 363 1290 366 ·

213 412 279 448 20.
319 410 463 449 Verum
502 424 669 463 quanam
707 410 862 448 tandem
895 408 1039 448 Callias
1072 408 1121 446 de
1158 422 1278 449 eausa
1311 409 1348 447 id
1379 409 1618 448 fecisset?—

159 483 246 508 nam
267 471 316 509 de
334 472 409 510 hoc
428 485 510 510 vos
524 472 713 517 dubitare,
734 471 815 514 viri,
837 477 953 520 atque
973 482 1148 520 quaerere
1170 476 1474 508 consentaneum
1495 478 1617 508 est—

159 532 334 571 inimicus
355 545 492 582 nempe
510 533 602 570 mihi
622 540 737 582 atque
757 531 920 569 int'estus
940 538 1036 576 erat,
1055 531 1102 568 de
1124 531 1328 582 medioque
1349 543 1408 569 me
1423 531 1618 569 sublatum

157 594 324 632 volebat.
379 594 467 634 Qua
487 593 535 630 de
555 606 687 639 causa,
710 593 828 644 agite,
847 599 1088 630 enarrantem
1112 604 1172 629 me
1193 593 1296 640 (nam
1318 590 1357 628 id
1378 603 1493 640 agere
1514 604 1617 629 nune

159 653 360 703 accingor)
389 654 492 703 aequi
525 654 671 692 audite.
728 653 913 704 Epilycus
948 659 1031 690 erat
1064 651 1244 691 Tisandri
1275 652 1374 690 filius
1405 651 1619 690 avunculus

160 713 263 758 mihi,
281 714 413 751 matris
433 727 529 752 meae
552 715 688 752 frater:
719 715 782 752 hic
802 714 839 750 in
861 713 992 751 Sicilia
1013 713 1196 760 decessit,
1223 713 1333 751 nulla
1361 712 1493 751 relicta
1512 712 1619 763 prole

158 774 355 812 mascula:
385 775 474 812 duee
494 776 595 821 filiae,
612 789 709 826 quas
730 775 834 813 solas
854 775 1079 825 reliquerat,
1102 787 1149 812 ex
1163 775 1250 826 jure
1273 774 1620 824 consanguinitatis

157 834 326 885 mihique
354 843 472 887 atque
493 837 648 887 Leagro
666 837 873 880 cedebant,
904 843 948 874 ut
968 849 1033 874 eas
1056 835 1213 873 domum
1239 836 1484 874 duceremus.
1543 835 1620 873 Res

158 895 309 947 Epilyci
335 897 532 936 familiaris
563 898 661 935 male
687 898 877 936 habebat:
908 903 1080 948 apertam
1109 895 1208 935 enim
1235 905 1352 947 atque
1373 896 1620 947 conspicuam

157 958 501 1008 quam'reliquerat
524 959 794 1003 substantiam,
814 972 862 996 ea
881 971 931 996 ne
961 959 1114 996 duobus
1141 958 1296 1008 quidem
1324 958 1479 997 talentis
1499 958 1620 1007 aequi-

157 1017 323 1064 valebat,
350 1019 438 1069 plus
460 1027 587 1058 autem
609 1033 726 1069 quam
754 1019 925 1069 quinque
947 1019 1094 1057 talenta
1122 1019 1301 1058 debebat.
1360 1018 1620 1060 Nihilominus

159 1084 288 1116 tamen
316 1092 391 1129 ego
420 1081 608 1131 Leagrum
639 1093 727 1118 curn
748 1081 798 1118 ad
830 1093 890 1118 me
921 1080 1221 1125 arcessivissem,
1251 1092 1378 1118 coram
1409 1079 1540 1116 amicis
1569 1079 1622 1116 ita

160 1151 248 1175 cum
269 1152 316 1177 eo
340 1140 427 1190 egi:
466 1141 701 1179 Bonorum
724 1147 798 1179 est
816 1141 1162 1190 (inquam)atque
1183 1139 1378 1178 fortium
1397 1139 1617 1182 virorum,

160 1200 206 1236 in
226 1200 461 1250 ejusmodi
482 1202 780 1252 temporibus
807 1202 1001 1252 planum
1023 1209 1167 1251 atque
1189 1207 1421 1239 testatum
1450 1200 1621 1243 facere,

160 1272 213 1296 ea
246 1273 293 1298 se
332 1267 484 1300 mente
526 1261 752 1313 praeditos
797 1274 918 1307 esse,
963 1269 1010 1299 ut
1052 1253 1367 1306 necessarios,
1409 1260 1621 1310 quamvis

158 1329 359 1371 egentes
385 1329 526 1373 atque
565 1325 620 1361 ab
657 1324 780 1362 omni
815 1336 900 1374 ope
929 1322 1132 1362 humana
1168 1321 1538 1368 destitutos‚-ad
1575 1335 1621 1359 se

158 1388 312 1419 tamen
332 1384 569 1433 pertinere
591 1383 883 1421 existiment.
939 1384 1148 1422 Proinde
1171 1398 1254 1423 nos
1275 1384 1414 1422 decet
1434 1382 1623 1434 Epilyci

159 1442 307 1488 silias,
343 1445 536 1482 tametsi
565 1445 824 1490 indotatas,
862 1457 952 1482 non
989 1452 1304 1491 contemnere,
1333 1456 1486 1494 neque
1519 1455 1623 1481 con—

160 1503 368 1541 ditiones
415 1504 649 1542 lautiores
691 1505 806 1555 ipsis
855 1518 1006 1554 neque
1058 1518 1250 1543 soceros
1292 1505 1623 1556 opulentiores

158 1577 314 1603 earum
342 1565 469 1616 patri
497 1565 744 1616 praeferre:
775 1565 1006 1615 Epilycus
1033 1566 1152 1602 enim
1181 1565 1220 1602 si
1249 1566 1401 1603 adhuc
1429 1566 1472 1602 in
1504 1566 1624 1604 vivis

158 1632 434 1676 superesset
467 1632 546 1664 aut
581 1627 620 1663 si
649 1637 842 1676 magnas
874 1638 987 1676 opes
1024 1624 1304 1674 reliquisset
1321 1626 1420 1663 vita
1455 1625 1624 1664 defun-

158 1694 278 1732 ctus,
296 1687 461 1738 procul
477 1687 620 1725 dubio
637 1687 770 1724 filias
786 1686 826 1737 ej
840 1699 890 1723 us
905 1686 949 1723 in
968 1686 1310 1725 matrimonium
1326 1687 1622 1724 ambiremus.

158 1747 442 1786 Verum-'hoc
468 1754 606 1799 pacto
632 1748 671 1786 si
697 1747 821 1786 filias
851 1747 1042 1798 Epilyci
1065 1747 1379 1793 duxissemus,
1406 1748 1491 1785 visi
1513 1748 1625 1786 fuis-

160 1821 329 1855 semuS,
358 1816 490 1859 patre
519 1809 671 1846 adhuc
700 1809 960 1859 superstite
987 1808 1168 1846 domum
1199 1822 1278 1847 eas
1307 1816 1515 1846 nostram
1544 1810 1623 1847 du-

159 1877 336 1914 centes,
357 1870 506 1920 patris
527 1870 564 1907 in
584 1871 787 1920 gratiam
808 1870 1030 1914 duxisse3
1062 1871 1130 1908 sin
1153 1878 1321 1914 autem,
1344 1876 1453 1921 post
1478 1872 1624 1921 patris

162 1941 407 1971 excessum
430 1944 508 1968 eas
530 1931 846 1978 duxissemus,
871 1931 1070 1972 heredes
1094 1931 1331 1970 luculenti
1353 1932 1626 1981 patrimo-nii

162 1991 372 2037 relictas,
411 1992 667 2042 cupiditati
706 2000 882 2031 nostrae
912 1993 1086 2030 fuisset
1114 1992 1158 2029 id
1189 1993 1492 2041 imputatum:
1519 1993 1623 2042 ,jam

160 2064 269 2088 vero
299 2052 530 2101 quicquid
559 2053 651 2096 fiet,
683 2052 725 2090 id
758 2066 780 2090 a
808 2053 981 2090 virtute
1012 2060 1173 2090 nostra
1203 2052 1450 2102 nostrique
1485 2053 1624 2089 animi

161 2112 417 2152 nobilitate
446 2113 801 2163 proficiscetur,
822 2113 958 2162 eique
980 2115 1229 2149 referetur.
1288 2112 1355 2148 Da
1384 2112 1529 2161 igitur
1551 2113 1624 2161 (in-

161 2176 294 2223 quam)
314 2163 375 2219 tu}
399 2174 588 2224 Leager.
610 2187 813 2225 operam,
837 2180 884 2211 ut
913 2174 1068 2210 altera
1090 2173 1298 2210 filiarum
1325 2172 1511 2224 Epilyci
1541 2174 1627 2210 tibi

163 2235 216 2272 ab
237 2234 476 2272 Archonte
497 2235 824 2286 adjudicetur3
857 2247 942 2285 ego
962 2247 1071 2271 vero
1101 2234 1294 2271 alteram
1325 2233 1432 2270 mihi
1452 2234 1495 2270 in
1518 2234 1625 2284 jure

159 2296 319 2335 addici
347 2299 535 2335 curabo.
593 2298 731 2336 Motus
752 2297 822 2335 hac
843 2298 1014 2335 oratione
1036 2297 1196 2346 Leager‚
1217 2311 1238 2334 0
1260 2297 1342 2341 viri,
1363 2297 1510 2347 recepit
1531 2297 1623 2334 mihi

161 2359 216 2398 sic
236 2359 428 2396 facturum
446 2372 455 2396 ε
485 2367 524 2397 et
542 2359 757 2399 secundum
773 2359 873 2396 hanc
892 2359 990 2403 inter
1005 2371 1076 2396 nos
1098 2358 1236 2396 factam
1254 2358 1502 2409 sponsionem
1519 2371 1626 2396 cura-

159 2421 283 2459 vimus
304 2421 417 2458 ambo
437 2433 507 2458 nos
535 2421 668 2458 ambas
689 2420 839 2470 Epilyci
860 2420 956 2457 filias
987 2421 1034 2456 ab
1055 2419 1260 2464 Archontis
1283 2419 1410 2457 edicto
1439 2419 1561 2462 nobis,
1585 2426 1626 2455 ut

159 2481 349 2531 legitimas
378 2481 682 2519 matresfamilias
714 2480 918 2518 contribui.
984 2480 1129 2517 'Verum
1160 2492 1206 2517 ea
1235 2480 1391 2530 puella,r
1411 2492 1524 2530 quam
1553 2492 1624 2528 ego

162 2543 253 2580 mihi
281 2543 449 2593 arrogari
468 2543 594 2581 edicto
622 2542 801 2593 praetorio
822 2554 1056 2586 curaveram,
1083 2542 1243 2579 adversa
1272 2542 1439 2592 quadam
1460 2553 1529 2583 usa
1549 2541 1624 2577 for-

154 2610 274 2650 tuna,
305 2604 524 2642 valetudine
555 2604 722 2642 decessit
755 2609 843 2640 ante
874 2603 1050 2653 nuptias:
1086 2616 1193 2640 soror
1223 2610 1349 2640 autem
1382 2602 1464 2650 ejus
1499 2601 1624 2638 adhuc

165 2671 354 2714 superest.
412 2665 624 2703 Offerenda
639 2665 802 2716 pecunia
814 2663 957 2702 Callias
975 2664 1162 2713 Leagrum
1184 2663 1374 2700 adducere
1393 2661 1566 2707 tentavit,
1585 2669 1627 2699 ut

168 2725 238 2762 sibi
254 2726 489 2774 permitteret
503 2727 604 2765 hanc
620 2726 865 2775 superstitem
880 2725 1034 2763 domum
1052 2737 1158 2762 suam
1179 2723 1337 2766 ducere3
1368 2729 1407 2759 et
1425 2721 1626 2760 videbatur

118 2791 125 2796 '
169 2786 315 2834 Leager
328 2789 408 2833 jam
425 2795 582 2825 nutare:
615 2787 652 2824 id
666 2786 857 2837 quodego
872 2787 1056 2831 sentiens,
1072 2790 1244 2822 actutum
1259 2782 1370 2833 posui
1385 2783 1623 2833 παράστασιν

167 2846 221 2897 [11.
259 2859 291 2883 e.
329 2847 488 2897 deposui
525 2849 728 2898 pecuniam
765 2849 803 2885 in
838 2848 1000 2898 judicio,
1038 2853 1333 2884 sacramentum·
1356 2844 1509 2890 dictam,
1548 2856 1624 2893 qua
