1822 3219
267 173 336 209 118
828 175 1125 214 ANDOCIDIS

258 274 364 313 vobis
388 275 487 314 hunc
514 276 562 314 ad
586 277 740 316 modum
769 279 1046 330 contingerent,
1069 277 1352 330 deprehensum
1380 287 1438 318 est
1462 292 1521 318 me
1548 288 1691 332 partem

257 337 466 375 contulisse
486 339 546 376 vix
567 340 827 383 millesiinam;
858 341 941 378 finis
962 348 1086 380 autem
1104 349 1145 377 ut
1161 340 1204 377 iis
1222 340 1487 390 imponeretur,
1499 354 1572 392 ego
1587 342 1692 380 solus

259 398 295 434 in
308 411 423 436 causa
438 399 503 436 fui.
562 400 610 436 Et
624 400 868 437 nihilominus
885 407 1010 437 tamen
1025 400 1191 451 effugere
1206 414 1281 437 non
1298 414 1467 452 possum,
1481 415 1556 452 quo
1571 403 1693 440 minus

257 458 325 496 sim
350 460 564 498 mortalium
587 462 753 498 omnium
781 462 1087 500 infelicissimus:
1120 476 1205 500 nam
1230 476 1307 513 quo
1333 471 1501 515 tempore
1526 465 1694 515 procella

258 519 340 558 haec
360 522 397 558 in
416 535 534 572 remp.
554 522 812 568 incumbebat,
833 524 934 561 fama
954 524 1119 574 vulgaris
1140 524 1284 562 ferebat
1304 538 1389 563 esse
1413 527 1600 563 neminem
1622 526 1692 564 diis

258 590 388 620 natum
409 584 527 633 magis
546 584 662 628 iratis,
684 597 796 635 quam
819 598 891 635 ego
911 598 1056 628 essem;
1088 593 1127 624 et
1145 600 1284 632 rursus,
1305 588 1452 626 reddita
1478 589 1693 639 reipublicae

257 656 349 692 pace
378 651 492 694 atque
522 646 738 690 securitate,
756 659 838 684 sum
869 655 993 684 tamen
1024 660 1120 684 uuus
1150 661 1222 698 ego
1250 650 1417 687 omnium
1448 650 1692 688 miserrimus.

259 704 365 742 Mala
383 706 481 742 enim
503 707 733 756 reipublicae,
752 715 808 745 tot
826 707 892 746 illa
913 721 1069 746 numero
1088 715 1199 759 atque
1218 715 1337 755 tanta,
1353 711 1477 748 sanari
1498 711 1602 749 nullo
1621 710 1694 748 alio

259 766 373 803 modo
391 779 503 816 quam
526 767 715 806 dedecore
736 782 820 807 meo
846 776 1030 820 poterant,
1050 783 1125 819 quo
1151 770 1280 817 fiebat,
1301 779 1356 817 ut,
1378 773 1480 821 quod
1509 772 1598 810 mihi
1628 785 1694 810 no-

256 837 374 875 ceret,
394 828 431 865 id
451 828 571 879 ipsum
593 830 704 867 saluti
725 832 828 868 vobis
854 838 968 869 esset.
1029 831 1267 882 Quapropter
1297 842 1596 872 consentaneum
1622 841 1693 879 est,

259 901 318 927 me
339 902 405 940 per
424 889 496 928 hoc
516 891 760 930 infortunium
782 906 907 931 meum
927 906 1004 931 non
1026 893 1152 930 odium
1174 906 1195 931 a
1212 895 1318 932 vobis
1338 895 1510 942 aufferre,
1525 897 1591 935 sed
1609 909 1694 948 gra·

259 951 349 989 tiam
370 952 495 1003 potius
516 953 624 991 inire.

312 1015 348 1051 2.
378 1014 647 1053 Verumtamen
670 1030 743 1067 ego
768 1019 994 1058 calamitatis
1024 1034 1117 1059 meae
1148 1028 1225 1059 tum
1255 1019 1438 1070 temporis
1465 1019 1694 1071 intelligens,

259 1087 344 1111 nam
365 1075 535 1125 profecto
556 1079 738 1131 non-novi
764 1092 884 1129 genus
909 1082 1026 1118 ullum
1055 1082 1238 1120 malorum
1268 1080 1545 1119 dedecorumve
1573 1094 1595 1119 a
1619 1094 1695 1131 quo

258 1137 426 1174 intactus
451 1138 693 1184 mansissem,
714 1139 790 1177 sive
811 1141 984 1180 coecitate
1004 1144 1142 1180 mentis
1163 1155 1258 1179 meae
1279 1141 1447 1187 delusus,
1468 1141 1547 1179 sive
1566 1154 1697 1180 ueces-

257 1198 368 1236 sitate
397 1212 518 1236 rerum
549 1199 877 1239 circumstantium
907 1205 1149 1250 constrictus,
1181 1205 1290 1242 rebar
1316 1211 1355 1241 et
1384 1216 1448 1240 vos
1478 1215 1593 1240 unum
1624 1202 1696 1242 hoc

258 1261 417 1298 maxime
430 1264 564 1310 juvare
583 1270 621 1300 et
641 1263 729 1299 mibi
744 1265 933 1314 expedire,
956 1274 998 1303 ut
1018 1267 1064 1304 ad
1085 1266 1178 1304 illud
1197 1266 1284 1303 vitae
1301 1278 1422 1316 genus
1444 1278 1502 1303 me
1520 1265 1695 1303 demitte-

259 1336 352 1368 rem,
372 1332 410 1360 et
429 1324 466 1360 in
488 1324 592 1361 illum
612 1331 792 1363 terrarum
815 1327 995 1377 angulum
1018 1342 1076 1366 me
1098 1328 1293 1372 abderem,
1311 1327 1374 1364 ubi
1395 1327 1546 1364 minime
1566 1328 1696 1365 vestris

261 1385 382 1424 oculis
397 1399 520 1423 essem
536 1387 819 1425 obversaturus.
860 1389 912 1426 Ut
926 1401 1051 1427 autem
1066 1390 1220 1427 tandem
1236 1388 1440 1439 aliquando
1456 1401 1527 1433 me,
1540 1388 1578 1425 id
1592 1389 1696 1439 quod

261 1448 340 1485 fieri
360 1461 427 1498 par
446 1454 540 1493 erat,
560 1455 598 1485 et
614 1448 844 1487 desiderium
864 1451 965 1502 cepit
983 1451 1082 1489 illius
1103 1452 1202 1496 vitae,
1219 1463 1334 1501 quarn
1354 1450 1443 1487 olim
1463 1450 1554 1487 civis
1573 1456 1698 1488 vester

261 1511 357 1548 inter
375 1523 441 1547 vos
459 1510 635 1560 egissem,
655 1518 693 1547 et
712 1511 866 1549 taedium
889 1512 996 1550 istius
1016 1511 1337 1557 commorationis,
1351 1511 1454 1549 unde
1474 1524 1534 1549 me
1553 1511 1628 1549 huc
1647 1510 1697 1549 ad

264 1585 330 1610 vos
345 1572 466 1617 retuli,
480 1573 693 1610 statuebam
706 1573 882 1624 expedire
896 1573 999 1620 mihi,
1009 1581 1051 1611 ut
1066 1581 1131 1611 aut
1144 1573 1193 1611 de
1208 1573 1284 1611 vita
1296 1585 1447 1624 prorsus
1460 1572 1696 1618 decederem,

261 1641 328 1672 aut
345 1642 452 1672 tanto
471 1647 591 1685 remp.
613 1634 704 1671 mihi
723 1635 998 1686 obstringerem
1017 1635 1216 1679 beneficio,
1236 1642 1277 1672 ut
1296 1647 1363 1672 vos
1382 1633 1484 1672 haud
1504 1633 1610 1671 inviti
1637 1647 1697 1672 es-

263 1696 353 1734 setis
373 1696 521 1746 passuri
549 1709 607 1733 me
627 1695 724 1733 inter
743 1709 811 1734 vos
837 1709 949 1748 aequo
977 1710 1064 1735 cum
1086 1699 1171 1745 jure
1197 1696 1294 1734 civili
1316 1696 1468 1733 versari.
1528 1695 1598 1732 His
1624 1708 1698 1745 ego

261 1758 463 1796 momentis
478 1757 665 1808 impulsus
680 1757 753 1795 feci
769 1759 816 1796 ab
833 1771 878 1796 eo
894 1759 980 1796 inde
997 1767 1182 1810 tempore,
1197 1765 1238 1796 ut
1253 1757 1346 1796 nulli
1364 1770 1557 1809 parcerem
1573 1770 1697 1808 neque

261 1819 427 1871 sumptui
447 1832 467 1857 e
482 1832 521 1857 re
535 1832 616 1858 mea
630 1820 803 1858 familiari
818 1820 992 1858 faciendo
1013 1833 1137 1871 neque
1158 1820 1342 1874 molestiae
1359 1832 1516 1871 corpore
1531 1832 1616 1857 meo
1631 1832 1699 1857 ex-

263 1882 469 1928 antlandae,
490 1883 712 1932 nullumque
733 1890 776 1920 ut
795 1883 1016 1934 defugerem
1041 1875 1274 1933 periculum;
1303 1881 1370 1919 sed
1396 1888 1487 1919 tunc
1511 1880 1638 1919 statim
1661 1880 1698 1918 in

262 1952 387 1984 castra
406 1953 531 1984 vestra
555 1945 604 1983 ad
625 1946 780 1983 Samum
807 1946 940 1984 induxi
966 1946 1141 1996 remiges,
1160 1945 1554 1996 Quadringentisjam
1575 1956 1697 1982 rerum

259 2007 333 2045 hac
352 2007 389 2044 in
409 2008 502 2045 urbe
521 2006 664 2057 potitis,
685 2006 874 2044 Archelao
894 2007 1044 2045 homine
1065 2006 1206 2053 Samio,
1228 2019 1305 2057 quo
1324 2013 1432 2057 pater
1444 2009 1522 2054 Jani
1543 2005 1701 2043 familia·

260 2069 348 2107 riter
377 2081 467 2106 usus
495 2069 634 2114 fuerat,
662 2068 887 2119 indulgente
918 2068 1007 2106 mihi
1036 2076 1150 2119 atque
1180 2067 1416 2106 concedente
1448 2080 1535 2118 quae
1562 2065 1698 2104 vellem

262 2130 390 2169 omnia
416 2130 510 2177 fieri,
529 2138 567 2168 et
594 2143 616 2168 a
644 2143 702 2168 me
729 2130 922 2182 importari
951 2138 1066 2180 atque
1095 2130 1281 2181 exportari
1309 2142 1405 2179 quos
1435 2129 1583 2166 vellem.
1640 2129 1700 2165 Ita

259 2193 403 2230 factum
424 2200 496 2238 est,
516 2200 558 2229 ut
577 2206 649 2243 ego
675 2192 837 2242 remiges
858 2192 942 2229 illos
969 2192 1201 2236 inducerem,
1219 2204 1288 2241 pro
1314 2190 1453 2240 quibus
1479 2201 1698 2240 quanquam

261 2253 403 2291 licebat
419 2253 457 2290 in
474 2254 625 2304 singula
638 2253 765 2304 capita
777 2253 911 2304 quinas
927 2252 1130 2290 drachmas
1146 2264 1317 2303 poscere,
1330 2250 1558 2301 dedignatus
1573 2257 1699 2289 tamen

242 2327 345 2352 osum
364 2315 450 2366 plus
466 2327 623 2365 poscere
636 2327 751 2365 quam
766 2315 834 2365 ipsi
850 2315 937 2352 mihi
949 2313 1225 2353 constitissent:
1257 2313 1325 2351 sed
1342 2313 1534 2351 frumenta
1548 2324 1700 2363 quoque

263 2385 446 2430 praeterea
465 2386 503 2416 et
523 2392 624 2417 arma
638 2379 783 2424 induxi,
798 2379 937 2429 quibus
955 2379 1006 2417 illi
1023 2379 1087 2416 alti
1104 2378 1311 2428 armatique
1330 2378 1572 2429 postmodum
1589 2376 1701 2414 Pelo-

261 2440 515 2492 ponnesiacos
531 2441 662 2491 praelio
683 2441 806 2479 navali
828 2441 1012 2486 vicerunt,
1033 2440 1202 2491 solisque
1223 2439 1437 2478 mortalium
1458 2438 1623 2477 omnium
1642 2438 1700 2475 his

261 2503 376 2541 debet
395 2502 620 2554 respublica,
641 2503 744 2553 quod
766 2511 913 2541 servata
935 2510 1013 2541 tum
1034 2502 1160 2540 fuerit.
1217 2502 1366 2544 Quodsi
1387 2514 1478 2551 ergo
1497 2500 1550 2537 illi
1575 2501 1626 2537 ita
1651 2499 1700 2536 de

258 2564 364 2603 vobis
379 2564 571 2615 promeriti
591 2571 694 2609 sunt,
706 2571 749 2601 ut
768 2565 917 2602 labores
939 2578 1070 2602 eorum
1090 2577 1157 2615 pro
1173 2564 1278 2602 vobis
1294 2563 1474 2601 exantlati
1490 2562 1526 2599 in
1544 2573 1701 2598 numero

260 2625 470 2677 ingentium
485 2625 756 2663 beneficiorum
772 2626 903 2664 haberi
920 2627 1154 2677 paribusque
1170 2625 1336 2677 praemiis
1351 2624 1506 2676 rependi
1523 2623 1702 2669 debeant,

262 2688 394 2726 videor
409 2686 501 2724 mihi
521 2700 594 2737 ego
615 2700 766 2738 quoque
786 2687 821 2724 in
844 2694 988 2738 partem
1009 2687 1122 2738 hujus
1143 2687 1267 2725 laudis
1288 2686 1391 2724 haud
1419 2685 1609 2723 minimam
1637 2698 1701 2723 ve-

262 2749 356 2786 nire.
414 2749 499 2800 Ego
519 2749 616 2786 enim
643 2749 674 2786 si
703 2748 881 2786 alimenta
904 2749 951 2786 ad
977 2762 1043 2786 eos
1068 2749 1172 2786 nulla
1191 2748 1444 2793 advexissern,
1465 2754 1610 2785 tantum
1633 2748 1701 2784 ab·

262 2810 411 2856 suisset,
430 2818 472 2848 ut
491 2810 539 2848 de
558 2810 794 2848 restituenda
823 2810 1016 2861 republica
1044 2811 1270 2861 cogitarent,
1291 2816 1333 2846 ut
1361 2810 1488 2859 potius
1517 2822 1565 2847 ne
1594 2822 1702 2847 suam

264 2871 335 2922 ipsi
355 2871 506 2922 quidem
521 2872 683 2910 salutem
698 2879 812 2923 atque
827 2871 939 2909 vitam
958 2871 1053 2909 tueri
1071 2872 1295 2922 potuissent.
1352 2870 1702 2913 Verumenimvero,

264 2945 477 2983 quanquam
499 2946 558 2970 res
580 2934 631 2971 ita
652 2946 692 2971 se
710 2933 892 2984 habebat,
913 2941 954 2970 ut
974 2933 1089 2971 studii
1111 2932 1182 2970 mei
1204 2932 1356 2983 praemia
1377 2945 1397 2969 a
1418 2932 1523 2970 vobis
1547 2932 1701 2982 'sperare
