<?xml version="1.0" encoding="UTF-8"?>
<!DOCTYPE html PUBLIC "-//W3C//DTD XHTML 1.0 Transitional//EN"
    "http://www.w3.org/TR/xhtml1/DTD/xhtml1-transitional.dtd">
<html xmlns="http://www.w3.org/1999/xhtml" xml:lang="en" lang="en">
 <head>
  <title>
</title>
<meta http-equiv="Content-Type" content="text/html;charset=utf-8" />
  <meta name='ocr-system' content='tesseract 3.04.00' />
  <meta name='ocr-capabilities' content='ocr_page ocr_carea ocr_par ocr_line ocrx_word'/>
</head>
<body>
  <div class='ocr_page' id='page_1' title='image "./oratoresatticie13dobs_0062.png"; bbox 0 0 1822 3219; ppageno 0'>
   <div class='ocr_carea' id='block_1_1' title="bbox 211 140 1109 182">
    <p class='ocr_par' dir='ltr' id='par_1_1' title="bbox 211 140 1109 182">
     <span class='ocr_line' id='line_1_1' title="bbox 211 140 1109 182; baseline -0.006 0"><span class='ocrx_word' id='word_1_1' title='bbox 211 147 262 182; x_wconf 86' lang='lat'><strong>50</strong></span> <span class='ocrx_word' id='word_1_2' title='bbox 742 140 1109 180; x_wconf 83' lang='lat' dir='ltr'>ANTIPHONTIS</span> 
     </span>
    </p>
   </div>
   <div class='ocr_carea' id='block_1_2' title="bbox 211 236 1672 2903">
    <p class='ocr_par' dir='ltr' id='par_1_2' title="bbox 211 236 1666 945">
     <span class='ocr_line' id='line_1_2' title="bbox 214 236 1660 288; baseline -0.005 -9"><span class='ocrx_word' id='word_1_3' title='bbox 214 249 343 279; x_wconf 88' lang='lat' dir='ltr'><strong>tamen</strong></span> <span class='ocrx_word' id='word_1_4' title='bbox 366 241 531 280; x_wconf 88' lang='lat' dir='ltr'><strong>indicem</strong></span> <span class='ocrx_word' id='word_1_5' title='bbox 552 241 624 280; x_wconf 82' lang='lat' dir='ltr'><strong>sibi</strong></span> <span class='ocrx_word' id='word_1_6' title='bbox 648 242 877 286; x_wconf 87' lang='lat' dir='ltr'><strong>secundum,</strong></span> <span class='ocrx_word' id='word_1_7' title='bbox 895 241 987 279; x_wconf 84' lang='lat' dir='ltr'><strong>mihi</strong></span> <span class='ocrx_word' id='word_1_8' title='bbox 1019 240 1239 284; x_wconf 85' lang='lat' dir='ltr'><strong>adversum,</strong></span> <span class='ocrx_word' id='word_1_9' title='bbox 1259 237 1331 288; x_wconf 87' lang='lat' dir='ltr'><strong>ipsi</strong></span> <span class='ocrx_word' id='word_1_10' title='bbox 1360 236 1411 276; x_wconf 89' lang='lat' dir='ltr'><strong>de</strong></span> <span class='ocrx_word' id='word_1_11' title='bbox 1430 236 1554 275; x_wconf 88' lang='lat' dir='ltr'><strong>medio</strong></span> <span class='ocrx_word' id='word_1_12' title='bbox 1573 241 1660 273; x_wconf 55' lang='lat' dir='ltr'><strong>s‘us4</strong></span> 
     </span>
     <span class='ocr_line' id='line_1_3' title="bbox 213 295 1663 352; baseline -0.004 -13"><span class='ocrx_word' id='word_1_13' title='bbox 213 302 398 340; x_wconf 88' lang='lat' dir='ltr'><strong>tulerunt.</strong></span> <span class='ocrx_word' id='word_1_14' title='bbox 457 303 557 341; x_wconf 88' lang='lat' dir='ltr'><strong>Hem</strong></span> <span class='ocrx_word' id='word_1_15' title='bbox 578 302 815 341; x_wconf 88' lang='lat' dir='ltr'><strong>incredibilis</strong></span> <span class='ocrx_word' id='word_1_16' title='bbox 834 308 874 339; x_wconf 91' lang='lat' dir='ltr'><strong>et</strong></span> <span class='ocrx_word' id='word_1_17' title='bbox 891 299 1161 352; x_wconf 83' lang='lat' dir='ltr'><strong>inexputabilis</strong></span> <span class='ocrx_word' id='word_1_18' title='bbox 1182 297 1474 337; x_wconf 66' lang='lat' dir='ltr'><strong>inconstantiae!</strong></span> <span class='ocrx_word' id='word_1_19' title='bbox 1521 296 1610 346; x_wconf 83' lang='lat' dir='ltr'><strong>Ego</strong></span> <span class='ocrx_word' id='word_1_20' title='bbox 1629 295 1663 334; x_wconf 82' lang='lat' dir='ltr'><strong>si</strong></span> 
     </span>
     <span class='ocr_line' id='line_1_4' title="bbox 211 355 1663 402; baseline -0.004 -2"><span class='ocrx_word' id='word_1_21' title='bbox 211 362 261 400; x_wconf 91' lang='lat' dir='ltr'><strong>de</strong></span> <span class='ocrx_word' id='word_1_22' title='bbox 280 361 405 402; x_wconf 90' lang='lat' dir='ltr'><strong>medio</strong></span> <span class='ocrx_word' id='word_1_23' title='bbox 437 363 631 401; x_wconf 89' lang='lat' dir='ltr'><strong>hominem</strong></span> <span class='ocrx_word' id='word_1_24' title='bbox 661 362 937 400; x_wconf 88' lang='lat' dir='ltr'><strong>submovissem</strong></span> <span class='ocrx_word' id='word_1_25' title='bbox 967 368 1034 399; x_wconf 88' lang='lat' dir='ltr'><strong>aut</strong></span> <span class='ocrx_word' id='word_1_26' title='bbox 1052 360 1193 398; x_wconf 92' lang='lat' dir='ltr'><strong>nollem</strong></span> <span class='ocrx_word' id='word_1_27' title='bbox 1221 358 1271 397; x_wconf 92' lang='lat' dir='ltr'><strong>ad</strong></span> <span class='ocrx_word' id='word_1_28' title='bbox 1301 363 1493 396; x_wconf 83' lang='lat' dir='ltr'><strong>tormenta</strong></span> <span class='ocrx_word' id='word_1_29' title='bbox 1511 355 1663 395; x_wconf 84' lang='lat' dir='ltr'><strong>tradere</strong></span> 
     </span>
     <span class='ocr_line' id='line_1_5' title="bbox 211 416 1666 473; baseline -0.004 -13"><span class='ocrx_word' id='word_1_30' title='bbox 211 429 280 460; x_wconf 82' lang='lat' dir='ltr'><strong>aut</strong></span> <span class='ocrx_word' id='word_1_31' title='bbox 316 422 429 460; x_wconf 82' lang='lat' dir='ltr'><strong>aliam</strong></span> <span class='ocrx_word' id='word_1_32' title='bbox 474 422 691 473; x_wconf 85' lang='lat' dir='ltr'><strong>quampiam</strong></span> <span class='ocrx_word' id='word_1_33' title='bbox 734 420 959 472; x_wconf 86' lang='lat' dir='ltr'><strong>explorandi</strong></span> <span class='ocrx_word' id='word_1_34' title='bbox 992 420 1071 458; x_wconf 90' lang='lat' dir='ltr'><strong>veri</strong></span> <span class='ocrx_word' id='word_1_35' title='bbox 1104 419 1287 457; x_wconf 84' lang='lat' dir='ltr'><strong>rationem</strong></span> <span class='ocrx_word' id='word_1_36' title='bbox 1324 417 1561 467; x_wconf 79' lang='lat' dir='ltr'>defugerem,</span> <span class='ocrx_word' id='word_1_37' title='bbox 1591 416 1666 455; x_wconf 85' lang='lat' dir='ltr'><strong>hac</strong></span> 
     </span>
     <span class='ocr_line' id='line_1_6' title="bbox 212 478 1663 532; baseline -0.006 -10"><span class='ocrx_word' id='word_1_38' title='bbox 212 496 301 522; x_wconf 87' lang='lat' dir='ltr'><strong>mea</strong></span> <span class='ocrx_word' id='word_1_39' title='bbox 317 484 561 522; x_wconf 84' lang='lat' dir='ltr'><strong>cunctatione</strong></span> <span class='ocrx_word' id='word_1_40' title='bbox 589 491 656 521; x_wconf 91' lang='lat' dir='ltr'><strong>aut</strong></span> <span class='ocrx_word' id='word_1_41' title='bbox 676 482 809 520; x_wconf 87' lang='lat' dir='ltr'><strong>fraude</strong></span> <span class='ocrx_word' id='word_1_42' title='bbox 828 482 883 519; x_wconf 93' lang='lat' dir='ltr'><strong>illi</strong></span> <span class='ocrx_word' id='word_1_43' title='bbox 909 480 1164 532; x_wconf 88' lang='lat' dir='ltr'><strong>proculdubio</strong></span> <span class='ocrx_word' id='word_1_44' title='bbox 1192 480 1269 518; x_wconf 89' lang='lat' dir='ltr'><strong>sint</strong></span> <span class='ocrx_word' id='word_1_45' title='bbox 1288 478 1339 516; x_wconf 85' lang='lat' dir='ltr'><strong>ad</strong></span> <span class='ocrx_word' id='word_1_46' title='bbox 1367 489 1523 516; x_wconf 85' lang='lat' dir='ltr'><strong>causam</strong></span> <span class='ocrx_word' id='word_1_47' title='bbox 1554 489 1663 514; x_wconf 77' lang='lat' dir='ltr'><strong>suam</strong></span> 
     </span>
     <span class='ocr_line' id='line_1_7' title="bbox 211 537 1665 585; baseline -0.005 -3"><span class='ocrx_word' id='word_1_48' title='bbox 211 545 513 584; x_wconf 86' lang='lat' dir='ltr'><strong>confirmandam</strong></span> <span class='ocrx_word' id='word_1_49' title='bbox 551 552 591 583; x_wconf 87' lang='lat' dir='ltr'><strong>et</strong></span> <span class='ocrx_word' id='word_1_50' title='bbox 634 544 684 582; x_wconf 91' lang='lat' dir='ltr'><strong>ad</strong></span> <span class='ocrx_word' id='word_1_51' title='bbox 720 556 844 582; x_wconf 86' lang='lat' dir='ltr'><strong>meam</strong></span> <span class='ocrx_word' id='word_1_52' title='bbox 884 542 1132 580; x_wconf 86' lang='lat' dir='ltr'><strong>evertendam</strong></span> <span class='ocrx_word' id='word_1_53' title='bbox 1171 541 1290 585; x_wconf 89' lang='lat' dir='ltr'><strong>usuri,</strong></span> <span class='ocrx_word' id='word_1_54' title='bbox 1324 553 1396 578; x_wconf 91' lang='lat' dir='ltr'><strong>ceu</strong></span> <span class='ocrx_word' id='word_1_55' title='bbox 1433 537 1665 577; x_wconf 78' lang='lat' dir='ltr'><strong>adminiculo</strong></span> 
     </span>
     <span class='ocr_line' id='line_1_8' title="bbox 213 598 1666 655; baseline -0.004 -13"><span class='ocrx_word' id='word_1_56' title='bbox 213 604 384 655; x_wconf 87' lang='lat' dir='ltr'><strong>inprimis</strong></span> <span class='ocrx_word' id='word_1_57' title='bbox 414 605 540 644; x_wconf 90' lang='lat' dir='ltr'><strong>valido</strong></span> <span class='ocrx_word' id='word_1_58' title='bbox 571 612 688 655; x_wconf 88' lang='lat' dir='ltr'><strong>atque</strong></span> <span class='ocrx_word' id='word_1_59' title='bbox 718 611 898 655; x_wconf 87' lang='lat' dir='ltr'><strong>potente;</strong></span> <span class='ocrx_word' id='word_1_60' title='bbox 931 610 971 640; x_wconf 89' lang='lat' dir='ltr'><strong>et</strong></span> <span class='ocrx_word' id='word_1_61' title='bbox 998 602 1171 654; x_wconf 87' lang='lat' dir='ltr'><strong>profecto</strong></span> <span class='ocrx_word' id='word_1_62' title='bbox 1204 614 1280 639; x_wconf 90' lang='lat' dir='ltr'><strong>non</strong></span> <span class='ocrx_word' id='word_1_63' title='bbox 1313 609 1474 652; x_wconf 84' lang='lat' dir='ltr'><strong>possent</strong></span> <span class='ocrx_word' id='word_1_64' title='bbox 1504 610 1566 638; x_wconf 86' lang='lat' dir='ltr'><strong>me</strong></span> <span class='ocrx_word' id='word_1_65' title='bbox 1586 598 1666 636; x_wconf 91' lang='lat' dir='ltr'><strong>ullo</strong></span> 
     </span>
     <span class='ocr_line' id='line_1_9' title="bbox 213 659 1666 716; baseline -0.003 -14"><span class='ocrx_word' id='word_1_66' title='bbox 213 665 290 704; x_wconf 89' lang='lat' dir='ltr'><strong>alio</strong></span> <span class='ocrx_word' id='word_1_67' title='bbox 316 679 450 716; x_wconf 86' lang='lat' dir='ltr'><strong>urgere</strong></span> <span class='ocrx_word' id='word_1_68' title='bbox 478 666 652 716; x_wconf 89' lang='lat' dir='ltr'><strong>graviore</strong></span> <span class='ocrx_word' id='word_1_69' title='bbox 680 672 931 714; x_wconf 87' lang='lat' dir='ltr'><strong>argumento:</strong></span> <span class='ocrx_word' id='word_1_70' title='bbox 955 664 1035 714; x_wconf 83' lang='lat' dir='ltr'><strong>jam</strong></span> <span class='ocrx_word' id='word_1_71' title='bbox 1056 675 1145 700; x_wconf 88' lang='lat' dir='ltr'><strong>vero</strong></span> <span class='ocrx_word' id='word_1_72' title='bbox 1175 675 1262 700; x_wconf 87' lang='lat' dir='ltr'><strong>cum</strong></span> <span class='ocrx_word' id='word_1_73' title='bbox 1293 662 1363 712; x_wconf 89' lang='lat' dir='ltr'><strong>ipsi</strong></span> <span class='ocrx_word' id='word_1_74' title='bbox 1383 661 1463 698; x_wconf 88' lang='lat' dir='ltr'><strong>vias</strong></span> <span class='ocrx_word' id='word_1_75' title='bbox 1496 660 1570 698; x_wconf 83' lang='lat' dir='ltr'><strong>has</strong></span> <span class='ocrx_word' id='word_1_76' title='bbox 1587 659 1666 698; x_wconf 88' lang='lat' dir='ltr'><strong>veri</strong></span> 
     </span>
     <span class='ocr_line' id='line_1_10' title="bbox 211 721 1665 776; baseline -0.003 -12"><span class='ocrx_word' id='word_1_77' title='bbox 211 727 369 764; x_wconf 91' lang='lat' dir='ltr'><strong>eruendi</strong></span> <span class='ocrx_word' id='word_1_78' title='bbox 388 727 480 765; x_wconf 91' lang='lat' dir='ltr'><strong>inire</strong></span> <span class='ocrx_word' id='word_1_79' title='bbox 499 726 703 770; x_wconf 89' lang='lat' dir='ltr'><strong>noluerint,</strong></span> <span class='ocrx_word' id='word_1_80' title='bbox 722 726 895 776; x_wconf 86' lang='lat' dir='ltr'><strong>quamvis</strong></span> <span class='ocrx_word' id='word_1_81' title='bbox 921 725 1033 762; x_wconf 87' lang='lat' dir='ltr'><strong>amici</strong></span> <span class='ocrx_word' id='word_1_82' title='bbox 1054 724 1126 760; x_wconf 90' lang='lat' dir='ltr'><strong>mei</strong></span> <span class='ocrx_word' id='word_1_83' title='bbox 1156 735 1222 761; x_wconf 90' lang='lat' dir='ltr'><strong>eos</strong></span> <span class='ocrx_word' id='word_1_84' title='bbox 1250 722 1495 760; x_wconf 85' lang='lat' dir='ltr'><strong>hortarentur</strong></span> <span class='ocrx_word' id='word_1_85' title='bbox 1523 721 1579 759; x_wconf 77' lang='lat' dir='ltr'><strong>ad&#39;</strong></span> <span class='ocrx_word' id='word_1_86' title='bbox 1600 733 1665 759; x_wconf 86' lang='lat' dir='ltr'><strong>ve-</strong></span> 
     </span>
     <span class='ocr_line' id='line_1_11' title="bbox 212 783 1665 838; baseline -0.003 -14"><span class='ocrx_word' id='word_1_87' title='bbox 212 786 326 836; x_wconf 85' lang='lat' dir='ltr'><strong>stigia</strong></span> <span class='ocrx_word' id='word_1_88' title='bbox 354 786 438 824; x_wconf 78' lang='lat' dir='ltr'><strong>haec</strong></span> <span class='ocrx_word' id='word_1_89' title='bbox 470 787 793 836; x_wconf 86' lang='lat' dir='ltr'><strong>persequendum,</strong></span> <span class='ocrx_word' id='word_1_90' title='bbox 810 798 879 838; x_wconf 86' lang='lat' dir='ltr'><strong>par</strong></span> <span class='ocrx_word' id='word_1_91' title='bbox 909 791 970 822; x_wconf 87' lang='lat' dir='ltr'><strong>est</strong></span> <span class='ocrx_word' id='word_1_92' title='bbox 997 797 1057 822; x_wconf 86' lang='lat' dir='ltr'><strong>me</strong></span> <span class='ocrx_word' id='word_1_93' title='bbox 1088 783 1191 820; x_wconf 90' lang='lat' dir='ltr'><strong>illam</strong></span> <span class='ocrx_word' id='word_1_94' title='bbox 1223 795 1356 821; x_wconf 88' lang='lat' dir='ltr'><strong>eorum</strong></span> <span class='ocrx_word' id='word_1_95' title='bbox 1384 784 1665 820; x_wconf 80' lang='lat' dir='ltr'><strong>recusationem</strong></span> 
     </span>
     <span class='ocr_line' id='line_1_12' title="bbox 213 842 1665 897; baseline -0.003 -13"><span class='ocrx_word' id='word_1_96' title='bbox 213 859 283 896; x_wconf 89' lang='lat' dir='ltr'><strong>pro</strong></span> <span class='ocrx_word' id='word_1_97' title='bbox 303 859 363 884; x_wconf 90' lang='lat' dir='ltr'><strong>me</strong></span> <span class='ocrx_word' id='word_1_98' title='bbox 382 847 637 897; x_wconf 87' lang='lat' dir='ltr'><strong>interpretari,</strong></span> <span class='ocrx_word' id='word_1_99' title='bbox 656 853 694 884; x_wconf 92' lang='lat' dir='ltr'><strong>et</strong></span> <span class='ocrx_word' id='word_1_100' title='bbox 721 846 824 883; x_wconf 90' lang='lat' dir='ltr'><strong>illinc</strong></span> <span class='ocrx_word' id='word_1_101' title='bbox 853 858 1027 895; x_wconf 85' lang='lat' dir='ltr'><strong>arguere,</strong></span> <span class='ocrx_word' id='word_1_102' title='bbox 1049 857 1164 894; x_wconf 90' lang='lat' dir='ltr'><strong>quam</strong></span> <span class='ocrx_word' id='word_1_103' title='bbox 1184 843 1238 881; x_wconf 91' lang='lat' dir='ltr'><strong>illi</strong></span> <span class='ocrx_word' id='word_1_104' title='bbox 1257 855 1327 894; x_wconf 91' lang='lat' dir='ltr'><strong>pro</strong></span> <span class='ocrx_word' id='word_1_105' title='bbox 1345 856 1436 881; x_wconf 87' lang='lat' dir='ltr'><strong>vera</strong></span> <span class='ocrx_word' id='word_1_106' title='bbox 1453 842 1665 887; x_wconf 87' lang='lat' dir='ltr'><strong>venditant,</strong></span> 
     </span>
     <span class='ocr_line' id='line_1_13' title="bbox 211 906 1171 945; baseline -0.001 -2"><span class='ocrx_word' id='word_1_107' title='bbox 211 919 296 944; x_wconf 91' lang='lat' dir='ltr'><strong>eam</strong></span> <span class='ocrx_word' id='word_1_108' title='bbox 316 907 451 945; x_wconf 85' lang='lat' dir='ltr'><strong>falsam</strong></span> <span class='ocrx_word' id='word_1_109' title='bbox 473 914 512 944; x_wconf 90' lang='lat' dir='ltr'><strong>et</strong></span> <span class='ocrx_word' id='word_1_110' title='bbox 528 907 749 945; x_wconf 85' lang='lat' dir='ltr'><strong>ementitam</strong></span> <span class='ocrx_word' id='word_1_111' title='bbox 770 919 856 945; x_wconf 82' lang='lat' dir='ltr'><strong>esse</strong></span> <span class='ocrx_word' id='word_1_112' title='bbox 872 906 1171 944; x_wconf 81' lang='lat' dir='ltr'><strong>accusationem.</strong></span> 
     </span>
    </p>

    <p class='ocr_par' dir='ltr' id='par_1_3' title="bbox 211 964 1672 2903">
     <span class='ocr_line' id='line_1_14' title="bbox 266 964 1664 1017; baseline -0.002 -13"><span class='ocrx_word' id='word_1_113' title='bbox 266 970 303 1004; x_wconf 92' lang='lat'><strong>7.</strong></span> <span class='ocrx_word' id='word_1_114' title='bbox 334 967 478 1005; x_wconf 90' lang='lat' dir='ltr'><strong>Verum</strong></span> <span class='ocrx_word' id='word_1_115' title='bbox 498 967 613 1004; x_wconf 85' lang='lat' dir='ltr'><strong>etiam</strong></span> <span class='ocrx_word' id='word_1_116' title='bbox 639 968 713 1005; x_wconf 90' lang='lat' dir='ltr'><strong>hoc</strong></span> <span class='ocrx_word' id='word_1_117' title='bbox 733 967 784 1004; x_wconf 92' lang='lat' dir='ltr'><strong>illi</strong></span> <span class='ocrx_word' id='word_1_118' title='bbox 800 967 965 1017; x_wconf 89' lang='lat' dir='ltr'><strong>jactant,</strong></span> <span class='ocrx_word' id='word_1_119' title='bbox 982 965 1173 1003; x_wconf 88' lang='lat' dir='ltr'><strong>hominem</strong></span> <span class='ocrx_word' id='word_1_120' title='bbox 1194 966 1292 1003; x_wconf 90' lang='lat' dir='ltr'><strong>inter</strong></span> <span class='ocrx_word' id='word_1_121' title='bbox 1308 970 1499 1003; x_wconf 88' lang='lat' dir='ltr'><strong>tormenta</strong></span> <span class='ocrx_word' id='word_1_122' title='bbox 1515 964 1664 1002; x_wconf 84' lang='lat' dir='ltr'><strong>fassum</strong></span> 
     </span>
     <span class='ocr_line' id='line_1_15' title="bbox 213 1025 1667 1078; baseline -0.002 -13"><span class='ocrx_word' id='word_1_123' title='bbox 213 1039 315 1073; x_wconf 90' lang='lat' dir='ltr'><strong>esse,</strong></span> <span class='ocrx_word' id='word_1_124' title='bbox 337 1040 376 1064; x_wconf 92' lang='lat' dir='ltr'><strong>se</strong></span> <span class='ocrx_word' id='word_1_125' title='bbox 393 1027 483 1064; x_wconf 88' lang='lat' dir='ltr'><strong>mihi</strong></span> <span class='ocrx_word' id='word_1_126' title='bbox 503 1027 648 1064; x_wconf 87' lang='lat' dir='ltr'><strong>socium</strong></span> <span class='ocrx_word' id='word_1_127' title='bbox 670 1040 798 1078; x_wconf 80' lang='lat' dir='ltr'><strong>operae</strong></span> <span class='ocrx_word' id='word_1_128' title='bbox 818 1026 987 1072; x_wconf 86' lang='lat' dir='ltr'><strong>affuisse,</strong></span> <span class='ocrx_word' id='word_1_129' title='bbox 1009 1026 1205 1063; x_wconf 82' lang='lat' dir='ltr'><strong>Herodem</strong></span> <span class='ocrx_word' id='word_1_130' title='bbox 1224 1026 1430 1064; x_wconf 89' lang='lat' dir='ltr'><strong>occidenti.</strong></span> <span class='ocrx_word' id='word_1_131' title='bbox 1473 1025 1557 1075; x_wconf 85' lang='lat' dir='ltr'><strong>Ego</strong></span> <span class='ocrx_word' id='word_1_132' title='bbox 1575 1037 1667 1062; x_wconf 87' lang='lat' dir='ltr'><strong>vero</strong></span> 
     </span>
     <span class='ocr_line' id='line_1_16' title="bbox 214 1085 1668 1138; baseline -0.003 -12"><span class='ocrx_word' id='word_1_133' title='bbox 214 1101 301 1126; x_wconf 91' lang='lat' dir='ltr'><strong>cum</strong></span> <span class='ocrx_word' id='word_1_134' title='bbox 320 1100 407 1126; x_wconf 90' lang='lat' dir='ltr'><strong>eum</strong></span> <span class='ocrx_word' id='word_1_135' title='bbox 419 1087 458 1124; x_wconf 90' lang='lat' dir='ltr'><strong>id</strong></span> <span class='ocrx_word' id='word_1_136' title='bbox 473 1087 617 1125; x_wconf 86' lang='lat' dir='ltr'><strong>dixisse</strong></span> <span class='ocrx_word' id='word_1_137' title='bbox 630 1100 747 1138; x_wconf 85' lang='lat' dir='ltr'><strong>nego,</strong></span> <span class='ocrx_word' id='word_1_138' title='bbox 759 1095 838 1125; x_wconf 91' lang='lat' dir='ltr'><strong>tum</strong></span> <span class='ocrx_word' id='word_1_139' title='bbox 854 1087 906 1125; x_wconf 89' lang='lat' dir='ltr'><strong>ita</strong></span> <span class='ocrx_word' id='word_1_140' title='bbox 920 1087 981 1124; x_wconf 91' lang='lat' dir='ltr'><strong>aio</strong></span> <span class='ocrx_word' id='word_1_141' title='bbox 994 1087 1227 1137; x_wconf 87' lang='lat' dir='ltr'><strong>praedicasse</strong></span> <span class='ocrx_word' id='word_1_142' title='bbox 1242 1099 1377 1135; x_wconf 86' lang='lat' dir='ltr'><strong>meque</strong></span> <span class='ocrx_word' id='word_1_143' title='bbox 1393 1085 1668 1134; x_wconf 88' lang='lat' dir='ltr'><strong>Herodemque</strong></span> 
     </span>
     <span class='ocr_line' id='line_1_17' title="bbox 212 1145 1666 1198; baseline -0.002 -12"><span class='ocrx_word' id='word_1_144' title='bbox 212 1161 236 1186; x_wconf 90' lang='lat' dir='ltr'><strong>a</strong></span> <span class='ocrx_word' id='word_1_145' title='bbox 262 1161 303 1186; x_wconf 91' lang='lat' dir='ltr'><strong>se</strong></span> <span class='ocrx_word' id='word_1_146' title='bbox 328 1161 349 1185; x_wconf 93' lang='lat' dir='ltr'><strong>e</strong></span> <span class='ocrx_word' id='word_1_147' title='bbox 379 1160 476 1185; x_wconf 89' lang='lat' dir='ltr'><strong>nave</strong></span> <span class='ocrx_word' id='word_1_148' title='bbox 495 1148 657 1186; x_wconf 85' lang='lat' dir='ltr'><strong>eductos</strong></span> <span class='ocrx_word' id='word_1_149' title='bbox 679 1160 774 1192; x_wconf 85' lang='lat' dir='ltr'><strong>esse,</strong></span> <span class='ocrx_word' id='word_1_150' title='bbox 795 1154 896 1198; x_wconf 86' lang='lat' dir='ltr'><strong>post,</strong></span> <span class='ocrx_word' id='word_1_151' title='bbox 911 1147 1108 1184; x_wconf 86' lang='lat' dir='ltr'><strong>Herodem</strong></span> <span class='ocrx_word' id='word_1_152' title='bbox 1129 1159 1153 1184; x_wconf 92' lang='lat' dir='ltr'><strong>a</strong></span> <span class='ocrx_word' id='word_1_153' title='bbox 1169 1159 1232 1184; x_wconf 88' lang='lat' dir='ltr'><strong>me</strong></span> <span class='ocrx_word' id='word_1_154' title='bbox 1251 1153 1507 1197; x_wconf 87' lang='lat' dir='ltr'><strong>peremptum,</strong></span> <span class='ocrx_word' id='word_1_155' title='bbox 1527 1158 1551 1183; x_wconf 92' lang='lat' dir='ltr'><strong>a</strong></span> <span class='ocrx_word' id='word_1_156' title='bbox 1565 1157 1608 1183; x_wconf 86' lang='lat' dir='ltr'><strong>se</strong></span> <span class='ocrx_word' id='word_1_157' title='bbox 1625 1145 1666 1182; x_wconf 89' lang='lat' dir='ltr'><strong>in</strong></span> 
     </span>
     <span class='ocr_line' id='line_1_18' title="bbox 212 1206 1666 1259; baseline -0.001 -13"><span class='ocrx_word' id='word_1_158' title='bbox 212 1221 347 1246; x_wconf 90' lang='lat' dir='ltr'><strong>navem</strong></span> <span class='ocrx_word' id='word_1_159' title='bbox 370 1209 602 1259; x_wconf 88' lang='lat' dir='ltr'><strong>impositum,</strong></span> <span class='ocrx_word' id='word_1_160' title='bbox 623 1222 669 1246; x_wconf 90' lang='lat' dir='ltr'><strong>ex</strong></span> <span class='ocrx_word' id='word_1_161' title='bbox 688 1221 811 1258; x_wconf 88' lang='lat' dir='ltr'><strong>eaque</strong></span> <span class='ocrx_word' id='word_1_162' title='bbox 828 1207 985 1246; x_wconf 89' lang='lat' dir='ltr'><strong>tandem</strong></span> <span class='ocrx_word' id='word_1_163' title='bbox 1004 1208 1043 1244; x_wconf 91' lang='lat' dir='ltr'><strong>in</strong></span> <span class='ocrx_word' id='word_1_164' title='bbox 1062 1220 1167 1245; x_wconf 90' lang='lat' dir='ltr'><strong>mare</strong></span> <span class='ocrx_word' id='word_1_165' title='bbox 1186 1208 1379 1258; x_wconf 88' lang='lat' dir='ltr'><strong>dejectum</strong></span> <span class='ocrx_word' id='word_1_166' title='bbox 1393 1219 1494 1245; x_wconf 90' lang='lat' dir='ltr'><strong>esse.</strong></span> <span class='ocrx_word' id='word_1_167' title='bbox 1522 1206 1666 1244; x_wconf 86' lang='lat' dir='ltr'><strong>Verum</strong></span> 
     </span>
     <span class='ocr_line' id='line_1_19' title="bbox 212 1267 1668 1320; baseline -0.002 -13"><span class='ocrx_word' id='word_1_168' title='bbox 212 1270 420 1320; x_wconf 85' lang='lat' dir='ltr'><strong>recogitate</strong></span> <span class='ocrx_word' id='word_1_169' title='bbox 439 1282 572 1319; x_wconf 84' lang='lat' dir='ltr'><strong>quaeso</strong></span> <span class='ocrx_word' id='word_1_170' title='bbox 586 1269 748 1320; x_wconf 88' lang='lat' dir='ltr'><strong>primum</strong></span> <span class='ocrx_word' id='word_1_171' title='bbox 771 1269 857 1313; x_wconf 92' lang='lat' dir='ltr'><strong>hoc,</strong></span> <span class='ocrx_word' id='word_1_172' title='bbox 874 1268 1064 1306; x_wconf 88' lang='lat' dir='ltr'><strong>hominem</strong></span> <span class='ocrx_word' id='word_1_173' title='bbox 1082 1268 1197 1314; x_wconf 86' lang='lat' dir='ltr'><strong>hunc,</strong></span> <span class='ocrx_word' id='word_1_174' title='bbox 1216 1275 1255 1305; x_wconf 84' lang='lat' dir='ltr'><strong>et</strong></span> <span class='ocrx_word' id='word_1_175' title='bbox 1273 1273 1354 1305; x_wconf 88' lang='lat' dir='ltr'><strong>toto</strong></span> <span class='ocrx_word' id='word_1_176' title='bbox 1385 1267 1452 1305; x_wconf 91' lang='lat' dir='ltr'><strong>illo</strong></span> <span class='ocrx_word' id='word_1_177' title='bbox 1479 1273 1668 1317; x_wconf 89' lang='lat' dir='ltr'><strong>tempore,</strong></span> 
     </span>
     <span class='ocr_line' id='line_1_20' title="bbox 213 1327 1668 1381; baseline -0.002 -13"><span class='ocrx_word' id='word_1_178' title='bbox 213 1338 418 1381; x_wconf 88' lang='lat' dir='ltr'><strong>antequam</strong></span> <span class='ocrx_word' id='word_1_179' title='bbox 438 1331 476 1368; x_wconf 91' lang='lat' dir='ltr'><strong>in</strong></span> <span class='ocrx_word' id='word_1_180' title='bbox 492 1338 612 1367; x_wconf 90' lang='lat' dir='ltr'><strong>rotam</strong></span> <span class='ocrx_word' id='word_1_181' title='bbox 633 1330 834 1374; x_wconf 86' lang='lat' dir='ltr'><strong>inscendit,</strong></span> <span class='ocrx_word' id='word_1_182' title='bbox 853 1336 893 1367; x_wconf 92' lang='lat' dir='ltr'><strong>et</strong></span> <span class='ocrx_word' id='word_1_183' title='bbox 913 1336 1116 1380; x_wconf 86' lang='lat' dir='ltr'><strong>postquam</strong></span> <span class='ocrx_word' id='word_1_184' title='bbox 1132 1329 1181 1366; x_wconf 88' lang='lat' dir='ltr'><strong>de</strong></span> <span class='ocrx_word' id='word_1_185' title='bbox 1200 1335 1285 1365; x_wconf 90' lang='lat' dir='ltr'><strong>rota</strong></span> <span class='ocrx_word' id='word_1_186' title='bbox 1303 1340 1434 1365; x_wconf 88' lang='lat' dir='ltr'><strong>rursus</strong></span> <span class='ocrx_word' id='word_1_187' title='bbox 1454 1327 1668 1372; x_wconf 85' lang='lat' dir='ltr'><strong>descendit,</strong></span> 
     </span>
     <span class='ocr_line' id='line_1_21' title="bbox 213 1387 1669 1441; baseline -0.002 -13"><span class='ocrx_word' id='word_1_188' title='bbox 213 1404 336 1441; x_wconf 89' lang='lat' dir='ltr'><strong>usque</strong></span> <span class='ocrx_word' id='word_1_189' title='bbox 356 1392 404 1429; x_wconf 92' lang='lat' dir='ltr'><strong>ad</strong></span> <span class='ocrx_word' id='word_1_190' title='bbox 424 1398 634 1429; x_wconf 83' lang='lat' dir='ltr'><strong>extremum</strong></span> <span class='ocrx_word' id='word_1_191' title='bbox 653 1390 741 1428; x_wconf 84' lang='lat' dir='ltr'><strong>vitae</strong></span> <span class='ocrx_word' id='word_1_192' title='bbox 759 1397 1010 1435; x_wconf 87' lang='lat' dir='ltr'><strong>momentum,</strong></span> <span class='ocrx_word' id='word_1_193' title='bbox 1030 1389 1189 1427; x_wconf 85' lang='lat' dir='ltr'><strong>veritate</strong></span> <span class='ocrx_word' id='word_1_194' title='bbox 1205 1387 1487 1439; x_wconf 86' lang='lat' dir='ltr'><strong>praedicationis</strong></span> <span class='ocrx_word' id='word_1_195' title='bbox 1503 1400 1669 1434; x_wconf 84' lang='lat' dir='ltr'><strong>usum,a</strong></span> 
     </span>
     <span class='ocr_line' id='line_1_22' title="bbox 213 1448 1670 1501; baseline -0.002 -12"><span class='ocrx_word' id='word_1_196' title='bbox 213 1452 370 1489; x_wconf 89' lang='lat' dir='ltr'><strong>crimine</strong></span> <span class='ocrx_word' id='word_1_197' title='bbox 390 1465 450 1489; x_wconf 88' lang='lat' dir='ltr'><strong>me</strong></span> <span class='ocrx_word' id='word_1_198' title='bbox 468 1451 701 1488; x_wconf 87' lang='lat' dir='ltr'><strong>absolvisse:</strong></span> <span class='ocrx_word' id='word_1_199' title='bbox 731 1463 860 1501; x_wconf 88' lang='lat' dir='ltr'><strong>porro,</strong></span> <span class='ocrx_word' id='word_1_200' title='bbox 883 1451 1084 1488; x_wconf 89' lang='lat' dir='ltr'><strong>mentitum</strong></span> <span class='ocrx_word' id='word_1_201' title='bbox 1105 1449 1261 1500; x_wconf 87' lang='lat' dir='ltr'><strong>quidem</strong></span> <span class='ocrx_word' id='word_1_202' title='bbox 1275 1461 1362 1487; x_wconf 90' lang='lat' dir='ltr'><strong>esse</strong></span> <span class='ocrx_word' id='word_1_203' title='bbox 1382 1449 1421 1486; x_wconf 88' lang='lat' dir='ltr'><strong>in</strong></span> <span class='ocrx_word' id='word_1_204' title='bbox 1441 1454 1524 1487; x_wconf 89' lang='lat' dir='ltr'><strong>rota</strong></span> <span class='ocrx_word' id='word_1_205' title='bbox 1536 1448 1670 1499; x_wconf 85' lang='lat' dir='ltr'><strong>jacen-</strong></span> 
     </span>
     <span class='ocr_line' id='line_1_23' title="bbox 214 1509 1670 1560; baseline -0.003 -10"><span class='ocrx_word' id='word_1_206' title='bbox 214 1519 303 1557; x_wconf 89' lang='lat' dir='ltr'><strong>tem,</strong></span> <span class='ocrx_word' id='word_1_207' title='bbox 325 1525 454 1550; x_wconf 86' lang='lat' dir='ltr'><strong>verum</strong></span> <span class='ocrx_word' id='word_1_208' title='bbox 474 1511 699 1549; x_wconf 89' lang='lat' dir='ltr'><strong>necessitati</strong></span> <span class='ocrx_word' id='word_1_209' title='bbox 718 1511 958 1556; x_wconf 84' lang='lat' dir='ltr'><strong>servientem,</strong></span> <span class='ocrx_word' id='word_1_210' title='bbox 979 1518 1092 1560; x_wconf 89' lang='lat' dir='ltr'><strong>atque</strong></span> <span class='ocrx_word' id='word_1_211' title='bbox 1112 1510 1306 1548; x_wconf 86' lang='lat' dir='ltr'><strong>volentem</strong></span> <span class='ocrx_word' id='word_1_212' title='bbox 1327 1522 1442 1560; x_wconf 88' lang='lat' dir='ltr'><strong>quam</strong></span> <span class='ocrx_word' id='word_1_213' title='bbox 1457 1509 1621 1560; x_wconf 90' lang='lat' dir='ltr'><strong>primum</strong></span> <span class='ocrx_word' id='word_1_214' title='bbox 1646 1522 1670 1547; x_wconf 89' lang='lat' dir='ltr'><strong>a</strong></span> 
     </span>
     <span class='ocr_line' id='line_1_24' title="bbox 214 1570 1670 1621; baseline -0.002 -11"><span class='ocrx_word' id='word_1_215' title='bbox 214 1574 382 1611; x_wconf 88' lang='lat' dir='ltr'><strong>cruciatu</strong></span> <span class='ocrx_word' id='word_1_216' title='bbox 404 1573 554 1612; x_wconf 86' lang='lat' dir='ltr'><strong>liberari</strong></span> <span class='ocrx_word' id='word_1_217' title='bbox 571 1585 582 1610; x_wconf 72' lang='grc' dir='ltr'>ε</span> <span class='ocrx_word' id='word_1_218' title='bbox 612 1572 790 1621; x_wconf 88' lang='lat' dir='ltr'><strong>denique,</strong></span> <span class='ocrx_word' id='word_1_219' title='bbox 811 1580 853 1609; x_wconf 91' lang='lat' dir='ltr'><strong>ut</strong></span> <span class='ocrx_word' id='word_1_220' title='bbox 872 1579 1018 1609; x_wconf 85' lang='lat' dir='ltr'><strong>remota</strong></span> <span class='ocrx_word' id='word_1_221' title='bbox 1037 1584 1168 1608; x_wconf 86' lang='lat' dir='ltr'><strong>rursus</strong></span> <span class='ocrx_word' id='word_1_222' title='bbox 1188 1577 1378 1608; x_wconf 87' lang='lat' dir='ltr'><strong>tormenta</strong></span> <span class='ocrx_word' id='word_1_223' title='bbox 1398 1570 1567 1615; x_wconf 81' lang='lat' dir='ltr'><strong>fuerunt,</strong></span> <span class='ocrx_word' id='word_1_224' title='bbox 1581 1582 1670 1608; x_wconf 89' lang='lat' dir='ltr'><strong>eum</strong></span> 
     </span>
     <span class='ocr_line' id='line_1_25' title="bbox 215 1631 1668 1683; baseline -0.001 -13"><span class='ocrx_word' id='word_1_225' title='bbox 215 1645 347 1671; x_wconf 89' lang='lat' dir='ltr'><strong>rursus</strong></span> <span class='ocrx_word' id='word_1_226' title='bbox 369 1646 534 1683; x_wconf 83' lang='lat' dir='ltr'><strong>negasse</strong></span> <span class='ocrx_word' id='word_1_227' title='bbox 561 1645 622 1671; x_wconf 84' lang='lat' dir='ltr'><strong>me</strong></span> <span class='ocrx_word' id='word_1_228' title='bbox 650 1632 777 1669; x_wconf 87' lang='lat' dir='ltr'><strong>scelus</strong></span> <span class='ocrx_word' id='word_1_229' title='bbox 798 1639 985 1682; x_wconf 87' lang='lat' dir='ltr'><strong>patrasse,</strong></span> <span class='ocrx_word' id='word_1_230' title='bbox 1012 1638 1051 1673; x_wconf 85' lang='lat' dir='ltr'><strong>et</strong></span> <span class='ocrx_word' id='word_1_231' title='bbox 1069 1639 1204 1670; x_wconf 89' lang='lat' dir='ltr'><strong>contra</strong></span> <span class='ocrx_word' id='word_1_232' title='bbox 1223 1631 1366 1681; x_wconf 89' lang='lat' dir='ltr'><strong>potius,</strong></span> <span class='ocrx_word' id='word_1_233' title='bbox 1387 1631 1436 1669; x_wconf 89' lang='lat' dir='ltr'><strong>ad</strong></span> <span class='ocrx_word' id='word_1_234' title='bbox 1457 1638 1668 1669; x_wconf 86' lang='lat' dir='ltr'><strong>extremum</strong></span> 
     </span>
     <span class='ocr_line' id='line_1_26' title="bbox 213 1693 1670 1744; baseline -0.001 -12"><span class='ocrx_word' id='word_1_235' title='bbox 213 1694 394 1744; x_wconf 89' lang='lat' dir='ltr'><strong>ejulasse,</strong></span> <span class='ocrx_word' id='word_1_236' title='bbox 414 1707 550 1744; x_wconf 90' lang='lat' dir='ltr'><strong>meque</strong></span> <span class='ocrx_word' id='word_1_237' title='bbox 570 1707 689 1743; x_wconf 87' lang='lat' dir='ltr'><strong>seque</strong></span> <span class='ocrx_word' id='word_1_238' title='bbox 707 1694 830 1744; x_wconf 87' lang='lat' dir='ltr'><strong>ipsum</strong></span> <span class='ocrx_word' id='word_1_239' title='bbox 857 1694 997 1744; x_wconf 89' lang='lat' dir='ltr'><strong>pariter</strong></span> <span class='ocrx_word' id='word_1_240' title='bbox 1024 1695 1169 1744; x_wconf 89' lang='lat' dir='ltr'><strong>injusta</strong></span> <span class='ocrx_word' id='word_1_241' title='bbox 1195 1693 1458 1732; x_wconf 86' lang='lat' dir='ltr'><strong>criminatione</strong></span> <span class='ocrx_word' id='word_1_242' title='bbox 1478 1693 1670 1744; x_wconf 86' lang='lat' dir='ltr'><strong>perditum</strong></span> 
     </span>
     <span class='ocr_line' id='line_1_27' title="bbox 215 1753 1669 1805; baseline 0 -13"><span class='ocrx_word' id='word_1_243' title='bbox 215 1755 282 1798; x_wconf 82' lang='lat' dir='ltr'><strong>iri;</strong></span> <span class='ocrx_word' id='word_1_244' title='bbox 304 1768 390 1805; x_wconf 87' lang='lat' dir='ltr'><strong>quae</strong></span> <span class='ocrx_word' id='word_1_245' title='bbox 408 1755 470 1792; x_wconf 91' lang='lat' dir='ltr'><strong>ille</strong></span> <span class='ocrx_word' id='word_1_246' title='bbox 491 1755 596 1798; x_wconf 87' lang='lat' dir='ltr'><strong>dixit,</strong></span> <span class='ocrx_word' id='word_1_247' title='bbox 618 1767 693 1791; x_wconf 89' lang='lat' dir='ltr'><strong>non</strong></span> <span class='ocrx_word' id='word_1_248' title='bbox 716 1754 836 1804; x_wconf 83' lang='lat' dir='ltr'><strong>gratia</strong></span> <span class='ocrx_word' id='word_1_249' title='bbox 856 1755 930 1794; x_wconf 86' lang='lat' dir='ltr'><strong>mei</strong></span> <span class='ocrx_word' id='word_1_250' title='bbox 944 1755 1116 1804; x_wconf 81' lang='lat' dir='ltr'><strong>—ecqui</strong></span> <span class='ocrx_word' id='word_1_251' title='bbox 1130 1756 1229 1792; x_wconf 87' lang='lat' dir='ltr'><strong>enim</strong></span> <span class='ocrx_word' id='word_1_252' title='bbox 1251 1753 1353 1791; x_wconf 69' lang='lat' dir='ltr'><strong>mei?</strong></span> <span class='ocrx_word' id='word_1_253' title='bbox 1380 1767 1492 1804; x_wconf 85' lang='lat' dir='ltr'><strong>quem</strong></span> <span class='ocrx_word' id='word_1_254' title='bbox 1511 1754 1669 1792; x_wconf 87' lang='lat' dir='ltr'><strong>menda-</strong></span> 
     </span>
     <span class='ocr_line' id='line_1_28' title="bbox 214 1814 1671 1865; baseline 0.001 -14"><span class='ocrx_word' id='word_1_255' title='bbox 214 1814 274 1852; x_wconf 89' lang='lat' dir='ltr'><strong>cio</strong></span> <span class='ocrx_word' id='word_1_256' title='bbox 294 1815 457 1853; x_wconf 79' lang='lat' dir='ltr'><strong>laesisset</strong></span> <span class='ocrx_word' id='word_1_257' title='bbox 468 1836 532 1859; x_wconf 84' lang='lat'><strong>-—-,</strong></span> <span class='ocrx_word' id='word_1_258' title='bbox 549 1814 617 1851; x_wconf 87' lang='lat' dir='ltr'><strong>sed</strong></span> <span class='ocrx_word' id='word_1_259' title='bbox 638 1827 660 1851; x_wconf 87' lang='lat' dir='ltr'><strong>a</strong></span> <span class='ocrx_word' id='word_1_260' title='bbox 679 1815 836 1852; x_wconf 87' lang='lat' dir='ltr'><strong>veritate</strong></span> <span class='ocrx_word' id='word_1_261' title='bbox 856 1815 929 1852; x_wconf 91' lang='lat' dir='ltr'><strong>ista</strong></span> <span class='ocrx_word' id='word_1_262' title='bbox 944 1815 1024 1865; x_wconf 82' lang='lat' dir='ltr'><strong>ejus</strong></span> <span class='ocrx_word' id='word_1_263' title='bbox 1045 1815 1099 1852; x_wconf 86' lang='lat' dir='ltr'><strong>ori</strong></span> <span class='ocrx_word' id='word_1_264' title='bbox 1120 1822 1269 1852; x_wconf 85' lang='lat' dir='ltr'><strong>extorta</strong></span> <span class='ocrx_word' id='word_1_265' title='bbox 1287 1822 1347 1852; x_wconf 86' lang='lat' dir='ltr'><strong>est</strong></span> <span class='ocrx_word' id='word_1_266' title='bbox 1366 1815 1573 1861; x_wconf 89' lang='lat' dir='ltr'><strong>confessio,</strong></span> <span class='ocrx_word' id='word_1_267' title='bbox 1592 1828 1671 1865; x_wconf 87' lang='lat' dir='ltr'><strong>qua</strong></span> 
     </span>
     <span class='ocr_line' id='line_1_29' title="bbox 213 1875 1671 1925; baseline 0.002 -14"><span class='ocrx_word' id='word_1_268' title='bbox 213 1875 348 1924; x_wconf 85' lang='lat' dir='ltr'><strong>prioris</strong></span> <span class='ocrx_word' id='word_1_269' title='bbox 386 1887 466 1913; x_wconf 85' lang='lat' dir='ltr'><strong>suae</strong></span> <span class='ocrx_word' id='word_1_270' title='bbox 498 1875 782 1925; x_wconf 84' lang='lat' dir='ltr'><strong>praedicationis</strong></span> <span class='ocrx_word' id='word_1_271' title='bbox 817 1877 1017 1913; x_wconf 83' lang='lat' dir='ltr'><strong>veritatem</strong></span> <span class='ocrx_word' id='word_1_272' title='bbox 1058 1876 1313 1913; x_wconf 84' lang='lat' dir='ltr'><strong>confirmavit.</strong></span> <span class='ocrx_word' id='word_1_273' title='bbox 1388 1875 1541 1914; x_wconf 88' lang='lat' dir='ltr'><strong>Deinde</strong></span> <span class='ocrx_word' id='word_1_274' title='bbox 1573 1876 1671 1914; x_wconf 88' lang='lat' dir='ltr'><strong>alter</strong></span> 
     </span>
     <span class='ocr_line' id='line_1_30' title="bbox 213 1936 1671 1986; baseline 0.001 -14"><span class='ocrx_word' id='word_1_275' title='bbox 213 1937 344 1981; x_wconf 92' lang='lat' dir='ltr'><strong>homo,</strong></span> <span class='ocrx_word' id='word_1_276' title='bbox 364 1936 499 1974; x_wconf 83' lang='lat' dir='ltr'><strong>iisdem</strong></span> <span class='ocrx_word' id='word_1_277' title='bbox 529 1937 724 1974; x_wconf 86' lang='lat' dir='ltr'><strong>tormentis</strong></span> <span class='ocrx_word' id='word_1_278' title='bbox 757 1936 949 1980; x_wconf 87' lang='lat' dir='ltr'><strong>admotus,</strong></span> <span class='ocrx_word' id='word_1_279' title='bbox 979 1936 1119 1986; x_wconf 90' lang='lat' dir='ltr'><strong>quibus</strong></span> <span class='ocrx_word' id='word_1_280' title='bbox 1139 1937 1211 1974; x_wconf 87' lang='lat' dir='ltr'><strong>iste</strong></span> <span class='ocrx_word' id='word_1_281' title='bbox 1230 1936 1314 1978; x_wconf 78' lang='lat' dir='ltr'><strong>suit,</strong></span> <span class='ocrx_word' id='word_1_282' title='bbox 1337 1937 1513 1986; x_wconf 87' lang='lat' dir='ltr'><strong>quamvis</strong></span> <span class='ocrx_word' id='word_1_283' title='bbox 1532 1937 1671 1975; x_wconf 87' lang='lat' dir='ltr'><strong>eodem</strong></span> 
     </span>
     <span class='ocr_line' id='line_1_31' title="bbox 213 1997 1671 2048; baseline 0.001 -13"><span class='ocrx_word' id='word_1_284' title='bbox 213 1998 414 2035; x_wconf 89' lang='lat' dir='ltr'><strong>nobiscum</strong></span> <span class='ocrx_word' id='word_1_285' title='bbox 430 1997 583 2046; x_wconf 88' lang='lat' dir='ltr'><strong>navigio</strong></span> <span class='ocrx_word' id='word_1_286' title='bbox 603 2004 749 2043; x_wconf 90' lang='lat' dir='ltr'><strong>vectus,</strong></span> <span class='ocrx_word' id='word_1_287' title='bbox 765 1998 815 2036; x_wconf 82' lang='lat' dir='ltr'><strong>rei</strong></span> <span class='ocrx_word' id='word_1_288' title='bbox 832 2005 952 2048; x_wconf 86' lang='lat' dir='ltr'><strong>gestae</strong></span> <span class='ocrx_word' id='word_1_289' title='bbox 972 2010 995 2035; x_wconf 90' lang='lat' dir='ltr'><strong>a</strong></span> <span class='ocrx_word' id='word_1_290' title='bbox 1012 1997 1198 2048; x_wconf 90' lang='lat' dir='ltr'><strong>principio</strong></span> <span class='ocrx_word' id='word_1_291' title='bbox 1219 1998 1268 2035; x_wconf 90' lang='lat' dir='ltr'><strong>ad</strong></span> <span class='ocrx_word' id='word_1_292' title='bbox 1289 1998 1404 2035; x_wconf 84' lang='lat' dir='ltr'><strong>finem</strong></span> <span class='ocrx_word' id='word_1_293' title='bbox 1421 1998 1671 2043; x_wconf 86' lang='lat' dir='ltr'><strong>interfuisset,</strong></span> 
     </span>
     <span class='ocr_line' id='line_1_32' title="bbox 214 2058 1668 2110; baseline 0.002 -15"><span class='ocrx_word' id='word_1_294' title='bbox 214 2065 342 2096; x_wconf 89' lang='lat' dir='ltr'><strong>tamen</strong></span> <span class='ocrx_word' id='word_1_295' title='bbox 362 2058 517 2096; x_wconf 89' lang='lat' dir='ltr'><strong>alterius</strong></span> <span class='ocrx_word' id='word_1_296' title='bbox 537 2058 702 2098; x_wconf 87' lang='lat' dir='ltr'><strong>hominis</strong></span> <span class='ocrx_word' id='word_1_297' title='bbox 722 2060 934 2109; x_wconf 86' lang='lat' dir='ltr'><strong>primaeque</strong></span> <span class='ocrx_word' id='word_1_298' title='bbox 960 2067 1073 2109; x_wconf 87' lang='lat' dir='ltr'><strong>atque</strong></span> <span class='ocrx_word' id='word_1_299' title='bbox 1091 2065 1298 2110; x_wconf 85' lang='lat' dir='ltr'><strong>postremae</strong></span> <span class='ocrx_word' id='word_1_300' title='bbox 1318 2059 1583 2109; x_wconf 86' lang='lat' dir='ltr'><strong>praedicationi</strong></span> <span class='ocrx_word' id='word_1_301' title='bbox 1598 2072 1668 2098; x_wconf 91' lang='lat' dir='ltr'><strong>ceu</strong></span> 
     </span>
     <span class='ocr_line' id='line_1_33' title="bbox 211 2119 1670 2170; baseline 0.001 -13"><span class='ocrx_word' id='word_1_302' title='bbox 211 2132 312 2157; x_wconf 80' lang='lat' dir='ltr'><strong>verae</strong></span> <span class='ocrx_word' id='word_1_303' title='bbox 331 2119 428 2157; x_wconf 87' lang='lat' dir='ltr'><strong>dixit</strong></span> <span class='ocrx_word' id='word_1_304' title='bbox 446 2126 722 2164; x_wconf 88' lang='lat' dir='ltr'><strong>consentanea,</strong></span> <span class='ocrx_word' id='word_1_305' title='bbox 743 2132 821 2158; x_wconf 89' lang='lat' dir='ltr'><strong>non</strong></span> <span class='ocrx_word' id='word_1_306' title='bbox 852 2121 1004 2158; x_wconf 90' lang='lat' dir='ltr'><strong>varians</strong></span> <span class='ocrx_word' id='word_1_307' title='bbox 1031 2133 1157 2170; x_wconf 87' lang='lat' dir='ltr'><strong>neque</strong></span> <span class='ocrx_word' id='word_1_308' title='bbox 1190 2120 1374 2159; x_wconf 87' lang='lat' dir='ltr'><strong>vacillans</strong></span> <span class='ocrx_word' id='word_1_309' title='bbox 1394 2120 1580 2165; x_wconf 89' lang='lat' dir='ltr'><strong>oratione,</strong></span> <span class='ocrx_word' id='word_1_310' title='bbox 1600 2120 1670 2158; x_wconf 87' lang='lat' dir='ltr'><strong>sed</strong></span> 
     </span>
     <span class='ocr_line' id='line_1_34' title="bbox 213 2180 1671 2230; baseline 0.002 -14"><span class='ocrx_word' id='word_1_311' title='bbox 213 2192 274 2216; x_wconf 90' lang='lat' dir='ltr'><strong>me</strong></span> <span class='ocrx_word' id='word_1_312' title='bbox 289 2186 512 2217; x_wconf 88' lang='lat' dir='ltr'><strong>constanter</strong></span> <span class='ocrx_word' id='word_1_313' title='bbox 527 2180 744 2225; x_wconf 87' lang='lat' dir='ltr'><strong>absolvens,</strong></span> <span class='ocrx_word' id='word_1_314' title='bbox 764 2182 812 2218; x_wconf 93' lang='lat' dir='ltr'><strong>ab</strong></span> <span class='ocrx_word' id='word_1_315' title='bbox 833 2180 899 2218; x_wconf 85' lang='lat' dir='ltr'><strong>illa</strong></span> <span class='ocrx_word' id='word_1_316' title='bbox 927 2187 1055 2218; x_wconf 89' lang='lat' dir='ltr'><strong>autem</strong></span> <span class='ocrx_word' id='word_1_317' title='bbox 1075 2180 1231 2218; x_wconf 90' lang='lat' dir='ltr'><strong>alterius</strong></span> <span class='ocrx_word' id='word_1_318' title='bbox 1251 2180 1378 2218; x_wconf 90' lang='lat' dir='ltr'><strong>media</strong></span> <span class='ocrx_word' id='word_1_319' title='bbox 1396 2181 1671 2230; x_wconf 83' lang='lat' dir='ltr'><strong>praedicatione</strong></span> 
     </span>
     <span class='ocr_line' id='line_1_35' title="bbox 215 2239 1671 2291; baseline 0.002 -15"><span class='ocrx_word' id='word_1_320' title='bbox 215 2240 252 2276; x_wconf 91' lang='lat' dir='ltr'><strong>in</strong></span> <span class='ocrx_word' id='word_1_321' title='bbox 274 2246 357 2277; x_wconf 87' lang='lat' dir='ltr'><strong>rota</strong></span> <span class='ocrx_word' id='word_1_322' title='bbox 376 2239 492 2283; x_wconf 82' lang='lat' dir='ltr'><strong>edita,</strong></span> <span class='ocrx_word' id='word_1_323' title='bbox 524 2252 548 2277; x_wconf 88' lang='lat' dir='ltr'><strong>a</strong></span> <span class='ocrx_word' id='word_1_324' title='bbox 579 2241 808 2278; x_wconf 87' lang='lat' dir='ltr'><strong>necessitate</strong></span> <span class='ocrx_word' id='word_1_325' title='bbox 838 2253 916 2278; x_wconf 86' lang='lat' dir='ltr'><strong>non</strong></span> <span class='ocrx_word' id='word_1_326' title='bbox 950 2254 973 2279; x_wconf 89' lang='lat' dir='ltr'><strong>a</strong></span> <span class='ocrx_word' id='word_1_327' title='bbox 1006 2241 1390 2291; x_wconf 79' lang='lat' dir='ltr'><strong>veritate-expressa,</strong></span> <span class='ocrx_word' id='word_1_328' title='bbox 1410 2241 1671 2280; x_wconf 84' lang='lat' dir='ltr'><strong>dissentanea.</strong></span> 
     </span>
     <span class='ocr_line' id='line_1_36' title="bbox 216 2300 1671 2353; baseline 0.004 -16"><span class='ocrx_word' id='word_1_329' title='bbox 216 2300 318 2338; x_wconf 85' lang='lat' dir='ltr'><strong>Nam</strong></span> <span class='ocrx_word' id='word_1_330' title='bbox 339 2301 436 2338; x_wconf 88' lang='lat' dir='ltr'><strong>alter</strong></span> <span class='ocrx_word' id='word_1_331' title='bbox 449 2300 603 2350; x_wconf 89' lang='lat' dir='ltr'><strong>quidem</strong></span> <span class='ocrx_word' id='word_1_332' title='bbox 622 2302 856 2351; x_wconf 84' lang='lat' dir='ltr'><strong>praedicavit,</strong></span> <span class='ocrx_word' id='word_1_333' title='bbox 878 2315 936 2340; x_wconf 89' lang='lat' dir='ltr'><strong>me</strong></span> <span class='ocrx_word' id='word_1_334' title='bbox 956 2316 976 2340; x_wconf 89' lang='lat' dir='ltr'><strong>e</strong></span> <span class='ocrx_word' id='word_1_335' title='bbox 997 2303 1083 2341; x_wconf 90' lang='lat' dir='ltr'><strong>navi</strong></span> <span class='ocrx_word' id='word_1_336' title='bbox 1112 2316 1305 2353; x_wconf 86' lang='lat' dir='ltr'><strong>egressum</strong></span> <span class='ocrx_word' id='word_1_337' title='bbox 1332 2304 1569 2342; x_wconf 84' lang='lat' dir='ltr'><strong>interemisse</strong></span> <span class='ocrx_word' id='word_1_338' title='bbox 1591 2305 1671 2343; x_wconf 87' lang='lat' dir='ltr'><strong>He·</strong></span> 
     </span>
     <span class='ocr_line' id='line_1_37' title="bbox 217 2362 1672 2415; baseline 0.003 -16"><span class='ocrx_word' id='word_1_339' title='bbox 217 2362 361 2405; x_wconf 91' lang='lat' dir='ltr'><strong>rodem,</strong></span> <span class='ocrx_word' id='word_1_340' title='bbox 383 2368 422 2398; x_wconf 91' lang='lat' dir='ltr'><strong>et</strong></span> <span class='ocrx_word' id='word_1_341' title='bbox 440 2367 521 2398; x_wconf 91' lang='lat' dir='ltr'><strong>tum</strong></span> <span class='ocrx_word' id='word_1_342' title='bbox 541 2374 582 2399; x_wconf 90' lang='lat' dir='ltr'><strong>se</strong></span> <span class='ocrx_word' id='word_1_343' title='bbox 603 2362 639 2399; x_wconf 91' lang='lat' dir='ltr'><strong>in</strong></span> <span class='ocrx_word' id='word_1_344' title='bbox 660 2363 833 2401; x_wconf 87' lang='lat' dir='ltr'><strong>tollendo</strong></span> <span class='ocrx_word' id='word_1_345' title='bbox 853 2364 1041 2402; x_wconf 88' lang='lat' dir='ltr'><strong>cadavere</strong></span> <span class='ocrx_word' id='word_1_346' title='bbox 1061 2364 1151 2402; x_wconf 80' lang='lat' dir='ltr'><strong>mihi</strong></span> <span class='ocrx_word' id='word_1_347' title='bbox 1172 2378 1257 2402; x_wconf 86' lang='lat' dir='ltr'><strong>esse</strong></span> <span class='ocrx_word' id='word_1_348' title='bbox 1287 2365 1515 2415; x_wconf 88' lang='lat' dir='ltr'><strong>opitulatum</strong></span> <span class='ocrx_word' id='word_1_349' title='bbox 1535 2378 1544 2403; x_wconf 76' lang='grc' dir='ltr'>ε</span> <span class='ocrx_word' id='word_1_350' title='bbox 1575 2366 1672 2405; x_wconf 85' lang='lat' dir='ltr'><strong>alter</strong></span> 
     </span>
     <span class='ocr_line' id='line_1_38' title="bbox 213 2424 1670 2476; baseline 0.005 -18"><span class='ocrx_word' id='word_1_351' title='bbox 213 2435 302 2459; x_wconf 88' lang='lat' dir='ltr'><strong>vero</strong></span> <span class='ocrx_word' id='word_1_352' title='bbox 321 2434 476 2472; x_wconf 87' lang='lat' dir='ltr'><strong>prorsus</strong></span> <span class='ocrx_word' id='word_1_353' title='bbox 492 2435 551 2460; x_wconf 90' lang='lat' dir='ltr'><strong>me</strong></span> <span class='ocrx_word' id='word_1_354' title='bbox 571 2424 726 2473; x_wconf 86' lang='lat' dir='ltr'><strong>negavit</strong></span> <span class='ocrx_word' id='word_1_355' title='bbox 744 2437 763 2461; x_wconf 90' lang='lat' dir='ltr'><strong>e</strong></span> <span class='ocrx_word' id='word_1_356' title='bbox 780 2437 876 2462; x_wconf 82' lang='lat' dir='ltr'><strong>nave</strong></span> <span class='ocrx_word' id='word_1_357' title='bbox 898 2437 1098 2475; x_wconf 84' lang='lat' dir='ltr'><strong>egressum</strong></span> <span class='ocrx_word' id='word_1_358' title='bbox 1119 2439 1218 2475; x_wconf 80' lang='lat' dir='ltr'><strong>esse.</strong></span> <span class='ocrx_word' id='word_1_359' title='bbox 1277 2427 1320 2463; x_wconf 93' lang='lat' dir='ltr'><strong>In</strong></span> <span class='ocrx_word' id='word_1_360' title='bbox 1340 2439 1432 2476; x_wconf 86' lang='lat' dir='ltr'><strong>quo,</strong></span> <span class='ocrx_word' id='word_1_361' title='bbox 1452 2439 1526 2464; x_wconf 91' lang='lat' dir='ltr'><strong>non</strong></span> <span class='ocrx_word' id='word_1_362' title='bbox 1546 2428 1670 2465; x_wconf 86' lang='lat' dir='ltr'><strong>solum</strong></span> 
     </span>
     <span class='ocr_line' id='line_1_39' title="bbox 216 2482 1670 2537; baseline 0.004 -17"><span class='ocrx_word' id='word_1_363' title='bbox 216 2496 319 2527; x_wconf 88' lang='lat' dir='ltr'><strong>vera,</strong></span> <span class='ocrx_word' id='word_1_364' title='bbox 340 2482 409 2520; x_wconf 92' lang='lat' dir='ltr'><strong>sed</strong></span> <span class='ocrx_word' id='word_1_365' title='bbox 429 2483 542 2520; x_wconf 90' lang='lat' dir='ltr'><strong>etiam</strong></span> <span class='ocrx_word' id='word_1_366' title='bbox 563 2485 790 2523; x_wconf 84' lang='lat' dir='ltr'><strong>verosimilia</strong></span> <span class='ocrx_word' id='word_1_367' title='bbox 821 2485 928 2523; x_wconf 88' lang='lat' dir='ltr'><strong>dixit.</strong></span> <span class='ocrx_word' id='word_1_368' title='bbox 1001 2486 1090 2525; x_wconf 87' lang='lat' dir='ltr'><strong>Non</strong></span> <span class='ocrx_word' id='word_1_369' title='bbox 1123 2487 1223 2524; x_wconf 87' lang='lat' dir='ltr'><strong>enim</strong></span> <span class='ocrx_word' id='word_1_370' title='bbox 1257 2489 1434 2537; x_wconf 88' lang='lat' dir='ltr'><strong>profecto</strong></span> <span class='ocrx_word' id='word_1_371' title='bbox 1469 2495 1545 2525; x_wconf 85' lang='lat' dir='ltr'><strong>tam</strong></span> <span class='ocrx_word' id='word_1_372' title='bbox 1574 2489 1670 2527; x_wconf 88' lang='lat' dir='ltr'><strong>irato</strong></span> 
     </span>
     <span class='ocr_line' id='line_1_40' title="bbox 215 2544 1670 2598; baseline 0.004 -17"><span class='ocrx_word' id='word_1_373' title='bbox 215 2544 370 2581; x_wconf 89' lang='lat' dir='ltr'><strong>numine</strong></span> <span class='ocrx_word' id='word_1_374' title='bbox 389 2550 502 2581; x_wconf 86' lang='lat' dir='ltr'><strong>natus</strong></span> <span class='ocrx_word' id='word_1_375' title='bbox 523 2557 648 2593; x_wconf 87' lang='lat' dir='ltr'><strong>neque</strong></span> <span class='ocrx_word' id='word_1_376' title='bbox 668 2552 745 2582; x_wconf 89' lang='lat' dir='ltr'><strong>tam</strong></span> <span class='ocrx_word' id='word_1_377' title='bbox 763 2546 930 2584; x_wconf 86' lang='lat' dir='ltr'><strong>furiosus</strong></span> <span class='ocrx_word' id='word_1_378' title='bbox 949 2560 1049 2592; x_wconf 89' lang='lat' dir='ltr'><strong>sum,</strong></span> <span class='ocrx_word' id='word_1_379' title='bbox 1069 2554 1112 2585; x_wconf 94' lang='lat' dir='ltr'><strong>ut</strong></span> <span class='ocrx_word' id='word_1_380' title='bbox 1134 2548 1271 2586; x_wconf 91' lang='lat' dir='ltr'><strong>sedulo</strong></span> <span class='ocrx_word' id='word_1_381' title='bbox 1293 2549 1448 2598; x_wconf 88' lang='lat' dir='ltr'><strong>quidem</strong></span> <span class='ocrx_word' id='word_1_382' title='bbox 1469 2550 1670 2596; x_wconf 82' lang='lat' dir='ltr'><strong>cavissem,</strong></span> 
     </span>
     <span class='ocr_line' id='line_1_41' title="bbox 216 2604 1672 2659; baseline 0.005 -18"><span class='ocrx_word' id='word_1_383' title='bbox 216 2613 259 2641; x_wconf 85' lang='lat' dir='ltr'><strong>ut</strong></span> <span class='ocrx_word' id='word_1_384' title='bbox 280 2618 412 2642; x_wconf 87' lang='lat' dir='ltr'><strong>necem</strong></span> <span class='ocrx_word' id='word_1_385' title='bbox 433 2604 541 2642; x_wconf 90' lang='lat' dir='ltr'><strong>solus</strong></span> <span class='ocrx_word' id='word_1_386' title='bbox 570 2618 642 2654; x_wconf 89' lang='lat' dir='ltr'><strong>ego</strong></span> <span class='ocrx_word' id='word_1_387' title='bbox 675 2605 755 2643; x_wconf 86' lang='lat' dir='ltr'><strong>sine</strong></span> <span class='ocrx_word' id='word_1_388' title='bbox 779 2607 933 2644; x_wconf 90' lang='lat' dir='ltr'><strong>conscio</strong></span> <span class='ocrx_word' id='word_1_389' title='bbox 964 2615 1003 2645; x_wconf 87' lang='lat' dir='ltr'><strong>et</strong></span> <span class='ocrx_word' id='word_1_390' title='bbox 1034 2608 1208 2659; x_wconf 90' lang='lat' dir='ltr'><strong>adjutore</strong></span> <span class='ocrx_word' id='word_1_391' title='bbox 1240 2622 1432 2659; x_wconf 88' lang='lat' dir='ltr'><strong>quoquam</strong></span> <span class='ocrx_word' id='word_1_392' title='bbox 1468 2618 1672 2659; x_wconf 85' lang='lat' dir='ltr'><strong>patrarem,</strong></span> 
     </span>
     <span class='ocr_line' id='line_1_42' title="bbox 217 2665 1670 2720; baseline 0.005 -18"><span class='ocrx_word' id='word_1_393' title='bbox 217 2666 367 2702; x_wconf 65' lang='lat' dir='ltr'><strong>tame—tsi</strong></span> <span class='ocrx_word' id='word_1_394' title='bbox 388 2665 478 2702; x_wconf 89' lang='lat' dir='ltr'><strong>mihi</strong></span> <span class='ocrx_word' id='word_1_395' title='bbox 498 2678 645 2703; x_wconf 84' lang='lat' dir='ltr'><strong>summe</strong></span> <span class='ocrx_word' id='word_1_396' title='bbox 665 2666 933 2716; x_wconf 86' lang='lat' dir='ltr'><strong>periculosam,</strong></span> <span class='ocrx_word' id='word_1_397' title='bbox 953 2675 995 2705; x_wconf 88' lang='lat' dir='ltr'><strong>ut</strong></span> <span class='ocrx_word' id='word_1_398' title='bbox 1015 2669 1077 2706; x_wconf 90' lang='lat' dir='ltr'><strong>cui</strong></span> <span class='ocrx_word' id='word_1_399' title='bbox 1098 2669 1169 2707; x_wconf 92' lang='lat' dir='ltr'><strong>soli</strong></span> <span class='ocrx_word' id='word_1_400' title='bbox 1189 2682 1277 2706; x_wconf 89' lang='lat' dir='ltr'><strong>cum</strong></span> <span class='ocrx_word' id='word_1_401' title='bbox 1305 2670 1388 2707; x_wconf 90' lang='lat' dir='ltr'><strong>solo</strong></span> <span class='ocrx_word' id='word_1_402' title='bbox 1408 2677 1670 2720; x_wconf 81' lang='lat' dir='ltr'><strong>repugnatum</strong></span> 
     </span>
     <span class='ocr_line' id='line_1_43' title="bbox 218 2725 1671 2782; baseline 0.007 -21"><span class='ocrx_word' id='word_1_403' title='bbox 218 2725 467 2775; x_wconf 83' lang='lat' dir='ltr'><strong>pugnandum</strong></span> <span class='ocrx_word' id='word_1_404' title='bbox 489 2733 612 2764; x_wconf 88' lang='lat' dir='ltr'><strong>esset:</strong></span> <span class='ocrx_word' id='word_1_405' title='bbox 645 2727 716 2764; x_wconf 90' lang='lat' dir='ltr'><strong>hoc</strong></span> <span class='ocrx_word' id='word_1_406' title='bbox 737 2735 864 2765; x_wconf 88' lang='lat' dir='ltr'><strong>autem</strong></span> <span class='ocrx_word' id='word_1_407' title='bbox 886 2729 1066 2767; x_wconf 86' lang='lat' dir='ltr'><strong>facinoris</strong></span> <span class='ocrx_word' id='word_1_408' title='bbox 1085 2742 1205 2780; x_wconf 90' lang='lat' dir='ltr'><strong>penso</strong></span> <span class='ocrx_word' id='word_1_409' title='bbox 1222 2730 1432 2776; x_wconf 80' lang='lat' dir='ltr'><strong>elaborato,</strong></span> <span class='ocrx_word' id='word_1_410' title='bbox 1450 2732 1553 2781; x_wconf 87' lang='lat' dir='ltr'><strong>quod</strong></span> <span class='ocrx_word' id='word_1_411' title='bbox 1577 2745 1671 2782; x_wconf 87' lang='lat' dir='ltr'><strong>pen-</strong></span> 
     </span>
     <span class='ocr_line' id='line_1_44' title="bbox 217 2786 1670 2840; baseline 0.006 -18"><span class='ocrx_word' id='word_1_412' title='bbox 217 2798 300 2822; x_wconf 90' lang='lat' dir='ltr'><strong>sum</strong></span> <span class='ocrx_word' id='word_1_413' title='bbox 321 2792 403 2823; x_wconf 86' lang='lat' dir='ltr'><strong>erat</strong></span> <span class='ocrx_word' id='word_1_414' title='bbox 423 2787 590 2823; x_wconf 86' lang='lat' dir='ltr'><strong>omnium</strong></span> <span class='ocrx_word' id='word_1_415' title='bbox 611 2786 750 2825; x_wconf 85' lang='lat' dir='ltr'><strong>effectu</strong></span> <span class='ocrx_word' id='word_1_416' title='bbox 770 2787 1110 2827; x_wconf 89' lang='lat' dir='ltr'><strong>laboriosissimum</strong></span> <span class='ocrx_word' id='word_1_417' title='bbox 1132 2798 1170 2828; x_wconf 90' lang='lat' dir='ltr'><strong>et</strong></span> <span class='ocrx_word' id='word_1_418' title='bbox 1190 2790 1568 2840; x_wconf 82' lang='lat' dir='ltr'><strong>periculosissimum,</strong></span> <span class='ocrx_word' id='word_1_419' title='bbox 1590 2800 1670 2831; x_wconf 86' lang='lat' dir='ltr'><strong>tum</strong></span> 
     </span>
     <span class='ocr_line' id='line_1_45' title="bbox 216 2846 1671 2903; baseline 0.005 -19"><span class='ocrx_word' id='word_1_420' title='bbox 216 2859 290 2898; x_wconf 87' lang='lat' dir='ltr'><strong>ego</strong></span> <span class='ocrx_word' id='word_1_421' title='bbox 310 2847 358 2884; x_wconf 88' lang='lat' dir='ltr'><strong>ad</strong></span> <span class='ocrx_word' id='word_1_422' title='bbox 374 2846 517 2896; x_wconf 89' lang='lat' dir='ltr'><strong>reliqna</strong></span> <span class='ocrx_word' id='word_1_423' title='bbox 532 2850 791 2899; x_wconf 87' lang='lat' dir='ltr'><strong>exsequenda,</strong></span> <span class='ocrx_word' id='word_1_424' title='bbox 811 2850 874 2886; x_wconf 93' lang='lat' dir='ltr'><strong>ubi</strong></span> <span class='ocrx_word' id='word_1_425' title='bbox 896 2850 1133 2901; x_wconf 88' lang='lat' dir='ltr'><strong>adjutoribus</strong></span> <span class='ocrx_word' id='word_1_426' title='bbox 1155 2852 1204 2888; x_wconf 90' lang='lat' dir='ltr'><strong>nil</strong></span> <span class='ocrx_word' id='word_1_427' title='bbox 1236 2852 1469 2903; x_wconf 84' lang='lat' dir='ltr'><strong>indigebam,</strong></span> <span class='ocrx_word' id='word_1_428' title='bbox 1490 2860 1605 2892; x_wconf 85' lang='lat' dir='ltr'><strong>testes</strong></span> <span class='ocrx_word' id='word_1_429' title='bbox 1635 2863 1671 2892; x_wconf 89' lang='lat' dir='ltr'><strong>et</strong></span> 
     </span>
    </p>
   </div>
  </div>
 </body>
</html>
