1822 3219
714 112 1003 152 FUNEBRIS.
1290 154 1297 161 ,
1502 131 1504 134 -
1519 111 1590 148 161

134 219 254 258 fuisse
272 224 439 257 mentem
459 224 527 256 aut
544 231 564 256 e
586 218 805 256 continente
822 213 1041 254 classiarios
1057 212 1142 251 illos
1160 213 1438 264 spectantibus,
1455 210 1594 261 quibus

136 280 298 331 perinde
309 287 426 318 etsua
435 279 538 318 salus
549 277 948 317 etexitusaccedentis
958 277 1131 314 cominus
1146 274 1308 326 periculi
1324 273 1465 310 infidus
1475 278 1595 318 esset,

137 348 206 379 aut
220 342 264 380 iis
280 342 369 392 ipsis
385 341 522 392 quibus
539 353 673 391 pugna
691 338 840 378 navalis
854 338 1013 389 jamjam
1033 335 1245 387 pugnanda
1265 335 1424 372 instaret
1442 347 1510 384 pro
1530 346 1595 372 ca-

137 403 294 441 rissimis
307 402 542 453 pignoribus,
557 413 626 452 pro
641 400 806 451 praemiis
822 400 991 438 victoriae
1005 399 1043 436 in
1061 397 1255 435 Salamine
1271 395 1478 446 depositis3
1499 408 1596 445 quos

138 471 247 503 tanta.
259 465 381 502 nubes
395 462 564 501 hostium
579 462 748 512 undique
763 462 998 512 cingeret‚ut
1011 467 1173 498 mortem
1189 458 1270 496 suis
1282 457 1445 494 tolerare
1459 469 1596 506 corpo-

137 527 243 564 ribus
259 526 454 563 minimum
475 530 580 562 esset
599 523 637 560 in
658 523 766 560 malis
785 522 1055 574 praesentibuS,
1075 521 1217 572 quippe
1237 532 1352 570 quam
1371 517 1598 568 praescirent

138 588 209 625 sibi
235 586 509 630 imminentem,
530 586 736 622 maximum
757 597 848 622 vero
875 584 962 628 hoc,
984 583 1089 633 quod
1114 582 1362 632 indignitates
1383 586 1598 617 metuerent

138 648 416 691 acerbissimas,
433 646 572 697 quibus
588 653 766 697 paterent
785 645 950 697 depositi
966 645 1004 682 in
1024 644 1164 690 insula,
1179 644 1211 680 si
1229 643 1279 680 ad
1299 642 1483 679 barbaros
1503 639 1596 677 belli

137 710 288 747 fortuna
300 708 513 746 inclinaret.
545 708 644 745 Fieri
658 708 831 759 profecto
846 719 922 744 non
938 706 1076 757 potuit,
1087 705 1178 755 quin
1193 704 1230 741 in
1243 704 1309 741 illa
1322 703 1598 741 circumstante

131 772 387 822 trepidatione
409 778 526 823 atque
551 770 817 822 desperatione
844 782 948 820 saepe
968 776 1119 806 mutuos
1140 768 1177 805 in
1198 766 1399 818 amplexus
1427 770 1596 810 ruerent,

130 846 321 884 suamque
348 834 419 884 ipsi
446 840 600 876 sortem,
619 840 663 870 ut
687 832 799 871 facile
822 831 1001 883 judicatu
1027 838 1099 876 est,
1117 830 1432 874 lamentarentur,
1452 827 1597 878 quippe

129 894 200 946 qui
219 896 336 946 probe
357 902 395 933 et
416 894 551 933 classis
573 908 652 932 suae
668 894 973 932 mediocritatem
990 898 1159 937 nossent,
1175 899 1214 929 et
1232 890 1383 928 hostilis
1400 889 1597 939 magnitu-

133 956 262 994 dinem
293 969 423 994 coram
452 957 595 995 occulis
624 962 839 1000 cernerent,
860 961 1055 1005 postremo
1084 955 1219 991 urbem
1247 965 1356 990 suam
1381 951 1520 989 scirent
1545 949 1594 986 ab

133 1017 268 1055 incolis
305 1017 508 1063 desertam,
546 1030 679 1068 agrum
717 1017 957 1054 devastatum
996 1015 1231 1066 plenumque
1266 1013 1457 1057 barbaris,
1493 1010 1594 1048 fanis

133 1077 293 1116 deorum
313 1078 551 1124 ardentibus,
572 1078 686 1116 nullis
707 1078 874 1127 denique
894 1090 971 1114 non
991 1077 1197 1114 terroribus
1217 1075 1392 1113 cominus
1413 1073 1595 1124 ingruen-

128 1139 250 1187 tibus,
271 1140 470 1178 audientes
496 1140 587 1177 item
608 1138 750 1177 Graeco
776 1139 902 1189 paeani
930 1138 1171 1176 barbaricum
1191 1137 1492 1186 obstrepentem,
1512 1146 1594 1171 am-

133 1202 257 1240 babus
275 1203 445 1252 partibus
467 1214 558 1239 suos
579 1201 628 1239 ad
649 1200 856 1238 dimicandi
874 1199 1136 1238 fortitudinem
1156 1198 1470 1236 adhortationum
1499 1209 1594 1234 con-

130 1262 304 1300 tentione
324 1263 568 1309 acuentibus,
589 1263 801 1313 mixtosque
820 1261 993 1299 fremitus
1012 1268 1050 1299 et
1069 1260 1233 1312 ejulatus
1255 1260 1432 1310 utrinque
1450 1258 1594 1296 caden-

131 1325 239 1371 tium,
259 1324 354 1362 mari
383 1324 636 1363 cadaveribus
667 1324 810 1368 obsito,
838 1323 1047 1374 multisque
1074 1323 1171 1360 inter
1197 1335 1237 1360 se
1265 1321 1410 1359 collisis
1432 1332 1595 1371 quassa-

132 1391 258 1424 tarum
278 1387 432 1425 navium
453 1393 492 1425 et
511 1387 720 1425 amicarum
743 1394 780 1425 et
798 1386 995 1424 hostilium
1014 1386 1229 1432 ruderibus,
1251 1392 1430 1436 sorteque
1452 1397 1596 1436 pugnae

131 1448 278 1485 navalis
298 1448 348 1485 ad
376 1447 540 1486 multum
564 1448 743 1499 temporis
765 1448 929 1499 ancipite
950 1455 1123 1486 extracta
1142 1454 1259 1498 atque
1280 1453 1452 1491 natante,
1475 1446 1532 1484 sic
1552 1452 1596 1484 ut

128 1509 204 1547 sibi
224 1510 445 1548 viderentur
466 1510 582 1548 modo
608 1523 695 1548 cum
714 1511 873 1549 victoria
899 1511 1063 1549 salutem
1088 1523 1349 1561 recuperasse,
1369 1509 1487 1547 modo
1506 1509 1597 1547 victi

129 1569 302 1609 funditus
328 1572 486 1622 perisse.
545 1571 738 1609 Credibile
758 1571 888 1622 hercle
914 1578 987 1618 est,
1012 1578 1116 1609 metu
1141 1578 1290 1609 mentes
1310 1577 1536 1608 occoecante
1556 1576 1596 1609 et

129 1632 303 1679 ludente,
330 1646 397 1671 eos
426 1639 509 1670 tum
541 1634 719 1684 opinatos
752 1647 836 1672 esse
865 1646 1022 1671 cernere
1054 1645 1140 1683 quae
1171 1632 1279 1670 nulla
1310 1639 1528 1677 cernerent,
1555 1638 1595 1670 et

130 1694 252 1733 multa
270 1694 404 1732 audire
422 1708 613 1746 nusquam
633 1695 779 1734 audita.
838 1695 936 1740 Quae
955 1708 1032 1733 non
1052 1702 1134 1733 tum
1153 1695 1298 1732 fiebant
1316 1694 1478 1732 deorum
1497 1705 1594 1745 sup-

127 1756 381 1806 plicationes!
422 1770 509 1808 quae
543 1771 619 1795 non
650 1758 964 1809 concipiebantur
988 1757 1230 1796 victimarum
1255 1760 1366 1795 vota!
1397 1769 1484 1807 quae
1512 1769 1593 1795 non

133 1818 315 1856 subibant
339 1819 485 1857 animos
505 1830 667 1856 uxorum
690 1819 973 1870 liberorumque
993 1820 1204 1858 desideria!
1236 1832 1321 1869 quae
1341 1832 1418 1856 non
1437 1818 1594 1857 incessit:

128 1885 282 1929 patrum
307 1887 550 1932 matrumque
576 1881 790 1920 miseratio!
822 1894 910 1931 quae
930 1894 1008 1919 non
1029 1881 1247 1919 recordatio
1268 1880 1470 1927 malorum,
1492 1880 1594 1918 auris

125 1940 353 1980 reflantibus
373 1941 743 1980 exhauriendorurn!
792 1942 936 1992 Ecquis
956 1943 1115 1980 deorum
1135 1943 1173 1979 in
1195 1949 1303 1980 tanta
1323 1941 1594 1992 magnitudine

129 2001 358 2041 discriminis
381 2015 459 2040 non
485 2015 552 2040 eos
580 2003 628 2040 sit
657 2002 887 2042 miseratus?
938 2005 1081 2054 Ecquis
1114 2003 1312 2041 hominum
1338 2004 1430 2041 sorti
1457 2016 1592 2042 eorum

130 2077 207 2103 non
222 2063 544 2115 illacrymaverit?
574 2072 639 2102 aut
659 2064 776 2102 fortes
793 2077 924 2102 eorum
942 2065 1183 2115 fidentesque
1204 2064 1317 2102 animi
1336 2077 1497 2115 ecquem
1512 2077 1591 2103 non

130 2125 380 2164 admiratione
408 2125 638 2164 defixerint?
685 2126 865 2164 Profecto
893 2126 1048 2177 reliquis
1077 2127 1129 2164 illi
1162 2126 1387 2164 mortalibus
1412 2126 1593 2165 omnibus

124 2188 413 2226 antecellebant
438 2188 578 2226 virtute
601 2194 641 2226 et
663 2188 937 2239 capiendorum
967 2188 1213 2227 consiliorum
1239 2194 1278 2225 et
1302 2187 1592 2227 tolerandorum

126 2249 166 2286 in
181 2249 293 2288 bellis
307 2249 495 2296 laborum,
506 2256 548 2287 ut
563 2250 641 2300 qui,
652 2250 783 2288 relicta
798 2250 890 2287 urbe
906 2250 1043 2301 patria,
1058 2249 1094 2286 in
1110 2262 1227 2287 naves
1242 2249 1593 2299 commigraverint,

124 2312 334 2362 capitaque
364 2325 447 2357 sua,
476 2325 636 2350 numero
667 2312 733 2350 illa
755 2312 910 2363 quidem
941 2325 1149 2364 perpauca,
1170 2312 1439 2350 innumerabili
1465 2313 1592 2350 turbae

128 2374 313 2413 Asiaticae
345 2380 531 2425 tanquam
562 2388 744 2426 aggerem
773 2376 1037 2427 opposuerint,
1059 2376 1292 2426 victoriaque
1323 2374 1449 2413 navali
1481 2375 1592 2426 potiti

128 2434 286 2485 planum
306 2435 484 2473 universo
510 2436 641 2486 generi
669 2435 838 2473 humano
868 2436 1043 2481 fecerint,
1062 2436 1184 2474 satius
1209 2448 1297 2473 esse
1323 2436 1421 2473 inter
1443 2447 1590 2486 paucos

130 2507 260 2534 secum
279 2497 494 2535 concordes
522 2503 561 2534 et
579 2497 667 2548 jure
687 2497 787 2534 civili
804 2510 917 2548 aequo
937 2504 1090 2536 utentes
1112 2511 1180 2549 pro
1199 2497 1374 2535 libertate
1394 2496 1589 2543 dimicare,

132 2567 247 2604 quam
259 2570 328 2608 pro
346 2557 528 2596 servitute
545 2557 645 2595 inter
665 2558 806 2596 multos
825 2558 981 2610 imperia
1001 2559 1108 2610 regia
1126 2566 1357 2597 reverentes.
1415 2558 1588 2595 Assertae

135 2623 261 2654 autem
281 2618 429 2657 Graecae
448 2620 634 2658 libertatis
655 2627 862 2665 momenta,
883 2627 922 2659 et
939 2634 1099 2659 numero
1125 2621 1290 2672 plurima
1317 2626 1356 2657 et
1379 2631 1421 2656 re
1441 2619 1609 2669 gravis--

136 2676 232 2715 sima
254 2685 370 2729 atque
395 2681 720 2732 splendidissima,
742 2681 782 2719 hi
811 2683 875 2720 uni
903 2683 1154 2721 contulerunt
1177 2682 1284 2719 haec:
1319 2681 1589 2731 imperatorem

134 2744 228 2788 puta
241 2739 547 2788 Themistoclem,
562 2744 684 2782 virum
700 2757 819 2782 unum
837 2745 1007 2782 omnium
1027 2752 1065 2782 et
1084 2743 1266 2781 facundia
1285 2749 1323 2781 et
1343 2743 1589 2781 consiliorum

134 2799 317 2839 felicitate
335 2808 374 2839 et
391 2792 612 2844 strenuitate
638 2819 821 2844 manuum
842 2807 880 2844 in
899 2807 1013 2844 rebus
1035 2805 1211 2856 gerendis
1232 2805 1590 2856 praestantissimum

131 2861 374 2914 maximeque
395 2863 588 2914 idoneum,
609 2873 688 2905 tum
716 2880 830 2906 naves
859 2867 980 2905 multo
1008 2867 1134 2918 plures
1153 2879 1268 2917 quam
1296 2865 1429 2918 reliqui
1455 2879 1590 2905 omnes

848 2941 875 2967 Y
