1822 3219
537 124 755 162 CONTRA
783 122 1108 160 AGORATUM.
1477 121 1562 157 253·

104 233 176 269 est,
195 225 414 262 ulciscimini
442 231 556 274 atque
587 225 717 275 punite
749 224 850 260 hunc
881 223 1037 260 istorum
1070 221 1268 262 sicarium
1298 219 1546 269 religionique

105 286 214 322 vobis
235 284 376 329 ducite,
396 284 543 322 facinus
569 284 803 321 committere
833 282 1000 319 omnium
1028 280 1257 317 dirissimum
1286 287 1399 328 atque
1428 291 1547 315 sacer-

105 345 251 382 rimum.
307 345 515 394 Agoratum
537 344 634 380 enim
656 343 685 379 si
707 341 903 379 sententiis
929 340 1063 377 vestris
1091 338 1314 381 absolvatis,
1334 351 1409 374 non
1431 338 1462 374 ei
1485 349 1546 374 so·

106 403 301 440 lummodo
321 403 581 454 impunitatem
597 410 711 452 atque
732 402 971 438 securitatem
986 398 1268 442 condonabitis,
1284 410 1411 433 verum
1433 398 1545 434 etiarn

106 464 192 500 illos
228 464 342 508 viros,
376 476 472 512 quos
505 463 576 512 ipsi
609 461 843 499 confitemini
879 461 986 498 vobis
1022 460 1164 496 amicos
1198 464 1312 507 atque
1340 456 1546 493 benevolos

106 524 235 566 fuisse,
268 523 399 559 eadem
434 523 625 558 sententia
659 522 768 558 morti
800 520 1125 558 condemnabitis:
1171 518 1415 556 absolventes
1449 516 1548 552 enim

107 595 207 628 eum,
237 582 302 633 qui
327 582 456 618 mortis
484 581 712 631 supplicium
744 580 818 618 illis
850 580 1046 629 conscivit,
1079 578 1171 615 nibil
1202 577 1303 614 aliud
1336 576 1547 613 decernetis

108 651 222 694 atque
244 642 548 693 pronuntiamus,
570 655 685 691 quam
705 654 770 678 eos
801 642 847 678 ab
873 641 946 677 hoc
978 640 1025 677 ad
1046 647 1204 676 mortem
1233 637 1449 675 criminibus
1470 648 1550 672 me-

106 704 215 741 ritam
246 703 400 739 adactos
437 715 536 739 esse.
604 702 690 744 Quo
723 709 837 752 pacto
868 700 1085 738 calamitate
1116 698 1323 735 miserrima
1352 703 1391 734 et
1423 696 1548 733 luctu-

107 763 279 799 osissima
298 768 508 807 uterentur,
531 762 561 798 si
589 775 669 806 vos,
689 762 825 811 quibus
853 761 1033 798 ultionem
1060 760 1115 797 sui
1145 759 1347 796 morientes
1368 765 1548 807 tanquam

107 822 322 860 hominibus
352 822 482 859 amicis
505 823 765 865 mandassent,
791 822 901 859 iidem
929 828 1063 859 contra
1088 821 1191 871 ipsos
1220 819 1354 856 eadem
1383 827 1467 855 cum
1491 824 1549 867 ty-

106 884 234 920 rannis
272 883 497 920 scisceretis.
570 883 817 933 Neutiquam‚
857 883 1023 933 judices,
1068 882 1304 931 neutiquam,
1349 892 1415 930 per
1458 879 1550 916 deos

109 942 308 993 Olympios
333 956 399 979 vos
428 944 600 985 obsecro,
630 943 735 979 nullo
759 950 887 992 pacto,
914 942 1018 979 nulla
1049 941 1182 978 fraude
1207 939 1450 991 pronuntiate
1481 938 1550 975 ad-

106 1014 237 1039 versus
257 1015 322 1040 eos
348 1003 462 1046 viros,
496 1003 574 1052 qui,
596 1009 794 1053 propterea
824 1002 926 1052 quod
952 1002 1078 1039 multis
1109 1001 1231 1039 modis
1259 1002 1354 1038 bene
1377 1000 1424 1037 de
1445 999 1551 1036 vobis

109 1063 230 1099 meriti
264 1070 407 1106 essent,
438 1076 461 1099 a
486 1063 829 1113 Trigintatyrannis
857 1072 894 1100 et
925 1064 971 1100 ab
1003 1063 1077 1099 hoc
1097 1063 1266 1111 Agorato
1299 1060 1420 1097 necati
1447 1065 1550 1096 sunt.

112 1122 315 1160 Recordati
347 1123 604 1160 calamitatum
630 1123 811 1167 omnium,
839 1136 925 1173 quae
957 1124 1004 1159 ab
1037 1122 1170 1159 horum
1197 1122 1358 1158 virorum
1391 1132 1552 1157 excessu

109 1182 395 1232 universamque
407 1196 526 1233 remp.
544 1191 581 1221 et
600 1183 774 1233 privatim
790 1195 1100 1232 unumquemque
1121 1187 1405 1231 oppresserunt,
1421 1178 1552 1229 punite

108 1242 210 1278 hunc
231 1243 412 1279 malorum
435 1250 646 1280 vestrorum
667 1243 929 1280 architectum.
988 1242 1254 1290 Undecnnque
1273 1241 1427 1290 planum
1445 1239 1552 1276 vobis

109 1309 168 1339 est
185 1303 327 1339 factum
349 1310 619 1352 testatumque,
639 1311 714 1340 tam
737 1316 758 1340 e
773 1303 935 1340 decretis
951 1315 1064 1352 quarn
1084 1315 1130 1338 ex
1150 1301 1337 1338 indicibus
1357 1300 1553 1336 nominum

110 1363 337 1407 delatorum,
364 1376 410 1400 ex
438 1364 519 1400 aliis
545 1365 708 1414 denique
735 1363 857 1400 omnis
883 1363 1033 1412 generis
1065 1362 1320 1405 documentis,
1342 1362 1551 1410 Agoratum

108 1422 210 1459 hunc
248 1423 430 1459 moriendi
469 1424 734 1461 necessitatem
775 1423 864 1473 ipsis
911 1423 1158 1459 conscivisse.
1234 1421 1424 1458 Praeterea
1461 1433 1550 1457 con-

111 1489 332 1519 sentaneum
367 1490 438 1526 est,
467 1496 534 1520 vos
562 1490 696 1520 contra
728 1482 890 1519 sciscere
920 1489 1034 1532 atque
1067 1480 1306 1531 Trigintaviri
1337 1481 1552 1522 sciverunt3

107 1541 182 1578 hoc
202 1549 273 1583 est,
294 1555 389 1591 quos
416 1543 466 1579 illi
488 1543 595 1580 morti
617 1543 927 1585 condemnarunt,
946 1555 1011 1580 eos
1042 1556 1064 1580 a
1086 1542 1189 1578 vobis
1211 1540 1356 1578 absolvi
1378 1554 1445 1591 par
1468 1548 1552 1584 est;

109 1608 363 1651 contra‚quos
384 1602 434 1639 illi
467 1603 544 1639 suis
574 1602 771 1639 sententiis
791 1615 814 1639 a
840 1603 968 1639 mortis
996 1615 1107 1652 poena
1135 1602 1390 1643 absolverunt,
1417 1601 1461 1637 iis
1486 1614 1552 1638 vos

110 1674 191 1698 eam
212 1663 391 1711 irrogare.
447 1663 535 1699 Jam
554 1662 792 1712 Trigintaviri
809 1663 909 1700 cives
925 1662 1009 1700 illos
1029 1663 1142 1699 fortes
1160 1669 1199 1699 et
1216 1662 1424 1711 bon0s‚qui
1446 1662 1559 1699 vobis>

111 1723 216 1759 amici
251 1731 371 1766 erant,
408 1732 528 1760 morte
564 1724 821 1766 damnarunt;
866 1730 1097 1774 quapropter
1129 1722 1311 1760 absolvite
1350 1734 1418 1758 vos
1451 1735 1552 1759 nunc

110 1783 289 1820 eosdem:
320 1791 451 1820 contra,
483 1785 692 1832 Aguratum
727 1784 976 1821 absolverunt
1006 1783 1167 1834 tyranni,
1196 1783 1297 1832 quod
1328 1781 1431 1819 visus
1461 1782 1553 1832 ipsis

110 1849 213 1880 esset
237 1844 305 1880 hos
336 1844 476 1880 amicos
501 1851 646 1880 vestros
677 1844 813 1892 cupide
842 1843 1075 1894 perdidisse3
1107 1849 1336 1893 quapropter
1354 1855 1438 1878 eum
1461 1854 1548 1879 con·

112 1903 302 1939 demnate.
360 1904 473 1945 Quod
508 1916 593 1940 cum
627 1904 785 1946 facietis,
805 1911 883 1940 turn
908 1916 974 1939 vos
1002 1903 1162 1953 primum
1185 1915 1207 1940 a
1233 1902 1452 1952 turpissimo
1479 1901 1555 1938 cri-

112 1962 209 1999 mine
235 1963 507 2000 conservabitis
533 1963 712 2008 intactos,
731 1963 988 2000 similitudinis
1016 1969 1107 2013 puta
1134 1970 1249 2012 atque
1281 1975 1490 1999 consensus
1513 1962 1557 1998 inv

112 2022 280 2060 consiliis
307 2029 420 2072 atque
453 2023 612 2060 decretis
639 2036 724 2060 cum
759 2023 976 2060 hominibus
1008 2023 1165 2072 impuris
1189 2030 1302 2071 atque
1331 2021 1559 2070 sacrilegis:

111 2082 250 2120 deinde
278 2083 430 2120 laudem
464 2083 704 2132 reportabitis
731 2083 986 2120 contentionis
1013 2083 1051 2119 in
1085 2082 1316 2119 ulciscendis
1343 2081 1554 2118 amicorum.

109 2151 316 2180 vestrorum
355 2143 512 2193 injuriis,
552 2143 714 2193 denique
754 2143 976 2180 mortalibus
1016 2142 1190 2179 omnibns
1230 2141 1443 2178 videbimini
1481 2141 1552 2177 hu-

111 2202 384 2252 manoquejuri
406 2211 520 2253 atque
541 2203 666 2240 divino
684 2204 821 2240 fecisse
841 2210 1114 2239 consentanea.
