1822 3219
601 137 708 174 PRO
741 137 1088 173 MANTITHEO.
1486 137 1561 171 267

111 235 334 274 -zinentibus
349 250 357 274 :
376 250 484 288 aeque
498 250 629 288 parum
644 251 774 275 rursus
787 243 936 275 constat
948 236 1018 273 illis
1033 237 1201 286 tyrannis
1219 237 1315 274 lianc
1332 236 1446 273 fuisse
1459 247 1563 271 men-

125 303 201 332 tem
218 302 260 332 ut
274 298 392 346 ipsos,
407 298 503 336 adeo
517 312 673 349 peregre
689 305 850 348 agentes
866 297 1046 346 nulloque
1064 296 1206 333 scelere
1226 297 1293 333 sibi
1314 296 1500 346 cognitos,
1514 296 1563 333 ad

125 357 450 408 participationem
468 360 524 396 sui
541 359 758 396 dominatus
772 359 1031 401 admitterent;
1061 362 1194 394 contra
1204 369 1295 393 vero
1309 357 1426 393 multo
1442 356 1564 405 magis

123 415 194 453 hos
217 418 360 466 probris
382 426 495 468 atque
521 419 757 455 contumeliis
783 418 1100 461 dehonestabant,
1122 429 1234 466 quam
1268 428 1333 452 eos
1359 416 1564 452 honoribus

124 477 363 516 cumularent
376 492 474 528 quos
490 480 526 516 in
544 479 750 516 evertenda
764 491 841 528 rep.
856 478 978 515 socios
992 485 1107 527 atque
1121 477 1312 527 adjutores
1327 475 1565 512 habuissent.

127 536 203 574 Sed
224 538 330 575 aiunt
355 551 494 576 nomen
516 551 641 575 meum
662 539 699 575 in
720 539 852 575 tabula
877 538 1057 587 scriptum
1078 550 1160 575 esse
1188 538 1284 573 inter
1309 549 1372 573 eos
1398 536 1463 585 qui
1483 544 1563 572 tum

125 598 290 646 equestri
311 599 440 636 militia
458 599 578 636 functi
600 599 719 636 fuere.
778 600 899 649 Atqui
916 599 1032 636 stulta
1049 599 1131 635 haec
1149 605 1210 635 est
1224 597 1427 647 colligendi
1447 598 1563 635 ratio:

124 669 211 694 nam
231 658 268 694 in
289 658 351 695 illa
380 659 511 696 tabula
531 659 734 696 multorum
759 660 914 696 nomina
944 660 1084 708 scripta
1109 671 1183 696 non
1205 665 1391 708 prostant,
1409 659 1472 708 qui
1492 659 1563 708 ipsi

124 718 349 765 profitentur
378 731 418 754 se
450 725 529 754 tum
561 719 598 754 in
629 718 798 767 equitum
827 731 986 755 numero
1016 718 1154 761 fuisse;
1184 731 1314 755 rursus
1344 718 1393 754 ibi
1426 718 1566 768 scripta

122 775 303 825 leguntur
328 777 487 814 aliorum
513 778 678 822 nomina,
703 778 782 826 qui,
803 778 832 814 si
856 791 1017 815 necesse
1045 779 1106 824 sit,
1131 778 1190 815 vel
1209 778 1462 828 jurejurando
1490 779 1567 816 sint

122 837 380 874 confirmaturi
407 837 472 873 illa
492 837 624 873 militia
652 850 691 873 se
713 850 907 887 nunquam
939 837 1090 874 functos
1111 851 1207 874 esse.
1264 837 1334 873 Est
1362 838 1474 887 igitur
1492 837 1566 875 hoc

122 895 278 945 quidem
301 903 565 947 argumentum
584 897 803 934 ficulneum.
862 897 945 947 Ego
958 910 1046 933 vero
1058 897 1313 934 firmissimum
1328 897 1401 935 hoc
1416 910 1568 947 oppono

122 956 235 993 bonae
263 969 358 994 meae
385 970 511 995 causae
538 957 821 1002 documentum,
842 956 878 993 in
905 956 1059 1006 reliquis
1086 957 1336 1007 palmarium:
1368 970 1413 993 ex
1435 971 1510 1008 quo
1528 959 1566 995 in

122 1017 283 1066 patriam
320 1017 485 1062 redistis,
521 1018 712 1068 praefectis
753 1024 962 1054 turmarum
1002 1018 1233 1067 equestrium
1267 1018 1423 1055 decreto
1457 1031 1563 1055 man-

123 1076 255 1122 dastis,
275 1085 318 1114 ut
337 1078 374 1114 in
400 1078 539 1115 tabulis
560 1079 770 1128 perscripta
796 1078 900 1115 vobis
921 1078 1143 1115 exhiberent
1169 1079 1324 1116 nomina
1347 1080 1564 1116 functorum

124 1138 288 1187 equestri
314 1138 459 1183 militia,
479 1151 554 1188 quo
585 1138 822 1188 manupretia
847 1139 894 1175 ab
924 1138 1015 1188 ipsis
1043 1138 1280 1188 redigeretis.
1335 1140 1423 1176 Jam
1454 1152 1565 1176 nemo

122 1199 233 1235 facile
253 1199 336 1243 erit,
356 1198 420 1248 qui
440 1199 577 1235 doceat
605 1212 730 1235 meum
759 1211 900 1235 nomen
928 1204 994 1235 aut
1014 1211 1036 1235 a
1055 1199 1245 1248 magistris
1271 1206 1479 1235 turmarum
1501 1211 1566 1236 ex-

122 1258 284 1295 hibitum
310 1259 418 1295 vobis
449 1265 516 1295 aut
542 1271 671 1295 rursus
704 1271 726 1295 a
760 1259 865 1295 vobis
898 1258 1079 1295 traditum
1111 1259 1277 1309 syndicis
1306 1259 1440 1303 fuisse,
1471 1259 1509 1295 h.
1532 1272 1565 1296 e.

123 1317 318 1355 advocatis
343 1317 437 1362 fisci,
469 1325 535 1354 aut
559 1331 619 1355 me
644 1319 919 1368 manupretium
946 1318 982 1354 in
1009 1325 1248 1355 antecessum
1279 1319 1425 1355 tulisse.
1484 1319 1565 1356 Ob-

120 1377 221 1414 vium
242 1384 370 1414 tamen
391 1384 449 1414 est
468 1379 670 1427 unicuique
686 1379 872 1428 facileque
892 1378 1062 1427 cognitu,
1078 1379 1147 1415 nisi
1166 1379 1338 1428 praefecti
1358 1386 1564 1416 turmarum

123 1439 277 1474 nomina
291 1438 449 1474 ederent
467 1438 686 1474 habentium
707 1440 958 1488 manupretia,
978 1439 1160 1475 luendum
1181 1439 1272 1488 ipsis
1294 1439 1342 1475 de
1359 1451 1427 1475 suo
1447 1439 1565 1477 fuisse

121 1513 190 1550 pro
210 1500 296 1544 illis,
317 1499 346 1536 si
375 1512 470 1548 quos
489 1499 674 1536 celarent.'
729 1500 971 1549 Quapropter
991 1512 1058 1535 vos
1085 1499 1198 1535 indici
1221 1512 1243 1535 a
1269 1500 1459 1549 praefectis
1487 1508 1568 1537 tur-

123 1571 269 1596 marum
304 1559 474 1596 exhibito
509 1559 628 1595 multo
660 1560 842 1609 majorem
878 1559 1064 1595 habebitis
1096 1559 1225 1604 fidem,
1260 1573 1336 1606 quo
1365 1561 1412 1597 ab
1444 1561 1568 1598 indice.

123 1632 261 1656 nomen
282 1632 406 1655 meum
428 1619 550 1662 abest,
567 1632 679 1668 quam
701 1619 917 1656 testimonio
938 1618 1092 1662 tabulae,
1113 1619 1172 1655 cui
1194 1632 1332 1656 nomen
1355 1632 1479 1656 meum
1501 1634 1569 1670 per

124 1679 231 1716 nefas
265 1679 488 1728 inscriptum
521 1679 688 1728 legitur:
719 1691 804 1715 nam
835 1692 881 1715 ex
912 1678 977 1715 illa
1008 1679 1140 1715 tabula
1170 1678 1283 1715 facile
1316 1687 1397 1716 erat
1426 1680 1568 1718 volenti

121 1739 260 1788 cuique
279 1739 458 1788 expungi,
473 1751 547 1789 quo
568 1739 710 1776 factum
730 1745 787 1776 est
802 1739 838 1775 id
859 1739 960 1788 quod
980 1738 1108 1776 dicere
1124 1739 1289 1784 memini,
1306 1746 1347 1775 ut
1363 1740 1567 1778 multorum

124 1799 173 1836 ibi
193 1799 347 1836 nomina
367 1799 490 1835 minus
517 1799 703 1848 legantur,
724 1812 818 1848 quos
837 1806 990 1836 constat
1008 1800 1043 1836 in
1065 1800 1170 1849 equis
1192 1800 1369 1837 meruisse
1390 1801 1460 1837 sub
1486 1801 1568 1838 Tri-

125 1859 420 1910 gintatyrannis,
444 1866 484 1896 et
512 1872 642 1896 rursus
674 1860 815 1909 pariter
845 1866 926 1896 erat
957 1859 1067 1896 facile
1093 1859 1250 1896 aliorum
1283 1860 1437 1897 nomina
1470 1861 1568 1899 falso

124 1920 282 1970 subjici3
311 1920 423 1956 fidem
456 1921 584 1970 itaque
612 1921 676 1957 ille
707 1921 912 1958 laterculus
940 1921 1043 1958 haud
1071 1929 1257 1965 meretur;
1295 1923 1329 1959 in
1351 1923 1414 1961 illo
1442 1930 1567 1961 autem

120 1981 418 2032 -phylarchorum
440 1981 563 2018 indice
595 1995 754 2018 necesse
788 1989 881 2026 erat,
907 1989 1092 2032 quotquot
1112 1989 1190 2019 tum
1220 1984 1399 2033 temporis
1427 1985 1462 2021 in
1495 1985 1569 2022 ista

127 2044 346 2094 reipublicae
377 2043 660 2094 perturbatione
698 2044 866 2093 equestri
903 2043 1035 2080 militia
1071 2045 1188 2081 functi
1227 2044 1402 2091 fuissent,
1435 2059 1566 2083 eorum

124 2104 278 2142 nomina
304 2104 470 2141 omnium
499 2117 645 2140 summa
670 2104 744 2140 fide
770 2103 1038 2153 diligentiaque
1065 2105 1277 2154 perscripta
1309 2118 1406 2149 esse⁷
1429 2113 1472 2142 ut
1501 2119 1567 2143 ne-

126 2165 238 2202 minis
260 2177 397 2201 nomen
425 2163 717 2201 desideraretur.
775 2164 980 2209 Praeterea,
1009 2170 1218 2208 senatores,
1240 2165 1270 2201 si
1290 2178 1418 2203 revera
1439 2179 1512 2216 ego
1532 2167 1567 2203 in

124 2225 189 2263 illa
225 2225 445 2261 meruissem
482 2223 629 2268 militia,
668 2237 743 2261 non
780 2224 952 2273 profecto
989 2224 1026 2260 id
1064 2223 1170 2261 velut
1201 2226 1346 2274 grande
1377 2227 1568 2276 quoddam

125 2285 252 2322 scelus
272 2285 362 2321 irem
379 2284 604 2321 infitiatum:
635 2284 702 2321 sed
722 2284 874 2334 planum
897 2284 1059 2321 facerem
1080 2284 1218 2321 civium
1231 2286 1398 2323 omnium
1420 2287 1568 2324 nullum

125 2358 148 2382 a
168 2359 228 2382 me
247 2345 349 2381 malo
377 2343 554 2381 affectum
577 2357 674 2388 esse,
695 2356 816 2393 eoque
836 2345 952 2388 facto,
975 2344 1029 2381 sic
1048 2344 1202 2381 demum
1228 2358 1400 2395 rogarem
1426 2360 1507 2393 vos,
1528 2356 1570 2385 nt

125 2406 162 2442 in
184 2404 364 2442 scrutinio
381 2405 579 2454 probatum
594 2417 653 2440 me
673 2404 709 2440 in
731 2410 904 2440 senatum
925 2404 1150 2454 allegeretis,
1171 2406 1219 2442 de
1239 2407 1393 2456 repulsa
1410 2408 1569 2444 serenda

126 2465 180 2511 nil
198 2464 356 2502 veritus.
412 2464 536 2500 Video
556 2464 654 2500 enim
675 2463 865 2500 vobismet
892 2464 983 2513 ipsis
1008 2478 1161 2514 quoque
1187 2473 1349 2504 mentem
1371 2467 1468 2503 hanc
1488 2480 1567 2504 me·

126 2538 212 2561 cum
235 2525 397 2562 eandem
417 2537 515 2568 esse,
537 2530 580 2560 ut
606 2524 671 2560 illa
690 2523 822 2560 militia
842 2524 994 2561 functos
1013 2525 1129 2562 nihilo
1155 2539 1221 2575 per
1239 2540 1320 2564 eam
1349 2527 1471 2564 factos
1501 2527 1568 2564 de-

128 2584 282 2622 teriores
312 2597 437 2633 neque
459 2583 667 2621 honoribus
695 2584 868 2633 petendis
904 2584 1072 2622 redditos
1103 2585 1288 2622 inhabiles
1319 2586 1567 2624 existimetis:

127 2644 268 2681 multos
295 2656 422 2680 eorum
452 2644 615 2694 quitum
643 2644 788 2693 equites
819 2645 925 2681 fuere
951 2659 1054 2683 nunc
1074 2645 1198 2689 video,
1226 2646 1319 2682 alios
1347 2646 1382 2681 in
1417 2656 1566 2691 senatu,

129 2704 221 2740 alios
254 2704 455 2753 magistros
492 2704 676 2754 pedestris
706 2704 861 2748 militiae,
895 2705 988 2741 alios
1015 2705 1199 2753 equestris
1231 2713 1392 2742 creatos.
1461 2708 1566 2748 Qua-

128 2769 284 2814 propter
305 2775 373 2800 vos
405 2764 573 2801 arbitrari
601 2764 710 2800 velim
745 2777 805 2800 me
835 2764 977 2800 nullam
1013 2766 1120 2800 aliam
1154 2765 1202 2800 ol)
1231 2777 1381 2802 causam
1413 2766 1464 2802 uti
1495 2767 1566 2804 hoc

130 2823 280 2873 generis
306 2823 537 2860 defensionis
557 2836 671 2873 quam
693 2831 733 2860 ut
760 2824 954 2861 ostendam
984 2825 1084 2874 ipsos
1114 2836 1225 2861 ausos
1254 2838 1338 2862 esse
1369 2826 1566 2864 mendacio
