1822 3219
479 160 578 196 'DE
610 158 767 196 CAEDE
799 157 1060 195 HERODIS.
1455 161 1504 197 63

55 263 162 300 lenta
193 267 320 299 mente
353 260 657 299 deliberantium.
715 259 830 296 Nunc
860 258 1100 296 solummodo
1129 259 1347 308 cognitores
1376 271 1505 298 causae

57 323 162 370 estis,
182 330 274 360 tunc
294 328 420 359 autem
441 320 592 358 testium
613 319 716 357 eritis
736 319 888 357 arbitri:
919 331 1022 356 nunc
1042 318 1134 356 estis
1157 319 1373 369 opinatores
1399 332 1506 358 vero-

55 396 152 429 rum,
179 388 271 420 tunc
297 388 424 420 autern
449 381 666 419 decretores
695 380 916 417 eorundem.
974 379 1078 415 Num
1107 379 1245 416 tenetis
1268 381 1404 429 quanti
1427 392 1507 418 mo-

56 443 175 482 menti
200 457 260 482 res
286 444 336 481 sit
357 448 491 481 contra
511 440 704 478 hominem
727 438 920 477 homicidii
941 450 1048 477 reum
1067 440 1212 478 factum
1232 439 1332 477 falsa
1345 439 1505 477 testari?

60 504 159 542 Nam
189 504 220 541 si
245 510 362 542 testes
391 500 608 552 hujusmodi
636 499 725 537 falsi
749 500 945 551 judicibus
973 501 1242 550 persuaserint,
1270 507 1313 537 ut
1338 501 1511 551 protinus

61 565 145 602 sine
172 563 414 601 cunctatione
437 573 543 598 reum
570 560 763 606 occidant,
784 573 860 598 non
885 560 1011 598 solum
1036 574 1176 611 corpus
1202 560 1326 611 periit,
1348 560 1417 598 sed
1437 572 1513 598 una

62 637 215 676 quoque
235 623 329 661 ultio
352 621 425 673 ipsi
450 621 580 658 debita
604 620 725 671 periit.
782 618 882 658 Nam
908 620 1020 658 amici
1045 621 1199 671 quidem
1224 621 1308 672 ejus
1331 634 1408 658 non
1431 624 1512 668 jam

61 685 192 722 volent
210 683 402 721 hominem
423 681 619 719 vindicare
637 681 717 731 jam
743 681 994 719 exstinctum:
1024 688 1064 719 et
1085 681 1114 719 si
1135 681 1192 719 vel
1214 682 1332 718 velint
1348 695 1514 732 quoque,

62 745 199 796 ecquid
217 744 306 781 inde
324 742 515 781 commodi
534 741 672 780 redibit
688 741 737 779 ad
757 741 896 792 injuste
911 741 1181 792 peremptum?
1211 755 1303 779 num
1323 743 1410 781 ideo
1432 756 1512 781 me-

61 805 133 843 lior
150 804 232 855 ejus
252 803 323 841 erit
341 801 540 841 conditio?
597 802 724 844 Quare
742 815 844 840 nunc
863 802 1018 852 quidem
1038 815 1098 840 me
1121 802 1321 848 absolvite,
1334 803 1513 853 judices;

63 865 102 902 in
116 865 236 903 altera
251 871 378 902 autem
391 876 518 902 causae
532 862 712 906 dictione,
729 875 804 912 qua
824 863 1065 912 peculiariter
1078 863 1117 900 in
1132 863 1278 900 caedem
1292 863 1516 913 inquiretur,

64 925 130 963 ubi
147 925 188 962 hi
207 932 450 963 accusatores
465 923 733 974 jusjurandum
754 936 802 961 ex
821 923 983 961 formula
995 924 1091 974 juris
1107 930 1145 961 et
1157 924 1231 961 ritu
1247 931 1398 962 vetusto
1412 925 1517 975 prius

66 986 244 1032 dixerint,
264 992 344 1023 tum
366 998 427 1022 me
449 991 672 1029 accusanto,
691 996 760 1021 vos
785 990 912 1021 autem
940 996 1056 1022 causa
1080 985 1120 1022 in
1143 992 1345 1034 utramque
1370 993 1518 1035 partem

68 1047 211 1097 agitata
230 1052 270 1084 et
288 1046 476 1088 discussa,
497 1044 710 1082 seeundum
730 1044 833 1094 leges
848 1044 887 1081 in
903 1044 976 1082 hac
997 1044 1147 1083 civitate
1165 1045 1261 1082 fixas
1282 1057 1431 1095 usuque
1451 1045 1523 1083 fre·

69 1113 271 1158 quentatas
297 1104 731 1158 pronunciabitiquuo
761 1103 878 1150 facto,
903 1105 1008 1151 mihi,
1036 1105 1066 1142 si
1100 1105 1191 1156 quid
1224 1105 1336 1143 etiam
1370 1105 1522 1144 adversi

70 1167 212 1220 patiar,
229 1166 335 1205 nulla
353 1173 482 1204 tamen
501 1164 571 1203 erit
589 1164 786 1203 excusatio
806 1164 855 1203 de
879 1165 1015 1214 injuria
1041 1166 1158 1204 facta.
1216 1164 1316 1203 Haec
1345 1179 1391 1203 ea
1416 1172 1520 1211 sunt,

71 1241 159 1279 quae
177 1240 246 1266 vos
264 1240 374 1277 rogo,
392 1226 445 1264 ita
464 1233 602 1264 vestrae
622 1238 767 1262 memor
784 1225 955 1276 pietatis,
974 1232 1017 1263 ut
1036 1238 1113 1263 una
1135 1238 1195 1263 me
1218 1224 1343 1275 ipsum
1369 1237 1522 1275 quoque

67 1288 165 1339 juris
183 1287 258 1325 mei
275 1287 382 1324 nulla
399 1292 506 1337 parte
525 1285 771 1323 defraudem:
801 1286 840 1323 in
857 1285 1109 1336 jurejurando
1124 1298 1147 1323 a
1165 1286 1275 1323 vobis
1295 1285 1524 1329 diet0,>mea

73 1361 225 1400 quoque
259 1347 364 1385 salus
399 1358 478 1384 una
514 1346 742 1384 continetur.
799 1346 1084 1385 Momentorum
1117 1346 1254 1385 horum
1291 1358 1523 1397 quocunque

73 1410 238 1461 denique
258 1408 404 1455 voletis,
425 1407 578 1459 impulsi
596 1421 656 1446 me
676 1407 873 1447 absolvite.
