1822 3219
243 172 318 208 300
892 170 1058 208 LYSIAE

243 284 374 309 omnes
411 272 598 309 universae
629 271 764 310 classis
794 271 1000 322 navigandi
1029 271 1224 309 celeritate
1245 277 1360 321 atque
1387 271 1568 309 felicitate
1589 283 1704 321 supe·

243 334 361 377 ravit;
393 333 431 371 id
457 334 560 384 quod
584 334 827 372 documentis
857 333 1087 384 gravissimis
1110 333 1359 370 confirmabo.
1417 332 1586 369 Primum
1606 331 1704 369 enim

245 394 482 440 Alcibiades,
503 407 617 444 quem
639 407 712 444 ego
728 394 980 444 navigationis
1001 394 1090 431 mihi
1113 394 1290 431 comitem
1308 405 1506 444 nunquam
1523 392 1706 443 obtigisse

244 454 441 505 pervelim,
462 454 625 492 triremis
658 467 752 492 meae
787 461 943 491 vectura
976 454 1166 498 utebatur,
1203 454 1374 504 quamvis
1405 465 1530 503 neque
1560 451 1706 489 amicus

246 514 336 552 mihi
364 528 488 565 neque
516 522 705 565 cognatus
727 528 849 564 neque
872 515 1020 552 tribulis
1041 521 1155 552 esset.
1212 515 1329 565 Atqui
1350 528 1418 553 vos
1439 526 1572 552 omnes
1593 525 1708 550 nosse

246 576 417 620 arbitror,
438 576 721 626 imperatorem,
742 577 804 614 cui
824 576 1009 626 quicquid
1030 576 1145 614 vellet
1165 589 1280 626 agere
1302 576 1445 622 liceret,
1467 576 1571 613 haud
1595 575 1707 613 facile

247 636 359 675 aliam
379 637 416 674 in
437 650 572 675 navem
602 637 721 675 fuisse
748 638 1032 683 inscensmum,
1062 650 1281 688 corpusque
1314 651 1426 676 suum
1461 637 1709 682 crediturum,

246 703 503 748 praeterquam
524 699 558 735 ei
577 711 664 748 quae
685 698 868 736 citissime
889 706 1005 749 atque
1028 699 1259 738 dexterrime
1274 705 1464 749 ageretur.
1510 697 1562 735 Ut
1581 705 1709 734 autem

244 758 483 796 Alcibiadem
515 760 677 809 ejusque
707 760 878 809 collegas
910 760 1091 811 adempto
1122 760 1279 810 imperio
1315 760 1482 810 privatos
1518 760 1710 803 feceratis,

248 818 490 868 classemque
513 832 598 856 cum
620 820 740 870 copiis
763 820 969 871 Thrasyllo
998 822 1225 871 caeterisque
1256 834 1391 858 novem
1416 821 1502 857 viris
1529 821 1612 869 ejus
1632 818 1711 857 col-

250 879 345 930 legis
366 879 625 926 tradideratis,
645 881 777 918 horum
806 882 941 918 decem
971 882 1135 919 virorum
1172 882 1277 919 nullo
1307 895 1383 920 non
1414 881 1596 932 cupiente
1627 892 1714 918 mea

250 941 339 978 navi
357 941 455 984 vehi,
469 941 630 991 pervicit
646 942 801 979 tandem
821 942 1092 979 Archestratus
1109 942 1362 980 Phrearrhius
1379 950 1420 980 ut
1434 955 1480 980 ea
1493 942 1712 979 veheretur:

249 1001 315 1039 illo
345 1001 449 1052 apud
485 1001 715 1052 Mitylenam
747 1002 953 1048 exstincto,
976 1003 1198 1040 Erasinides
1231 1016 1276 1040 ea
1308 1016 1454 1041 mecum
1482 1009 1612 1040 vectus
1641 1008 1712 1039 est.

250 1062 369 1112 Atqui
391 1074 526 1100 navem
548 1063 602 1100 sic
622 1063 850 1100 instructam
866 1064 999 1114 quanti
1019 1065 1163 1115 putatis
1183 1062 1430 1102 constitisse?
1459 1068 1646 1113 quantum
1660 1075 1715 1099 aes

251 1123 544 1174 absumpsisse?
573 1132 669 1174 quot
689 1125 820 1162 noxias
842 1124 1018 1162 hostibus
1040 1124 1220 1163 dedisse?
1251 1132 1345 1176 quot
1371 1116 1596 1163 ornamenta
1624 1122 1716 1161 civi-

252 1185 320 1223 tati
340 1187 616 1237 comparasse?
675 1187 960 1224 Documentum
993 1187 1179 1238 poscitis?
1208 1187 1345 1237 ingens
1376 1187 1568 1224 enimvero
1600 1184 1715 1224 dabo.

254 1251 297 1287 In
330 1256 527 1301 postrema
559 1263 689 1301 pugna
728 1249 868 1296 navali,
900 1262 987 1287 cum
1020 1249 1156 1287 classis
1181 1256 1308 1287 vestra
1338 1248 1586 1291 laceraretur,
1611 1245 1717 1283 solus

251 1326 324 1364 ego
343 1313 637 1351 trierarchorum
659 1313 827 1350 omnium
860 1325 882 1349 a
913 1311 1019 1350 vobis
1040 1311 1192 1349 laudem
1214 1311 1331 1348 merui
1347 1334 1398 1339 —
1413 1323 1500 1347 nam
1521 1307 1716 1346 trierarchi

253 1386 406 1426 quoque
427 1381 506 1412 tum
532 1374 688 1425 perinde
710 1382 826 1423 atque
847 1374 1096 1423 imperatores
1119 1385 1156 1410 re
1180 1372 1397 1423 turpissime
1418 1377 1526 1421 gesta
1549 1369 1585 1406 in
1605 1368 1720 1406 offen-

254 1434 401 1474 sionem
422 1441 589 1472 vestram
612 1435 863 1478 incurrerunt,
883 1433 986 1484 quod
1007 1433 1120 1470 ambo
1141 1435 1280 1483 pariter
1309 1431 1485 1469 socordia
1512 1436 1551 1467 et
1574 1429 1720 1480 impru-

255 1496 386 1533 dentia
407 1508 477 1532 sua
506 1495 614 1533 istam
637 1495 745 1533 vobis
767 1501 912 1532 tantam
935 1501 1052 1544 atque
1074 1500 1150 1531 tam
1173 1492 1425 1531 insanabilem
1452 1491 1608 1543 plagam
1628 1503 1719 1528 con-

255 1557 493 1600 traxissent;
525 1556 641 1593 nolim
663 1556 789 1606 itaque
814 1569 881 1593 vos
903 1567 1008 1606 aegre
1029 1554 1126 1592 ferre
1149 1554 1199 1592 rei
1223 1554 1313 1591 mihi
1338 1553 1517 1604 gloriosae
1539 1552 1678 1590 factam
1699 1564 1722 1590 a

257 1631 317 1655 me
338 1617 746 1656 commemorationem
764 1640 828 1662 —,
843 1618 948 1655 solus
970 1630 1042 1667 ego
1064 1623 1144 1655 tum
1164 1619 1267 1664 (nam
1290 1615 1494 1666 imperator
1514 1626 1611 1651 nave
1638 1625 1723 1663 mea

257 1685 336 1716 tum
359 1679 488 1716 nullus
509 1679 735 1725 vehebatur)
754 1691 829 1715 non
853 1678 977 1715 solum
1007 1690 1142 1715 navem
1176 1689 1298 1714 meam
1328 1675 1473 1713 salvam
1506 1675 1542 1711 in
1573 1682 1722 1725 portum

256 1746 427 1777 vestrum
463 1739 610 1785 reduxi,
637 1739 704 1776 secl
736 1739 849 1776 etiam
883 1738 1134 1776 Nausimachi
1159 1736 1372 1774 Phrearrhii
1394 1749 1545 1781 navem,
1565 1748 1680 1786 quam
1701 1748 1721 1772 e

254 1800 424 1851 periculo
447 1807 484 1838 et
514 1801 686 1838 manibus
714 1800 882 1838 hostium
915 1800 1144 1851 eripueram.
1204 1799 1443 1836 Felicitatem
1476 1797 1576 1834 hanc
1607 1803 1722 1847 atque

257 1861 412 1899 laudem
441 1862 632 1912 propriam
661 1875 736 1898 non
774 1861 957 1899 secundae
987 1861 1150 1899 fortunae
1184 1860 1400 1905 temeritati,
1423 1858 1493 1897 sed
1523 1857 1720 1909 sapientiae

258 1922 520 1960 institutorum
554 1935 724 1960 meorum
757 1923 903 1960 debeo:
935 1923 1126 1960 habebam
1158 1922 1259 1959 enim
1288 1927 1370 1958 toto
1398 1920 1460 1958 illo
1481 1919 1555 1957 mei
1576 1919 1723 1957 trierar-

257 1983 395 2021 chatus
416 1984 540 2034 spatio
562 1997 711 2021 mecum
736 1983 963 2021 liberalitate
996 1996 1081 2021 mea
1106 1983 1333 2020 obstrictum
1357 1982 1561 2019 Phantiam
1583 1982 1722 2032 guber-

259 2050 445 2091 natorem,
484 2045 548 2095 qui
583 2044 810 2082 Graecorum
842 2045 1013 2082 omnium
1051 2034 1285 2094 gubernator
1323 2042 1576 2080 dexterrimus
1607 2051 1724 2092 atque

260 2104 506 2143 felicissimus
538 2114 617 2142 tum
649 2105 890 2149 habebatur3
922 2106 991 2143 sed
1023 2106 1187 2155 remiges
1225 2117 1380 2154 quoque
1412 2115 1723 2155 comparaveram

260 2165 334 2203 isto
368 2166 625 2216 gubernatore
657 2165 794 2216 dignos
825 2179 1031 2218 paremque
1059 2165 1132 2202 illis
1162 2165 1348 2216 reliquam
1382 2163 1573 2202 navalium
1615 2163 1723 2200 mini-

263 2233 427 2263 strorum
449 2227 644 2264 familiam.
703 2227 804 2264 Vera
826 2228 908 2264 haec
929 2240 951 2264 a
971 2240 1031 2266 me
1052 2226 1141 2271 dici,
1169 2226 1290 2264 nostis
1312 2225 1468 2276 quidem
1490 2237 1556 2262 vos
1576 2236 1722 2268 omnes,

265 2294 454 2338 quotquot
480 2295 559 2326 tum
589 2289 772 2339 temporis
807 2288 980 2326 militiam
1010 2288 1061 2325 ibi
1096 2288 1265 2326 locorum
1296 2286 1539 2329 tolerabatis3
1571 2298 1724 2323 verum-

263 2355 390 2386 tamen
412 2348 488 2386 cita
508 2356 549 2386 tu
571 2349 661 2386 mihi
686 2349 1000 2387 Nausimachum.

791 2456 1191 2515 TESTIMONIUM.

268 2534 399 2572 Naves
434 2534 622 2571 universae
660 2534 733 2571 isto
767 2548 785 2570 e
820 2534 952 2584 praelio
987 2541 1149 2572 servat-ae
1185 2539 1275 2570 sunt
1309 2543 1465 2568 numero
1506 2529 1725 2576 duodecim,

267 2607 427 2645 quarum
450 2607 550 2632 unus
572 2607 646 2645 ego
666 2594 762 2631 duas
783 2607 898 2644 opera
927 2608 1012 2633 mea
1043 2602 1213 2633 servatas
1239 2594 1275 2630 in
1302 2600 1450 2643 portum
1475 2599 1640 2629 vestrum
1668 2605 1726 2630 re-

269 2654 351 2700 tuli,
374 2667 496 2692 meam
517 2661 631 2704 atque
652 2654 904 2692 Nausimachi
927 2655 1129 2692 triremem.

325 2711 360 2753 3'.
390 2715 466 2753 Pro
496 2723 553 2753 tot
581 2716 695 2766 igitur
724 2715 917 2766 tantisque
950 2716 1232 2754 discriminibus
1261 2714 1376 2752 vestri
1405 2727 1524 2751 causa
1555 2713 1727 2751 toleratis

270 2777 583 2826 ornamentisque
611 2791 631 2815 a
661 2789 720 2814 me
749 2776 785 2813 in
815 2789 933 2827 remp.
955 2777 1121 2823 collatis,
1148 2790 1241 2827 rogo
1272 2788 1376 2812 nunc
1408 2788 1483 2812 non
1515 2787 1666 2819 munus,
1687 2781 1731 2814 ut

271 2836 406 2887 reliqui
425 2850 560 2887 rogare
582 2838 721 2883 solent,
744 2838 812 2876 sed
833 2837 1026 2876 licentiam
1058 2837 1301 2875 solummodo
1327 2837 1499 2875 fortunas
1527 2849 1630 2874 meas
1659 2835 1727 2873 im-

272 2903 467 2948 posterum
489 2899 612 2938 salvas
634 2898 869 2949 possidendi,
887 2899 1109 2937 existimans
1131 2912 1206 2937 non
1228 2899 1318 2936 mihi
1340 2899 1472 2949 majori
1491 2911 1604 2949 quam
1624 2897 1729 2935 vobis
