1822 3219
498 115 719 153 CONTRA
749 115 1141 154 PANCLEONEM.
1468 115 1540 167 311

99 211 393 264 condictamque
409 215 444 252 in
460 215 542 253 foro
556 217 797 267 praesentiam
815 217 881 256 illa
899 218 1054 268 sponsio
1074 217 1254 267 superiori
1268 215 1329 254 die
1345 222 1545 266 acceptata

97 271 244 310 fuerat:
274 275 494 313 muliercula
513 277 754 315 solummodo
776 277 954 327 quaedam
984 277 1128 320 aderat,
1154 276 1259 313 aiens
1287 288 1375 312 eum
1392 288 1545 314 servum

99 344 186 370 esse
206 345 332 379 suum,
360 347 475 385 super
499 349 621 386 eoque
646 350 734 375 cum
762 338 973 375 Nicomede
995 335 1231 374 contendens
1259 342 1374 385 atque
1393 348 1540 386 negans

100 403 141 429 se
161 392 197 428 N
201 392 650 432 icomedi‘concessuram
672 396 927 434 Pancleonem
948 397 986 433 in
1006 397 1225 433 servitutem
1245 395 1386 444 agenti.
1443 396 1544 433 Lon-

102 464 192 502 gum
221 452 270 489 sit
295 460 374 490 tum
402 454 506 491 dicta
535 468 733 492 enarrare:
774 469 917 502 verum,
950 457 1102 494 tametsi
1132 463 1173 493 et
1200 454 1430 492 Nicomedes
1457 468 1546 493 eum

100 511 216 548 vellet
234 513 390 550 missum
411 513 536 551 facere
555 521 594 551 et
607 514 743 552 mulier
757 516 861 560 item,
878 516 909 552 si
931 517 1016 565 quis
1033 516 1129 553 alius
1148 527 1234 552 eum
1255 521 1320 552 aut
1338 514 1375 550 in
1393 515 1546 552 liberta-

100 577 177 608 tem
196 580 380 610 assereret
399 580 466 610 aut
484 587 633 611 servum
647 588 756 612 suum
774 588 859 612 esse
873 575 1137 620 contenderet,
1153 587 1198 612 eo
1217 581 1345 612 tamen
1360 573 1548 611 violentiae

102 637 218 680 atque
237 631 374 669 furoris
394 634 654 682 procedebant
683 641 723 671 ut
749 635 899 672 abirent
925 648 1014 672 cum
1032 634 1184 672 homine
1205 634 1240 671 vi
1261 640 1412 671 extorto
1433 639 1547 683 atque

101 691 272 742 abrepto.
329 693 449 730 Vobis
473 694 612 744 itaque,
635 694 802 744 judices,
830 707 904 745 quo
929 702 1080 733 constet
1105 708 1195 733 vera
1221 708 1306 733 esse
1333 707 1418 745 quae
1446 694 1548 740 dico,

101 751 260 798 scilicet,
289 758 327 790 et
359 754 481 803 pridie
509 755 755 805 fidejussores
787 755 835 793 de
863 756 1025 806 ipsoque
1051 756 1205 794 homine
1233 755 1404 794 sistendo
1434 761 1473 792 et
1499 754 1548 792 de

100 811 216 848 fratre
249 811 436 851 libertatis
465 814 616 852 vindice
648 815 897 865 producendo
925 815 1086 861 cavisse,
1118 823 1157 853 et
1192 823 1273 853 tum
1303 815 1364 852 die
1396 821 1549 866 postero

101 871 310 911 advocatos
329 873 412 924 ejus
431 875 468 911 vi
488 887 678 925 manuque
700 875 782 912 foro
802 882 840 914 et
859 877 1034 914 manibus
1058 876 1289 926 litigantium
1319 888 1404 913 eum
1424 875 1548 926 eripu-

102 932 176 970 isse
206 939 246 971 et
279 946 409 972 secum
442 935 666 981 abduxisse,
700 936 836 974 harum
867 949 992 974 rerum
1024 943 1143 974 testes
1173 935 1282 974 vobis
1313 936 1428 974 dabo.
1489 936 1549 973 Tu

103 1000 228 1031 autem
248 993 377 1031 inhibe
397 1007 551 1045 aquarn.

721 1098 938 1136 TESTES.

103 1174 316 1226 Perspectu
329 1176 409 1226 jam
430 1176 540 1214 facile
559 1182 633 1221 est,
656 1176 914 1215 Pancleonem
934 1177 1087 1228 ipsimet
1106 1176 1177 1214 sibi
1196 1175 1313 1213 videri
1338 1187 1414 1213 non
1432 1175 1548 1213 modo

103 1248 179 1273 non
201 1236 469 1282 Plataeensem‚
498 1236 567 1274 sed
593 1249 640 1274 ne
668 1237 877 1287 ingenuum
902 1237 1072 1286 quidem.
1129 1236 1204 1279 Qui
1231 1236 1331 1274 enirn
1357 1248 1417 1281 eo,
1444 1235 1549 1286 quod

100 1309 238 1347 passus
258 1302 319 1334 est
337 1309 377 1334 se
393 1297 429 1334 vi
450 1309 642 1346 manuque
660 1297 741 1335 foro
767 1304 806 1334 et
831 1297 985 1334 arbitrio
1007 1296 1183 1347 judicum
1203 1296 1433 1346 extorqueri,
1455 1296 1549 1333 ami-

101 1370 168 1395 cos
186 1357 225 1394 in
243 1357 446 1395 discrimen
466 1370 595 1395 causae
615 1357 663 1395 de
682 1358 862 1395 violentia
874 1357 981 1395 illata
995 1357 1172 1395 dicendae
1192 1357 1381 1408 conjicere
1401 1357 1552 1402 maluit,

102 1430 216 1468 quam
233 1418 295 1455 via
310 1418 409 1466 Juris
429 1417 530 1468 aequi
556 1418 594 1455 in
619 1417 833 1456 libertatem
854 1418 1071 1456 vindicatus
1092 1419 1139 1456 ab
1159 1417 1204 1454 iis
1224 1430 1357 1468 poenas
1375 1424 1551 1468 repetere

102 1482 167 1532 qui
186 1494 227 1519 se
247 1481 285 1518 in
307 1482 527 1519 servitutem
554 1487 683 1518 actum
711 1481 844 1527 issent,
874 1480 1028 1518 difficile
1054 1480 1239 1518 arbitratu
1267 1493 1342 1519 non
1364 1488 1441 1525 est,
1462 1493 1550 1518 eum

101 1541 248 1579 servilis
265 1554 346 1579 suae
365 1541 436 1579 sibi
454 1541 684 1579 conditionis
704 1542 822 1592 probe
843 1541 1037 1579 conscium
1063 1540 1196 1587 fuisse,
1222 1554 1347 1592 eoque
1367 1541 1552 1579 metuisse

101 1601 385 1652 fidejussoribus
404 1601 504 1639 datis
526 1600 735 1652 periculum
749 1601 886 1652 judicii
909 1601 957 1639 de
976 1601 1213 1652 ingenuitate
1235 1602 1352 1639 adire.

155 1665 192 1699 5.
223 1663 281 1699 Ex
298 1661 357 1699 his
375 1661 494 1699 ferme
515 1674 580 1699 vos
601 1674 734 1699 omnes
754 1661 998 1706 intellexisse,
1012 1661 1180 1712 judices,
1197 1662 1370 1707 arbitror,
1391 1661 1552 1699 multum

103 1723 239 1760 abesse
265 1728 310 1759 ut
338 1721 507 1759 Pancleo
534 1721 760 1760 Plataeensis
787 1723 854 1762 sit:
892 1735 1036 1768 verum,
1066 1729 1109 1760 ut
1143 1723 1227 1773 ipse
1261 1728 1382 1760 semet
1411 1722 1552 1773 optime

104 1789 228 1827 norat,
247 1783 301 1820 ita
318 1782 534 1832 desperavit
549 1794 703 1832 quoque
723 1795 893 1833 unquam
914 1783 1083 1820 futurum
1103 1789 1146 1819 ut
1163 1777 1271 1820 vobis
1293 1783 1552 1832 persuaderet,

104 1851 147 1880 ut
171 1842 424 1880 Plataeensem
451 1855 536 1879 esse
563 1843 872 1893 suspicaremini3
911 1842 949 1880 id
973 1843 1078 1893 quod
1106 1850 1235 1894 aperte
1261 1843 1446 1880 institutis
1473 1843 1552 1880 suis

102 1903 279 1953 prodidit.
335 1902 576 1940 Aristodicus
595 1903 695 1941 enim
714 1903 791 1947 hic,
811 1916 923 1953 quem
943 1904 1040 1941 inter
1061 1910 1180 1941 testes
1201 1916 1305 1941 meos
1326 1917 1456 1941 coram
1475 1917 1553 1942 cer-

103 1962 206 2008 nitis,
218 1962 383 2012 judices,
399 1962 501 2000 hunc
516 1963 677 2000 eundern
695 1962 956 2001 Pancleonem
977 1963 1128 2002 actione
1149 1964 1251 2014 apud
1267 1965 1552 2014 polemarchum

105 2023 314 2073 aliquando
334 2030 562 2074 persecutus
583 2030 654 2060 est.
712 2024 754 2060 In
775 2025 994 2075 ἀντωμοσίᾳ
1012 2024 1124 2075 hujus
1146 2038 1273 2062 causae
1287 2025 1440 2075 juratus
1460 2038 1554 2063 con-

104 2085 277 2122 firmabat
298 2084 468 2122 Pancleo
488 2098 529 2123 se
556 2085 812 2123 Plataeensem
842 2099 924 2123 esse
953 2099 1076 2135 eoque
1105 2100 1146 2124 se
1176 2087 1406 2125 necessitate
1426 2100 1552 2126 coram

104 2144 348 2195 polemarcho
375 2144 500 2182 standi
527 2145 632 2182 nulla
659 2146 798 2190 teneri;
830 2147 936 2183 testis
956 2153 1082 2183 autern
1109 2148 1155 2184 ab
1177 2147 1392 2185 Aristodico
1417 2154 1553 2185 contra

103 2219 190 2243 eum
214 2205 424 2256 productus
444 2206 598 2256 juratus
627 2207 793 2256 negabat
820 2220 904 2244 eum
931 2207 1183 2245 Plataeensem
1210 2221 1314 2250 esse;
1351 2208 1438 2246 huic
1465 2208 1553 2246 testi

105 2266 310 2304 Aristodici
337 2266 588 2304 denuntiabat
607 2266 760 2317 quidem
782 2267 951 2305 Pancleo
979 2268 1063 2305 falsi
1088 2268 1178 2305 dicti
1207 2270 1413 2307 testimonii
1431 2270 1552 2307 actio-

104 2339 204 2370 nem,
219 2339 350 2364 verum
365 2327 554 2364 actionem
571 2327 674 2364 illam
692 2335 901 2365 exsecutus
919 2341 995 2366 non
1012 2336 1081 2373 est,
1098 2329 1163 2366 sed
1186 2342 1299 2379 aequo
1319 2330 1447 2367 animo
1466 2330 1555 2367 tulit

105 2400 146 2424 se
163 2388 210 2424 ab
232 2386 449 2424 Aristodico
469 2399 575 2424 reum
595 2394 791 2437 peractum
812 2388 967 2426 mulctae
988 2389 1250 2426 condemnari.
1309 2390 1381 2428 Cui
1402 2390 1554 2427 muletae

104 2448 256 2485 luendae
276 2446 419 2485 dictam
448 2448 548 2485 diem
577 2449 678 2486 exire
708 2462 846 2499 passus
872 2462 948 2486 aere
980 2462 1057 2487 non
1083 2450 1269 2500 depenso,
1295 2450 1554 2501 superdiarius

103 2509 230 2546 factus
252 2515 329 2551 est;
367 2516 406 2546 et
423 2509 640 2546 Aristodico
663 2517 866 2560 propterea
891 2510 1169 2561 supellectilem
1198 2512 1279 2560 ejus
1304 2511 1553 2549 domesticam

105 2568 264 2619 diripere
281 2576 450 2619 parante,
467 2569 625 2606 tandem
638 2583 726 2607 cum
741 2583 786 2607 eo
801 2570 1086 2609 conditionibus
1103 2584 1199 2621 quas
1217 2572 1418 2620 impetrare
1431 2572 1555 2620 potuit

106 2629 423 2667 commodissimis
444 2630 600 2676 decidit,
620 2638 658 2668 et
684 2631 738 2668 sic
768 2632 951 2670 mulctam
980 2633 1104 2677 solvit,
1133 2632 1334 2681 impetrata
1361 2633 1407 2669 ab
1427 2639 1555 2670 actore

107 2690 366 2740 qualicunque
385 2691 624 2728 remissione.
681 2691 785 2729 Vera
804 2692 890 2731 haec
911 2705 995 2731 esse
1015 2698 1132 2730 testes
1152 2692 1431 2735 confirmabunt
1450 2705 1472 2729 a
1495 2705 1556 2730 me

104 2750 322 2787 exhibendi.
379 2750 511 2789 Inhibe
532 2758 572 2789 tu
594 2764 747 2802 aquam.
