1911 3248
323 213 368 248 16
854 213 1225 252 ANTIPHONTIS

317 331 406 356 num
427 320 756 358 intervenientium
787 328 906 367 metu,
925 321 955 358 si
982 324 1158 369 jacentes
1188 333 1265 358 una
1291 331 1377 357 cum
1399 320 1567 359 vestibus
1586 322 1748 373 relique-

315 388 402 418 runt
421 388 460 418 et
479 382 570 432 fuga
591 383 750 420 salutem
771 383 1018 433 quaesierunt,
1037 383 1168 433 utique
1200 395 1277 420 non
1305 373 1565 432 desipuerunt,
1592 384 1660 421 sed
1689 384 1749 422 vel

314 442 478 480 maxime
493 452 715 494 sapuerunt,
738 445 897 482 salutem
918 444 1057 482 lucello
1084 444 1360 494 praehabentes.
1416 442 1494 481 Sed
1520 444 1581 482 fac
1607 458 1751 496 perem—

313 510 419 553 ptum
440 503 555 548 bunc,
590 517 663 542 non
694 518 716 542 a
744 505 1014 543 manticulariis
1035 505 1196 543 vestium
1226 517 1344 542 causa
1376 513 1612 555 peremptum
1635 519 1748 544 esse:

311 566 403 615 quid
422 565 530 604 tum?
560 579 648 603 num
671 567 756 605 ideo
784 568 904 618 magis
923 579 996 618 ego
1022 567 1092 604 feci
1109 566 1124 603 ’ἒ
1153 558 1279 603 annon
1298 566 1407 603 facile
1421 566 1521 604 factu
1539 566 1624 611 suit,
1637 574 1680 604 ut
1693 567 1754 606 hic

313 639 452 672 caesus,
466 627 598 664 videns
615 628 739 665 nescio
751 641 846 678 quos
864 628 1005 665 malum
1025 627 1174 678 aliquod
1189 634 1227 664 et
1246 626 1409 677 capitale
1423 628 1572 665 facinus
1591 634 1747 678 patran-

310 694 382 731 tes,
404 689 451 726 ab
470 688 528 725 his
557 688 807 735 occideretur,
827 690 1082 726 metuentibus
1109 695 1222 738 atque
1249 689 1470 725 caventibus
1494 701 1541 726 ne
1570 689 1626 726 sui
1655 689 1747 727 faci·

310 749 410 787 noris
429 749 491 786 ille
510 749 624 786 index
645 750 777 788 lieret?
835 750 976 801 Ecquis
992 763 1065 787 non
1088 749 1219 793 hosce,
1236 761 1342 787 meos
1362 749 1747 801 accusatores—qui

307 810 417 847 multi
443 817 551 847 erant
565 832 615 838 —-
631 811 736 848 novit
752 823 826 848 non
848 811 968 848 multo
988 811 1130 848 minore
1150 818 1386 861 peremptum
1408 810 1496 848 odio
1511 819 1746 861 prosecutos,

310 883 422 920 quam
441 870 512 907 fuit
532 883 657 908 meum
677 871 776 909 illius
797 871 955 908 odium?
1012 872 1149 909 Nonne
1169 871 1282 921 igitur
1310 872 1431 922 magis
1452 872 1524 909 fuit
1551 872 1746 922 probabile

306 945 372 970 eos
387 931 502 982 ipsos,
523 945 635 982 quam
657 946 728 978 me,
747 946 833 971 eum
853 932 1080 970 sustulisse?
1108 933 1198 984 quid
1230 945 1288 970 me
1315 933 1499 983 impediat
1529 933 1600 971 hoe
1621 933 1745 985 suspi-

304 993 408 1032 cari?
463 993 622 1039 Norant,
639 994 700 1032 hie
729 995 759 1032 si
789 1008 810 1032 a
842 1007 1072 1045 quocunque
1092 994 1248 1032 tandem
1269 994 1480 1039 tolleretur,
1503 995 1686 1042 futurum,
1704 1002 1745 1033 ut

306 1055 422 1092 caedis
451 1055 486 1091 in
516 1067 576 1092 me
607 1056 773 1106 suspicio
806 1056 1066 1094 incumberet:
1108 1055 1198 1106 quid
1223 1054 1333 1093 tum?
1378 1055 1607 1094 occidebant
1641 1068 1743 1104 eum,

306 1115 411 1159 certi,
430 1128 470 1152 se
490 1115 526 1151 in
547 1115 698 1153 occulto
718 1129 932 1162 mansuros,
953 1125 992 1154 et
1012 1129 1070 1154 me
1089 1116 1240 1166 culpam
1260 1117 1427 1166 ipsorum
1444 1117 1624 1156 luiturum
1643 1131 1743 1157 esse.

306 1176 532 1226 Pedissequi
550 1176 804 1213 testimonium
834 1177 942 1228 ecqui
973 1177 1127 1214 tandem
1157 1177 1334 1214 credibile
1350 1177 1425 1215 sit?
1456 1191 1478 1215 a
1497 1191 1588 1228 quo,
1606 1178 1742 1217 discri-

302 1240 400 1277 mine
420 1246 649 1285 exsternato‚
669 1240 899 1277 noscitatum
922 1240 1037 1277 fuisse
1058 1239 1287 1277 homicidam
1316 1240 1369 1277 ita
1393 1253 1527 1291 parum
1547 1247 1607 1278 est
1624 1240 1744 1278 credi-

298 1301 385 1347 bile,
402 1307 443 1338 ut
460 1308 592 1338 contra
607 1300 786 1338 credibile
806 1308 879 1345 est,
896 1313 981 1338 eum
997 1301 1045 1338 ab
1064 1300 1292 1346 hominihus,
1309 1313 1467 1350 quorum
1488 1301 1525 1338 in
1545 1308 1735 1351 potestate

302 1375 377 1400 non
398 1370 510 1406 esset,
526 1363 811 1412 interrogatum,
832 1362 879 1399 ad
899 1362 1025 1399 omnia
1049 1375 1134 1412 quae
1154 1361 1206 1398 illi
1226 1361 1367 1399 vellent
1394 1362 1521 1399 statim
1541 1374 1738 1400 assensum

302 1437 396 1462 esse.
454 1424 637 1462 Universe
657 1424 752 1462 fides
773 1436 967 1461 servorum
989 1424 1154 1460 omnium
1176 1423 1213 1460 in
1230 1423 1389 1460 edendis
1409 1423 1634 1462 testimoniis
1654 1426 1741 1463 sub-

302 1486 398 1523 lesta
416 1493 633 1523 est—nam
653 1485 691 1522 ni
709 1492 822 1529 esset,
843 1498 909 1522 cur
928 1497 993 1522 eos
1017 1485 1214 1522 tormentis
1235 1484 1506 1534 subjiceremus
1522 1484 1738 1535 ?-—‚ecqui

299 1560 390 1597 ergo
408 1559 472 1597 par
488 1545 556 1584 erit
577 1546 665 1583 huic
682 1559 789 1583 servo
809 1545 922 1583 fidem
943 1546 1070 1583 baberi
1091 1545 1205 1583 aienti
1235 1546 1365 1583 herum
1393 1558 1502 1583 suum
1527 1559 1549 1583 a
1568 1559 1627 1584 me
1652 1559 1738 1597 per-

300 1615 466 1658 emptum
485 1607 601 1645 esse?
657 1608 896 1658 Argumenta
928 1620 1038 1658 porro
1072 1606 1310 1645 solummodo
1331 1607 1541 1657 probabilia
1569 1620 1628 1645 me
1656 1621 1739 1658 gra-

299 1671 426 1708 vantia
451 1671 479 1707 si
506 1670 589 1720 quis
615 1676 769 1707 censeat
787 1669 887 1720 paris
906 1683 990 1707 esse
1009 1669 1186 1720 ponderis
1206 1682 1291 1705 cum
1323 1670 1418 1707 veris
1444 1676 1481 1706 et
1505 1669 1630 1715 certis,
1649 1683 1735 1708 eum

296 1733 406 1770 velim
428 1745 557 1770 rursus
577 1732 613 1769 in
625 1733 849 1770 contrariam
869 1739 1014 1782 partem
1035 1731 1106 1769 hoc
1124 1744 1253 1768 secum
1273 1738 1449 1781 reputare
1469 1739 1733 1782 argumentum

295 1806 316 1830 a
336 1793 558 1844 probalitate
579 1793 734 1830 ductum
756 1806 815 1831 me
834 1793 1037 1831 sublevans
1055 1807 1063 1830 :
1093 1793 1131 1829 in
1152 1792 1329 1843 parandis
1358 1793 1502 1830 insidiis
1529 1801 1734 1832 consenta-

295 1867 406 1892 neum
427 1861 484 1891 est
503 1867 561 1891 me
582 1855 825 1891 securitatem
847 1861 885 1891 et
904 1854 1115 1891 cautionem
1143 1860 1315 1891 secutum
1345 1867 1450 1897 esse:
1479 1867 1592 1904 quam
1622 1856 1652 1893 si
1673 1869 1734 1894 se-

294 1923 405 1954 cutus
426 1929 521 1961 snm,
543 1916 661 1953 multo
689 1923 749 1953 est
778 1915 1042 1958 verosimilius,
1069 1928 1127 1952 me
1156 1916 1313 1959 cavisse,
1336 1922 1376 1952 ut
1397 1929 1419 1952 a
1437 1915 1553 1953 caedis
1574 1929 1734 1954 exsecu-

294 1978 395 2015 tione
415 1978 601 2021 abessem,
624 1990 737 2027 quam
768 1985 809 2014 ut
830 1977 1064 2020 interessem,
1086 1990 1207 2028 eoque
1237 1990 1296 2014 me
1316 1976 1409 2014 meis
1429 1976 1549 2014 oculis
1569 1977 1618 2014 de
1637 1978 1732 2016 veri-

294 2046 371 2076 tate
387 2038 502 2076 caedis
517 2046 660 2075 certum
683 2038 890 2076 redderem.
950 2038 1062 2088 Nego
1094 2050 1204 2088 porro
1239 2037 1326 2081 hoc,
1360 2050 1434 2087 quo
1463 2050 1566 2075 nunc
1585 2046 1733 2086 teneor,

293 2100 450 2136 actionis
467 2100 625 2136 forensis
655 2099 702 2136 de
723 2099 928 2137 homicidio
946 2099 1146 2136 discrimen
1170 2099 1258 2136 milii
1280 2099 1402 2135 visum
1431 2098 1548 2136 fuisse
1575 2100 1731 2150 expedi-

293 2161 368 2197 tius
388 2167 501 2210 atque
532 2162 664 2205 tutius,
687 2167 798 2210 atque
829 2160 986 2197 alterum
1016 2159 1118 2196 istud
1148 2158 1196 2196 de
1230 2159 1453 2208 sacrilegio;
1483 2166 1615 2196 contra
1642 2173 1732 2198 vero

293 2225 351 2262 aio
369 2237 443 2270 me,
462 2224 584 2261 sinon
601 2225 711 2274 plane
733 2223 893 2273 desipui,
915 2223 1017 2272 prius
1037 2222 1131 2260 illud
1147 2222 1273 2259 multis
1294 2221 1416 2258 modis
1432 2221 1586 2259 duxisse
1605 2222 1732 2260 formi-

292 2285 466 2330 dabilius,
487 2298 599 2335 quam
632 2285 704 2322 hoc
739 2284 952 2333 posterius:
983 2283 1019 2320 id
1055 2283 1159 2332 quod
1196 2296 1298 2320 nunc
1332 2282 1633 2320 demonstratum
1667 2296 1728 2323 eo.

293 2347 391 2384 Nam
412 2346 439 2383 si
461 2358 575 2383 causa
591 2345 777 2394 sacrilegii
807 2344 994 2387 caderem,
1024 2343 1191 2381 futurum
1220 2349 1300 2380 erat
1332 2350 1374 2380 ut
1399 2343 1560 2382 fortunis
1585 2344 1728 2382 solum-

291 2408 404 2445 modo
425 2406 624 2444 mulctarer
644 2420 653 2452 ;
679 2407 742 2456 jus
762 2405 922 2443 civitatis
939 2412 976 2442 et
991 2405 1160 2456 spiritum
1180 2405 1270 2442 milii
1283 2418 1394 2442 nemo
1410 2412 1490 2442 erat
1506 2413 1728 2457 erepturus;

294 2469 399 2507 salva
423 2474 547 2506 autem
570 2468 646 2505 vita
666 2467 754 2504 milii
775 2467 918 2511 relicta,
937 2466 1085 2503 etiamsi
1113 2479 1230 2503 causa
1256 2466 1478 2505 cecidissem
1499 2474 1538 2505 et
1555 2467 1728 2506 fortunas

288 2542 419 2568 omnes
433 2529 655 2574 amisissem,
671 2541 746 2565 non
766 2535 892 2565 tamen
904 2527 989 2565 ideo
1005 2527 1160 2565 fuissem
1174 2527 1222 2564 ad
1234 2526 1420 2565 extremas
1436 2528 1568 2566 incitas
1584 2529 1728 2567 deven-

289 2600 407 2636 turus,
426 2591 515 2641 quia
536 2591 627 2627 satis
647 2596 729 2627 erat
747 2590 967 2634 amicorum,
989 2589 1052 2639 qui
1072 2589 1168 2639 stipe
1184 2589 1390 2626 collectitia
1403 2589 1493 2626 mihi
1512 2591 1728 2628 necessaria

289 2653 467 2690 alimenta
485 2651 676 2702 praebituri
695 2651 931 2688 viderentur:
962 2650 1151 2688 homicidii
1167 2658 1292 2687 autem
1311 2650 1346 2687 in
1366 2663 1483 2687 causa
1501 2651 1571 2688 hac
1586 2652 1725 2689 victum

292 2726 348 2749 me
377 2725 552 2763 quaenam
585 2711 817 2749 manebant?
846 2711 1074 2762 supplicium
1113 2711 1239 2749 mortis
1269 2718 1413 2748 certum
1441 2718 1479 2749 et
1496 2712 1726 2758 inevitabile,

292 2783 472 2825 praeterea
499 2775 704 2824 ignominia
736 2774 890 2811 nefandi
923 2773 1075 2811 sceleris
1098 2787 1210 2824 quam
1243 2773 1371 2811 liberis
1401 2786 1469 2824 pro
1497 2775 1724 2824 patrimonio

289 2849 390 2873 eram
412 2835 636 2878 relicturus;
668 2842 734 2873 ant
752 2836 783 2873 si
802 2836 896 2885 fuga
917 2836 1047 2872 mortis
1077 2835 1300 2885 supplicium
1322 2835 1578 2885 praevenirem,
1598 2837 1726 2875 forent

287 2907 410 2935 tamen
433 2896 533 2941 mihi,
552 2898 692 2935 homini
725 2897 805 2935 seni
839 2903 878 2934 et
909 2897 1061 2942 extorri,
1093 2903 1231 2947 praeter
1265 2896 1438 2934 exsilium
1468 2897 1723 2936 mendicitatis

288 2958 470 2995 molestiae
503 2965 613 3006 atque
644 2958 831 2996 dedecora
858 2958 1072 2996 toleranda.
1129 2957 1291 2995 Planum
1317 2958 1444 3008 itaque
1470 2959 1555 3004 feci,
1577 2959 1721 2996 nullam

285 3018 585 3056 criminationum
617 3020 662 3056 ab
699 3026 918 3058 accusatore
953 3020 989 3056 in
1017 3032 1076 3056 me
1109 3019 1329 3057 intortarum
1363 3032 1447 3057 esse
1477 3019 1719 3058 credibilem:
