1822 3219
588 159 658 196 DE
687 156 987 195 MYSTERIIS.
1450 150 1500 187 93

72 257 170 314 turpi
189 263 320 301 mortis
350 276 488 315 genere
514 270 553 303 et
571 273 717 301 summa
743 271 831 298 cum
855 257 1010 295 infamia
1038 256 1130 293 mihi
1150 262 1232 293 erat
1251 253 1501 298 moriendum,

69 336 138 374 pro
161 324 360 374 sacrilego,
385 324 536 362 tametsi
561 321 797 372 sacrilegium
826 318 975 356 nullum
1002 315 1296 358 commisissem;
1327 322 1407 352 tum
1432 315 1503 351 im-

70 385 200 436 pedire
220 400 296 424 non
328 387 549 438 potuissem,
573 383 777 436 quominus
796 389 906 432 pater
924 379 1060 431 periret
1079 385 1119 415 et
1137 377 1274 415 sororis
1289 377 1445 414 maritus
1465 382 1506 412 et

70 446 205 497 reliqui
223 447 376 498 cognati
389 454 427 485 et
445 454 501 484 tot
519 457 676 484 numero
694 441 927 487 consobrini,
946 453 1042 492 quos
1063 452 1194 477 omnes
1208 451 1306 475 unus
1326 450 1398 487 ego
1419 450 1504 487 pes-

73 508 351 546 sumdedissem
370 508 518 545 silentio
537 519 636 552 meo,
652 505 778 543 aliena
797 503 954 542 crimina
966 501 1129 540 celante.
1167 500 1275 544 Quos
1294 499 1395 536 enim
1413 498 1507 535 Dio·

73 569 182 607 clidis
203 569 442 608 mendacium
460 569 498 605 in
525 579 715 605 carcerem
735 566 964 616 conjecerat,
985 576 1049 601 eos
1075 561 1164 599 inde
1184 560 1368 599 liberandi
1395 567 1507 609 atque

75 630 298 668 extrahendi
319 629 424 668 nulla
442 630 597 680 patebat
615 628 690 666 alia
710 628 783 674 via,
803 634 1057 677 praeterquam
1077 624 1175 668 haec,
1192 630 1236 660 ut
1253 621 1509 659 Athenienses

76 698 193 730 totam
214 704 291 728 rem
312 704 358 728 ex
375 690 508 729 ordine
527 697 571 728 ut
584 703 671 728 vere
686 697 795 739 gesta
812 688 952 725 fuisset
970 700 1016 725 ex
1028 699 1087 723 me
1101 684 1376 735 intelligerent:
1407 682 1510 733 quod

78 753 108 790 si
137 765 242 802 ergo,
261 765 348 802 quae
368 752 440 789 hac
460 752 508 800 de
535 764 575 789 re
596 750 729 788 auditu
756 755 951 799 comperta
976 747 1168 791 haberem,
1188 758 1234 782 ea
1259 743 1510 788 reticuissem,

75 813 199 851 factus
213 813 371 851 fuissem
384 813 613 863 illorumque
629 811 834 855 homicida,
847 816 885 847 et
899 816 1157 847 trecentorum
1173 814 1359 858 praeterea
1373 805 1512 843 civium

76 873 377 919 Atheniensium,
394 881 433 913 et
452 874 586 911 civitas
607 873 719 910 malis
739 885 864 909 mersa
882 871 1017 908 fuisset
1032 868 1355 907 ineluctabilibus.
1410 867 1512 905 Haec

76 935 307 981 evenissent,
328 935 359 973 si
376 935 603 973 tacuissem:
633 933 862 985 exponendo
883 939 1011 970 autem
1025 944 1104 970 rem
1123 938 1165 968 ut
1183 943 1271 967 vere
1292 936 1373 967 erat
1393 935 1513 978 gesta,

77 997 341 1046 consequebar
368 996 489 1042 istaec,
511 1003 554 1034 ut
577 1003 616 1034 et
638 996 718 1046 ipse
739 995 867 1032 salvus
888 994 1042 1038 abirem,
1064 1000 1104 1030 et
1128 992 1225 1043 patri
1246 991 1408 1028 salutem
1427 989 1514 1027 red-

79 1057 208 1095 derem
223 1059 447 1108 caeterisque
465 1057 703 1102 necessariis,
716 1063 755 1094 et
772 1056 964 1093 civitatem
977 1053 1185 1091 terroribus
1200 1052 1386 1102 malisque
1401 1057 1516 1089 teter-

78 1118 180 1156 rimis
205 1119 402 1170 eriperem.
457 1120 510 1156 At
537 1126 700 1169 quatuor
723 1126 848 1155 tamen
876 1117 963 1153 viris
983 1129 1005 1154 a
1024 1128 1107 1152 meo
1134 1114 1274 1152 indicio
1301 1120 1383 1150 erat
1403 1126 1516 1150 exsu-

80 1181 255 1224 landum;
286 1189 325 1220 at
350 1182 403 1219 illi
431 1181 553 1219 meriti
583 1181 682 1219 hanc
711 1193 862 1231 poenam
890 1185 998 1217 erant
1023 1177 1258 1219 criminibus,
1290 1189 1378 1226 quae
1411 1188 1517 1213 com-

82 1243 284 1280 miserant:
317 1243 448 1293 reliqui
469 1255 491 1279 a
509 1255 568 1279 me
588 1241 756 1285 indicati,
779 1254 802 1278 a
827 1241 974 1278 Teucro
993 1251 1145 1289 quoque
1160 1237 1241 1288 jam
1261 1237 1408 1274 dudum
1427 1244 1518 1274 ante

81 1304 229 1341 fuerant
248 1303 424 1348 indicam
456 1311 510 1349 ut,
531 1302 596 1353 qui
617 1303 688 1340 hoc
709 1316 729 1340 e
744 1314 904 1339 numero
924 1308 991 1338 aut
1009 1307 1132 1337 morte
1151 1298 1324 1336 mulctati
1345 1305 1435 1335 sunt
1454 1304 1521 1335 aut

81 1363 118 1401 in
143 1364 317 1402 exsilium
346 1364 483 1410 ierunt,
512 1364 694 1402 censendi
723 1364 810 1408 sint,
837 1375 913 1399 non
946 1361 1068 1412 magis
1088 1361 1136 1398 ob
1167 1373 1307 1405 meum,
1328 1372 1443 1410 quam
1469 1359 1518 1397 ob

80 1425 215 1463 Teucri
236 1425 428 1471 indicium,
444 1426 544 1463 hanc
563 1420 716 1463 illamve
736 1437 888 1475 poenam
909 1423 1105 1461 tolerasse.
1163 1421 1258 1459 Haee
1280 1422 1408 1472 itaque
1427 1434 1520 1471 pen-

82 1487 202 1525 sitans
233 1499 319 1536 ego,
347 1487 428 1532 viri,
458 1494 572 1538 atque
605 1487 702 1524 inter
731 1499 772 1524 se
793 1498 1031 1535 comparans,
1054 1483 1243 1521 malorum
1273 1482 1519 1534 praesentium

82 1548 319 1586 inveniebam
340 1547 589 1593 levissimum,
611 1554 786 1597 utquam
814 1545 994 1584 citissime
1015 1558 1093 1583 rem
1120 1552 1162 1582 ut
1190 1551 1301 1594 gesta
1327 1551 1431 1582 esset
1456 1557 1520 1582 ex-

85 1622 267 1659 ponerem
297 1616 336 1646 et
361 1609 562 1646 mendacia
591 1608 777 1646 Dioclidis
805 1620 1065 1658 coarguerem,
1092 1619 1214 1656 eoque
1245 1606 1438 1644 inimicum
1463 1606 1522 1643 ul-

85 1670 260 1716 ciscerer,
280 1671 344 1720 qui
374 1684 444 1708 nos
472 1670 626 1720 quidem
648 1669 936 1720 pessumdatum
959 1669 1042 1713 iret,
1068 1669 1260 1705 civitatem
1290 1675 1420 1705 autem
1449 1668 1522 1706 cir-

85 1739 346 1777 cumventum,
362 1731 423 1770 cui
444 1732 498 1769 sic
516 1732 706 1777 illuderet,
727 1738 783 1776 ut,
803 1744 918 1781 quam
937 1730 1202 1778 labefactaret,
1219 1731 1265 1768 ab
1286 1742 1331 1767 ea
1350 1743 1523 1768 summus

84 1800 266 1843 euergeta
290 1793 493 1830 haberetur
514 1793 755 1844 praemiisque
779 1792 1053 1830 cumularetur.
1110 1791 1312 1829 Professus
1333 1791 1462 1842 itaque
1485 1791 1523 1828 in

87 1861 222 1891 senatu
242 1867 325 1891 sum
352 1866 410 1890 me
431 1854 525 1891 scire
553 1854 708 1892 sceleris
741 1862 931 1898 auctores,
959 1860 998 1891 et
1023 1854 1180 1904 exposui
1206 1853 1309 1890 facta
1333 1853 1524 1903 fidemque

86 1928 182 1952 meae
207 1915 431 1966 expositioni
451 1915 651 1953 afferendis
682 1916 914 1966 argumentis
935 1914 1091 1957 addidi;
1124 1914 1435 1964 compotantibus
1465 1915 1521 1951 ni-

89 1976 224 2013 mirum
242 1973 446 2026 aliquando
472 1977 580 2014 nobis
609 1977 854 2028 Euphiletum
881 1984 1076 2014 auctorem
1102 1975 1248 2013 consilii
1270 1976 1413 2013 factum
1441 1989 1525 2014 esse

90 2038 138 2076 de
154 2038 305 2077 Hermis
325 2039 561 2085 mutilandis,
574 2053 633 2077 me
651 2046 776 2077 autem
791 2039 1068 2077 intercessisse:
1099 2051 1175 2075 rem
1192 2037 1322 2087 itaque
1341 2045 1419 2075 tum
1441 2039 1525 2089 qui-

89 2102 175 2139 dem
196 2102 374 2139 omissam
393 2102 508 2140 fuisse
528 2103 576 2139 ob
596 2101 906 2139 intercessionem
928 2114 1071 2144 meam;
1102 2107 1276 2151 tempore
1292 2108 1379 2151 post
1399 2107 1526 2139 autem

87 2163 187 2201 idem
210 2163 259 2201 ad
288 2163 447 2201 eandem
469 2177 549 2201 rem
570 2164 850 2214 exsequendam
872 2164 1044 2201 absentia
1063 2175 1147 2200 mea
1173 2163 1312 2199 abusus
1333 2170 1417 2201 est:
1447 2170 1529 2201 erat

90 2238 226 2276 nempe
241 2225 330 2262 mihi
345 2225 550 2275 equuleus;
581 2225 619 2263 in
635 2225 738 2263 hunc
757 2238 830 2276 ego
850 2226 887 2263 in
908 2225 1129 2276 Cynosarge
1146 2224 1375 2261 inscendere
1393 2224 1529 2263 volens

89 2288 244 2326 labebar
262 2295 302 2326 et
320 2287 545 2326 claviculam
572 2288 860 2339 confringebam
881 2295 921 2325 et
941 2289 1203 2325 contusionem
1221 2287 1258 2324 in
1285 2287 1410 2338 capite
1429 2288 1529 2326 acci-

89 2349 253 2400 piebam,
284 2357 327 2387 ut
357 2362 517 2387 necesse
546 2356 646 2388 esset
675 2363 735 2388 me
767 2349 915 2388 lecticae
945 2349 1162 2399 impositum
1198 2348 1361 2399 pedibus
1394 2348 1528 2388 alienis

90 2411 245 2448 domum
273 2410 424 2454 referri;
465 2411 693 2461 Euphiletus
722 2411 787 2457 ibi,
815 2410 981 2448 sentiens
1009 2423 1067 2447 me
1097 2410 1146 2447 ad
1173 2417 1295 2447 coetus
1320 2420 1527 2449 consuetos

91 2488 166 2512 non
187 2474 349 2524 amplius
378 2473 580 2511 convenire
603 2487 730 2524 posse,
757 2473 1014 2524 persuadebat
1045 2471 1199 2522 reliquis
1231 2472 1529 2524 compotoribus,

91 2537 141 2574 ad
159 2535 465 2588 participandum
481 2536 629 2572 facinus
646 2549 704 2573 me
719 2548 871 2586 quoque
886 2535 1045 2572 tandem
1065 2535 1235 2572 oratione
1252 2548 1322 2572 sua
1342 2547 1426 2572 esse
1442 2546 1529 2583 per-

92 2606 249 2644 motum,
264 2597 455 2648 fidemque
474 2597 544 2635 sibi
564 2597 814 2649 despondisse
831 2597 878 2635 de
897 2610 1012 2648 opera
1031 2597 1220 2641 navanda,
1239 2595 1459 2633 nominatim
1481 2595 1530 2633 de

91 2657 156 2695 illo
174 2658 328 2704 Herma,
347 2658 412 2709 qui
426 2666 485 2696 est
499 2658 547 2696 ad
561 2659 690 2696 fanum
705 2658 947 2703 Phorbantis,
966 2657 1180 2695 truncando
1196 2656 1399 2706 recepisse.
1429 2657 1528 2699 Quae

96 2719 222 2757 omnia
244 2721 467 2771 Euphiletus
497 2720 764 2766 mentiebatur,
791 2720 838 2758 de
871 2733 941 2758 suo
967 2726 1219 2763 commentus,
1243 2731 1319 2768 quo
1344 2717 1437 2769 ipsis
1461 2718 1530 2757 im-

96 2787 278 2831 poneret:
317 2795 392 2831 quo
421 2782 563 2820 factum
590 2788 662 2826 est,
691 2790 735 2820 ut
764 2782 1004 2826 Hermai-um,
1026 2787 1214 2831 quotquot
1239 2780 1400 2817 Athenis
1428 2788 1532 2826 sunt,

96 2841 263 2880 omnium
279 2855 378 2880 unus
396 2843 459 2881 ille
479 2844 583 2882 solus
609 2857 685 2881 non
708 2843 956 2889 mutilaretur,
977 2843 1057 2893 qui,
1074 2855 1095 2879 a
1115 2842 1214 2879 tribu
1244 2842 1403 2892 AEgeide
1423 2842 1532 2880 dedi-

96 2910 218 2948 catus,
247 2915 361 2953 prope
380 2903 531 2942 domum
552 2912 720 2943 nostram
749 2913 945 2955 paternam
968 2903 1185 2952 avitamque
1208 2909 1285 2940 stat
1297 2909 1335 2942 et
1355 2910 1531 2954 superest
