1822 3219
553 159 624 196 DE
653 157 817 197 CAEDE
848 157 1109 195 HERODIS.
1492 156 1543 193 45

100 257 306 297 testimonii
343 258 615 309 praestiturum,
649 269 724 308 quo
756 269 851 306 ergo
891 255 1135 305 opprimerer,
1193 254 1346 292 Deinde
1375 266 1469 301 non,
1500 260 1544 292 ut

101 318 221 356 fidens
240 331 358 356 causa
377 325 459 362 tua,
480 325 671 356 certamen
691 317 766 354 hoc
787 316 837 353 de
860 315 1017 365 negotio
1037 314 1279 352 solummodo
1299 327 1418 352 unum
1444 314 1546 351 insti-

101 379 218 424 tuisti,
239 393 314 430 quo
334 380 440 417 finito
462 386 542 416 tota
561 378 608 415 lis
627 377 935 427 irrefragabiliter
968 383 1071 414 esset
1089 376 1129 413 in
1149 383 1371 426 perpetuum
1402 375 1546 422 decisa,

101 441 171 479 sed
187 441 454 478 controversiae
474 448 587 489 atque
605 436 853 488 subterfugiis
880 438 1009 474 locum
1043 435 1231 486 reliquisti
1261 449 1441 481 vacuum,
1467 448 1544 486 quo

94 501 177 552 jam
195 514 297 539 nunc
315 500 456 551 prodis,
478 507 529 546 te,
548 511 638 536 cum
667 512 727 536 res
759 499 808 537 ad
837 498 1085 549 posteriorem
1115 496 1304 533 actionem
1335 496 1546 541 devenerit,

100 575 230 600 eorum
252 574 418 612 quoque,
437 560 502 610 qui
521 567 601 597 tum
622 559 828 604 sedebunt,
849 559 1025 608 judicum
1057 557 1326 596 auctoritatem
1359 570 1445 594 esse
1477 556 1547 594 de·

101 628 360 667 trectaturum‚
381 621 491 670 eique
512 620 782 671 exceptionum
812 625 850 656 et
882 618 1164 656 cavillationum
1193 617 1324 655 nescio
1354 616 1447 667 quid
1478 629 1547 667 op-

100 685 323 734 positurum.
380 683 467 726 Quo
485 683 540 729 fit,
559 689 601 720 ut
621 682 697 720 sive
717 682 876 719 damner
897 694 919 718 a
939 682 1047 718 vobis
1069 680 1147 718 sive
1179 680 1370 726 absolvar,
1390 677 1548 729 perinde

101 744 170 781 sim
190 743 319 792 iniquo
337 742 423 780 loco
445 742 595 779 futurus
613 755 622 779 ε
652 754 740 778 nam
761 740 793 777 si
821 754 924 778 nunc
956 740 1144 786 absolvar,
1164 740 1280 784 dicet,
1301 751 1361 776 me
1391 737 1547 776 crimine

102 803 275 841 maleficii
293 803 462 853 quidem,
483 809 522 840 at
539 810 608 839 not
625 802 715 839 item
735 801 926 838 homicidii
944 814 1031 839 esse
1059 800 1273 839 absolutum
1293 813 1303 842 ;
1333 799 1392 836 sin
1420 804 1546 836 autem

102 864 380 902 condemnatus
417 863 541 908 fuero,
577 862 803 913 postulabit,
834 868 874 898 ut
906 861 1074 906 occidar,
1103 860 1209 898 velut
1236 858 1429 896 homicidii
1460 871 1548 896 reus

101 931 295 976 peractus.
350 923 469 973 Atqui
489 936 578 971 quae
596 922 744 973 possint
769 922 852 959 aliae
875 921 1061 959 machinae
1093 920 1339 970 malignitatis
1377 913 1549 957 tetriores

102 992 143 1023 et
158 985 414 1023 horribiliores
433 997 532 1029 esse,
559 996 673 1033 quam
693 982 725 1020 si
755 995 823 1020 vos
843 982 997 1032 quidem
1013 982 1130 1020 semel
1150 981 1255 1019 hisce
1273 981 1446 1032 persuasi
1465 994 1551 1031 quae

101 1045 215 1083 vultis
247 1045 417 1083 assecuti
444 1045 607 1089 fueritis,
626 1057 686 1081 me
713 1056 803 1081 vero
822 1043 940 1081 semel
963 1043 1179 1080 absolutum
1199 1055 1329 1079 rursus
1349 1042 1449 1079 idem
1471 1041 1549 1079 dis-

102 1108 245 1145 crimen
265 1106 539 1145 remetiendum
557 1105 736 1143 maneat?
767 1105 898 1156 [hujus
915 1112 1044 1142 autem
1062 1104 1179 1141 liceat
1194 1102 1412 1153 petulantiae
1427 1102 1551 1141 modis

103 1168 313 1206 vexationis
331 1174 371 1205 et
390 1166 633 1205 contumeliae
653 1165 829 1203 omnibus
859 1165 897 1202 in
930 1177 1001 1202 nos
1035 1163 1262 1201 debacchari
1276 1163 1311 1211 2]
1357 1162 1552 1200 Praeterea

103 1229 141 1265 iu
162 1241 210 1266 eo
229 1241 397 1278 quoque,
410 1227 579 1278 judices,
598 1225 822 1276 gravissima
841 1225 930 1262 mihi
953 1226 1057 1262 facta
1076 1230 1136 1261 est
1154 1224 1289 1273 injuria
1307 1230 1346 1261 et
1364 1223 1412 1260 ab
1432 1223 1551 1273 aequi-

104 1296 182 1327 tate
210 1289 307 1339 juris
327 1288 448 1325 civilis
482 1287 831 1330 abhorrentissima,
862 1286 967 1335 quod
998 1284 1182 1323 custodite
1211 1284 1416 1322 mandatus
1452 1296 1552 1331 sum,

103 1350 253 1387 tametsi
274 1356 350 1386 tres
370 1349 503 1385 sistere
524 1347 640 1384 vades
660 1354 816 1397 paratus
837 1359 987 1390 essem3
1018 1346 1056 1384 id
1077 1346 1179 1393 quod
1211 1346 1339 1383 facere
1360 1357 1424 1396 per
1443 1344 1550 1395 leges

103 1410 241 1460 cuique
278 1410 391 1447 licet:
421 1409 459 1445 hi
489 1421 580 1447 vero
612 1409 691 1446 suis
730 1407 926 1446 malitiosis
965 1408 1108 1446 artibus
1145 1407 1369 1452 effecerunt,
1407 1413 1450 1444 ut
1486 1407 1551 1445 illa

104 1473 262 1523 sponsio
281 1484 365 1509 mea
386 1472 659 1522 repudiaretur.
713 1471 832 1521 Atqui
862 1471 1084 1521 peregrinus
1113 1469 1243 1507 nullus
1273 1481 1444 1520 unquam
1477 1469 1551 1506 hae

102 1534 140 1571 in
171 1535 263 1571 urbe
293 1533 479 1570 custodiae
513 1532 717 1569 mandatus
747 1538 818 1576 est,
838 1532 904 1581 qui
924 1538 1002 1569 tres
1019 1531 1136 1569 vades
1164 1531 1417 1581 praestitisset.
1473 1529 1552 1580 Ipsi

105 1596 202 1634 adeo
239 1596 500 1633 maleficorum
536 1596 773 1646 inspectores
811 1594 885 1633 hoc
916 1608 1021 1633 more
1053 1600 1222 1631 utuntur.
1280 1594 1375 1631 Mihi
1396 1605 1485 1632 vero
1519 1593 1552 1630 is

106 1656 176 1694 soli
215 1657 265 1694 nil
301 1657 464 1707 profuit:
496 1657 534 1693 in
569 1669 628 1693 me
659 1655 772 1692 desiit
803 1655 952 1693 validus
983 1661 1023 1692 et
1061 1653 1238 1691 salutaris
1272 1665 1370 1691 esse.
1426 1652 1554 1690 Eccur

104 1717 292 1754 tandem?
348 1718 417 1754 His
449 1729 583 1766 nempe
617 1716 866 1767 expediebat,
884 1716 1047 1766 primum
1077 1714 1247 1765 quidem,
1279 1727 1340 1751 me
1372 1714 1552 1764 occupari

105 1791 218 1827 quam
240 1778 590 1828 imparatissimurn‚
608 1784 813 1827 antequam
834 1776 990 1826 negotia
1008 1788 1094 1813 mea
1112 1775 1301 1813 conficere
1320 1774 1554 1825 potuissem3

106 1838 248 1876 deinde
265 1851 405 1887 corpus
434 1838 525 1874 mihi
545 1850 567 1874 a
584 1838 746 1876 carceris
765 1837 950 1875 molestiis
982 1837 1271 1882 contabescere,
1291 1843 1370 1874 tum
1407 1835 1552 1873 amicos

107 1911 224 1945 meos,
244 1912 266 1936 a
286 1899 380 1935 meis
400 1898 571 1949 partibus
592 1898 826 1936 abalienatos
847 1905 886 1935 et
914 1898 953 1935 in
979 1903 1105 1948 partes
1137 1897 1308 1948 ipsorum
1338 1895 1552 1940 traductos,

107 1959 356 2010 promptiores
375 1959 483 1996 reddi
513 1959 563 1996 ad
594 1957 692 1996 falsa
724 1965 859 1997 contra
884 1970 944 1995 me
975 1957 1209 2002 testandum,
1240 1969 1357 2007 quam
1388 1956 1437 1993 ad
1466 1969 1554 1993 vera

106 2033 174 2070 pro
195 2033 267 2065 me,
287 2019 457 2057 videntes
478 2032 618 2069 corpus
638 2019 793 2065 morbis,
813 2031 986 2063 moerore,
1014 2025 1052 2055 et
1081 2018 1259 2068 squalore
1280 2016 1443 2054 carceris
1465 2030 1554 2053 ene-

107 2087 211 2118 ctum
232 2080 348 2117 citum
368 2079 460 2116 mihi
490 2079 604 2116 finem
635 2079 782 2123 minari,
808 2091 933 2128 neque
968 2079 1040 2114 sibi
1070 2078 1127 2115 sic
1159 2077 1369 2114 verendum
1388 2089 1487 2122 esse,
1507 2089 1555 2113 ne

105 2140 270 2178 libertati
283 2147 320 2178 et
332 2152 525 2191 prosperae
541 2139 754 2176 valetudini
773 2139 947 2175 redditus
967 2137 1137 2187 ipsorum
1153 2136 1355 2174 mendacia
1372 2136 1556 2186 detegam

106 2208 146 2239 et
163 2200 341 2239 ulciscar.
397 2199 579 2246 Denique
599 2199 806 2250 sperabant
825 2197 967 2235 inimici
996 2197 1069 2234 mei
1100 2197 1285 2241 futurum,
1314 2202 1359 2234 ut
1387 2196 1556 2247 mihique

105 2262 177 2313 ipsi
196 2262 367 2311 meisque
387 2260 611 2299 necessariis
641 2259 811 2298 dedecus
831 2259 1106 2309 adspergerent
1124 2271 1192 2309 per
1210 2270 1364 2296 omnem
1383 2265 1554 2296 nostram

108 2323 292 2374 reliquam
320 2323 434 2360 vitam
465 2321 570 2359 nobis
598 2321 843 2359 inhaesurum.
902 2320 1062 2358 Factum
1082 2325 1143 2357 est
1161 2318 1235 2357 hoc
1254 2318 1383 2365 modo,
1405 2325 1448 2356 ut
1467 2331 1556 2369 ego,

107 2397 220 2435 quem
241 2384 368 2434 legum
388 2389 601 2421 vestrarum
615 2384 713 2429 bene
733 2381 862 2420 multae
883 2380 1138 2419 absolvissent
1152 2388 1192 2419 et
1206 2380 1377 2432 periculo
1393 2379 1553 2431 eripuis-

109 2453 206 2492 sent,
221 2446 251 2483 si
266 2444 478 2483 secundum
493 2444 621 2494 legum
638 2443 904 2495 praescriptum
925 2443 962 2480 in
978 2442 1051 2479 hac
1067 2454 1186 2480 causa
1203 2454 1426 2492 processum
1440 2447 1556 2485 esset,

106 2513 236 2545 tamen
256 2507 293 2544 in
312 2506 387 2543 hoc
410 2505 613 2543 discrimen
633 2504 864 2555 conjiceret:
894 2509 1156 2542 verumtamen
1177 2503 1235 2541 vel
1255 2515 1302 2540 ex
1322 2502 1379 2539 his
1399 2512 1555 2550 quoque

108 2567 202 2618 ipsis
230 2567 389 2605 salebris
410 2579 467 2603 me
486 2565 660 2603 evolvere
685 2565 853 2603 conabor
883 2576 1082 2614 meamque
1100 2561 1360 2601 innocentiam
1381 2560 1554 2598 declara-

111 2635 187 2664 tam
208 2628 311 2665 dare.
369 2627 602 2676 Quanquam
621 2624 772 2663 difficile
801 2631 872 2670 est,
893 2624 1095 2663 mendacia
1115 2638 1134 2661 e
1155 2624 1368 2673 longinquo
1392 2627 1557 2659 consuta

112 2686 334 2737 callidisque
350 2687 541 2724 diuturnae
556 2685 814 2723 meditationis
826 2684 1050 2723 commentis
1068 2690 1290 2734 comparata
1306 2681 1433 2719 subito
1448 2692 1556 2718 ever-

111 2753 216 2783 tere:
246 2760 333 2784 nam
353 2759 439 2795 quae
459 2755 499 2785 tu
519 2747 642 2784 minus
663 2746 960 2797 exspectaveris,
979 2758 1024 2783 ea
1041 2756 1259 2796 praecavere
1276 2748 1458 2792 negatum
1479 2747 1553 2779 est.

114 2806 226 2845 Dabo
246 2814 372 2846 tamen
391 2821 561 2860 operam,
579 2814 622 2845 ut
647 2806 749 2845 fideli
769 2813 807 2844 et
829 2806 991 2857 simplici
1017 2805 1069 2843 rei
1091 2810 1208 2855 gestae
1229 2801 1467 2840 enarratione
1488 2813 1555 2838 vos

111 2868 149 2906 in
171 2879 248 2907 rem
268 2868 384 2907 veluti
404 2875 631 2920 praesentem
648 2868 787 2907 ducam
809 2867 1032 2917 nudumque
1051 2865 1153 2903 latus
1169 2862 1356 2901 mendacii
1373 2860 1552 2914 aperiam.
