1822 3219
535 136 760 178 CONTRA
789 134 1141 172 ALCIBIADEM.
1487 134 1559 169 143

129 236 194 287 qui
211 248 271 280 ea,
287 236 433 273 etiamsi
453 236 554 282 velit,
569 248 637 287 pro
657 235 841 285 dignitate
863 235 927 280 rei,
947 234 1118 272 oratione
1139 241 1268 271 notare
1294 241 1408 284 atque
1433 234 1563 285 exagi-

129 305 207 335 tare
229 297 369 334 valeat.

185 359 245 394 13.
277 358 328 396 Et
351 358 474 408 legem
501 358 600 395 hanc
627 357 860 395 testulariam
889 358 953 407 qui
979 356 1080 401 tulit,
1103 356 1166 393 ille
1193 355 1282 392 mihi
1307 355 1453 393 videtur
1478 369 1561 393 eam

127 418 274 464 tulisse,
289 432 355 458 eos
377 419 426 457 ad
445 419 544 456 cives
565 419 785 468 respiciens,
802 411 873 468 qui'
886 418 1055 469 potentia
1071 423 1109 454 et
1123 416 1345 454 auctoritate
1361 429 1429 453 sua
1444 417 1575 466 magis

127 487 269 518 stratus
303 480 484 531 legesque
519 486 771 530 praegravant,
801 487 840 517 et
872 480 961 530 quia
994 491 1263 530 oppressorum
1300 477 1563 527 unusquisque

130 541 323 592 sigillatim
343 541 390 579 ab
410 539 593 591 ejusmodi
614 541 914 591 praepotentibus
930 541 1074 578 civibus
1091 553 1222 590 poenas
1236 546 1404 589 repetere
1420 538 1564 588 nequit,

128 602 217 640 ideo
238 603 320 653 lege
339 603 410 640 hac
431 602 588 640 ferenda
615 615 763 652 poenam
794 603 1035 640 constituisse
1064 603 1111 639 ab
1139 601 1316 638 universa
1343 600 1492 638 civitate
1522 600 1566 637 iis

128 663 472 714 irrogandam,qua
492 663 620 701 danda
641 664 839 701 satisfieret
854 663 1025 714 injuriam
1046 663 1192 714 passis:
1222 669 1259 700 et
1279 662 1317 698 in
1336 661 1408 698 hoc
1428 660 1566 698 civium

128 725 417 775 praepotentium
446 738 604 762 numero
629 725 846 762 Alcibiades
876 725 1029 775 quidem
1055 731 1127 768 est,
1149 737 1222 774 ego
1250 736 1338 761 vero
1367 735 1440 759 non
1470 735 1565 759 sum.

129 787 273 827 Quater
292 786 390 823 enirn
410 799 544 837 passus
566 800 648 824 sum
668 786 739 824 hoc
761 788 807 823 de
830 800 886 823 me
909 786 1033 824 haberi
1048 785 1234 836 judicium
1253 785 1291 822 in
1307 784 1475 836 publico,
1493 797 1569 834 quo

128 846 266 896 cuique
284 854 323 884 et
342 847 550 885 accusandi
572 854 610 885 et
628 848 807 885 audiendi
826 861 917 898 ergo
947 848 1131 885 accedere
1158 846 1312 889 liceret;
1343 854 1382 883 et
1405 845 1569 896 privatas

129 907 160 945 si
179 907 264 958 quis
284 921 450 958 unquam
472 909 520 946 ob
540 908 768 947 offensiones
784 922 931 946 mecum
950 907 1110 959 experiri
1125 909 1210 958 jure
1227 907 1358 952 voluit,
1374 919 1569 956 nunquam

129 969 331 1020 impedivi;
362 970 579 1007 Alcibiades
597 979 740 1015 autem,
763 978 818 1007 tot
837 970 1050 1007 facinorum
1069 983 1167 1012 reus,
1188 983 1210 1007 a
1230 982 1270 1006 se
1297 977 1424 1006 tamen
1452 968 1569 1018 impe-

129 1036 229 1067 trare
248 1043 322 1067 non
343 1031 468 1081 potuit
487 1038 529 1068 ut
548 1031 606 1069 vel
626 1032 738 1068 unius
758 1031 924 1069 criminis
945 1044 1097 1082 poenam
1119 1030 1295 1081 cuiquam
1322 1029 1442 1067 daret.
1499 1028 1572 1066 Est

130 1105 266 1143 nempe
285 1100 361 1130 tam
383 1106 509 1130 saevus
529 1101 567 1130 et
587 1093 841 1137 truculentus,
864 1100 906 1130 ut
932 1105 1008 1130 non
1034 1091 1146 1130 modo
1172 1091 1449 1142 praeteritarum
1471 1090 1572 1140 inju-

131 1153 270 1191 riarum
291 1167 422 1205 poenas
442 1156 489 1192 ab
510 1168 554 1192 eo
571 1163 739 1206 repetere
760 1167 872 1192 nemo
892 1155 1044 1199 audeat,
1057 1153 1122 1191 sed
1140 1154 1252 1191 etiarn
1275 1152 1383 1189 multi
1400 1158 1573 1189 metuant

132 1229 180 1253 ne
200 1216 445 1266 imposterum
473 1229 625 1267 quoque
651 1229 769 1253 novas
796 1216 892 1254 alias
919 1216 1072 1266 injurias
1098 1216 1198 1252 idem
1226 1214 1370 1251 inultus
1399 1213 1569 1263 ingerat:

131 1277 232 1314 mala
249 1277 312 1327 qui
331 1278 379 1314 ab
393 1290 438 1314 eo
457 1285 698 1328 acceperunt,
721 1277 758 1314 hi
779 1277 956 1328 expedire
977 1277 1047 1314 sibi
1063 1276 1250 1326 judicant,
1269 1282 1312 1312 ut
1332 1288 1379 1312 ne
1401 1282 1574 1312 mussent

129 1338 297 1388 quidem,
322 1338 388 1375 sed
418 1338 573 1389 injurias
605 1347 784 1390 acceptas
812 1339 917 1377 taciti
944 1338 1151 1380 devorent;
1182 1336 1402 1374 Alcibiades
1429 1342 1571 1381 autern,

131 1400 234 1437 mala
253 1399 335 1437 aliis
357 1400 478 1437 inulta
497 1400 606 1446 dans,
623 1414 755 1451 parum
774 1400 842 1438 sibi
861 1400 1009 1438 videtur
1028 1399 1167 1450 egisse,
1183 1398 1253 1436 nisi
1274 1404 1459 1449 praeterea
1476 1410 1570 1447 quo-

131 1474 206 1511 que
227 1461 403 1507 versutia,
419 1462 555 1512 gratia,
568 1462 678 1500 minis
696 1461 908 1512 perfecerit,
924 1467 966 1498 ut
984 1462 1227 1511 imposterum
1247 1472 1399 1510 quoque
1418 1459 1572 1510 impune

133 1522 203 1559 sibi
222 1522 271 1559 sit
289 1522 468 1572 quiequid
489 1523 648 1561 voluerit
669 1536 794 1572 agere.
852 1522 960 1560 Itane
975 1535 1075 1569 vero,
1089 1521 1353 1564 Athenienses,
1370 1533 1492 1570 egone
1507 1532 1574 1556 ex-

131 1582 213 1620 silio
233 1583 370 1633 dignus
392 1583 575 1629 habebor,
595 1585 658 1634 qui
681 1584 810 1621 mortis
830 1596 945 1634 poena
965 1583 1144 1633 indignus
1164 1582 1317 1619 habitus
1336 1579 1500 1618 fuerim?
1528 1593 1573 1618 eo

131 1643 347 1695 injudicio,
366 1657 442 1695 quo
469 1645 603 1696 capitis
628 1659 784 1683 causam
812 1646 886 1695 egi,
907 1645 1118 1688 absolutus,
1140 1657 1244 1682 nunc
1264 1644 1421 1694 patriam
1441 1643 1574 1693 sugere

133 1719 264 1756 cogar,
283 1707 427 1745 indicta
451 1707 592 1745 causa?
621 1720 642 1744 e
663 1714 719 1745 tot
738 1720 899 1752 numero
922 1706 1192 1744 certaminibus
1220 1705 1432 1743 forensibus
1456 1705 1575 1742 victor

133 1767 271 1812 factus,
284 1772 417 1816 etjure
433 1769 586 1819 quidem
608 1770 753 1813 merito,
767 1782 871 1806 nunc
891 1782 1018 1806 rursus
1038 1768 1171 1806 exsilio
1187 1767 1405 1819 puniendus
1420 1766 1576 1804 videbor

134 1829 182 1865 ob
201 1828 335 1867 eadem
354 1829 451 1880 ipsa,
465 1830 543 1881 jam
564 1830 707 1867 dudum
728 1837 766 1868 et
788 1831 899 1868 toties
919 1837 1081 1881 purgata
1099 1828 1283 1866 crimina?
1340 1828 1453 1866 Forte
1473 1827 1576 1866 dicat

133 1889 282 1940 aliquis,
300 1891 335 1927 in
356 1891 430 1928 illis
452 1891 706 1942 superioribus
721 1891 875 1942 judiciis
896 1892 1073 1941 exiguam
1093 1890 1184 1928 mihi
1205 1897 1434 1928 commotam
1455 1889 1574 1927 fuisse

132 1950 326 1997 invidiam,
340 1959 582 1990 accusatores
603 1953 639 1989 in
661 1966 719 1990 me
739 1961 818 1990 turn
839 1953 1092 1990 insurrexisse
1112 1951 1429 1994 contemnendos,
1444 1951 1491 1988 ab
1508 1950 1576 1987 ini·

134 2011 239 2050 micis
267 2012 413 2050 levibus
437 2020 475 2050 et
500 2013 685 2051 tralatitiis
711 2014 748 2051 in
775 2013 977 2052 discrimen
1007 2013 1216 2051 adductum
1241 2026 1300 2050 me
1328 2020 1406 2049 tum
1434 2012 1575 2050 fuisse:

134 2085 208 2122 ego
226 2085 315 2110 vero
334 2075 381 2111 ab
400 2073 560 2111 inimicis
581 2074 800 2125 exagitatus
819 2082 899 2112 tum
920 2075 973 2113 fui
992 2074 1261 2112 valentissimis
1283 2080 1321 2111 et
1336 2073 1518 2111 facundia
1536 2082 1575 2111 et

133 2146 206 2171 usu
225 2147 349 2172 rerum
369 2135 624 2184 agendarum;
655 2136 693 2173 hi
714 2136 826 2174 iidem
847 2144 1007 2182 actores,
1026 2136 1090 2186 qui
1109 2149 1170 2173 me
1190 2142 1268 2173 tum
1286 2136 1574 2186 oppugnabant,

134 2194 226 2233 alios
245 2195 357 2242 duos,
375 2196 543 2247 ejusdem
563 2211 711 2236 mecum
731 2199 896 2236 criminis
912 2193 1009 2243 reos,
1023 2204 1143 2235 morte
1159 2197 1404 2235 damnarunt.
1460 2196 1576 2234 Haud

133 2256 262 2306 itaque
281 2270 348 2295 vos
368 2257 479 2296 decet
497 2272 561 2296 eos
577 2258 747 2297 homines
761 2260 896 2297 vestris
914 2273 933 2297 e
951 2260 1100 2296 moeniis
1115 2259 1263 2310 ejicere,
1279 2271 1389 2309 quos,
1405 2258 1576 2308 quamvis

134 2317 275 2367 saepius
295 2326 496 2356 accusatos
515 2327 553 2357 et
572 2319 608 2356 in
622 2320 808 2371 judicium
827 2321 1028 2366 adductos,
1042 2333 1234 2371 nunquam
1250 2327 1378 2358 tamen
1393 2333 1476 2357 vere
1493 2332 1576 2357 reos

134 2380 336 2431 culpaeque
354 2381 582 2420 insimulatae
603 2384 788 2421 obnoxios
810 2384 973 2434 reperire
992 2383 1192 2434 potuistis;
1224 2383 1290 2421 sed
1310 2397 1391 2429 eos,
1405 2383 1468 2434 qui
1488 2382 1576 2420 vitae

136 2454 216 2479 suae
235 2455 436 2492 rerumque
456 2456 477 2480 a
497 2456 536 2481 se
563 2452 753 2494 gestarum
779 2445 962 2483 rationem
991 2445 1149 2482 reddere
1176 2445 1359 2496 postulati
1384 2450 1577 2482 recusant.

137 2501 214 2542 Res
234 2504 437 2549 enimvero,
457 2504 494 2541 ni
515 2504 672 2542 multum
701 2505 826 2550 fallor,
847 2505 969 2556 gravis
996 2512 1035 2544 et
1060 2506 1231 2556 indigna,
1250 2506 1357 2543 istaec
1387 2512 1512 2542 vestra
1538 2504 1576 2541 in

136 2577 338 2604 causarum
360 2567 667 2618 paritatejudicii
688 2568 914 2618 disparitas:
938 2569 1084 2619 judicio
1104 2576 1232 2607 vestro
1259 2567 1428 2606 damnati
1454 2567 1483 2604 si
1511 2566 1576 2616 qui

137 2638 269 2675 poenas
284 2635 453 2675 extremo
469 2628 646 2666 dederint
660 2629 861 2679 supplicio,
873 2629 975 2667 haud
990 2629 1169 2667 videmini
1184 2642 1296 2680 aequo
1312 2628 1438 2666 animo
1451 2627 1577 2674 laturi,

139 2689 169 2726 si
189 2689 274 2738 quis
300 2703 364 2728 eos
389 2691 634 2742 postmodum
658 2691 864 2731 defendere
890 2701 1134 2744 vestrumque
1155 2693 1340 2744 judicium
1368 2691 1577 2741 iniquitatis

138 2762 294 2799 arguere
308 2753 504 2790 sustineat.
561 2753 686 2792 Eccur
701 2767 775 2791 non
794 2755 926 2793 eadem
943 2753 1155 2793 constantia
1171 2754 1206 2791 in
1224 2753 1408 2792 absolutis
1423 2765 1574 2804 quoque

130 2810 266 2862 judicii
287 2812 396 2849 vestri
416 2813 637 2862 dignitatem
660 2815 845 2853 tuemini?
875 2816 937 2866 qui
959 2816 1013 2852 fas
1030 2816 1099 2852 erit
1114 2815 1190 2865 jam
1213 2814 1358 2852 dudum
1380 2814 1575 2852 absolutos

142 2871 349 2909 eorundem
370 2873 566 2912 criminum
596 2875 730 2913 iterum
758 2883 872 2926 atque
902 2876 1034 2913 iterum
1064 2874 1252 2913 incusari?
1280 2874 1345 2926 qui
1367 2875 1578 2919 conveniet,
