1822 3219
600 170 943 210 TETRALOGIA
973 170 1046 207 111.
1489 170 1536 206 39

101 267 283 318 juvenum
309 278 398 310 sunt
420 274 620 323 pudentes,
641 272 751 310 multi
778 284 912 309 senum
940 270 1092 313 lascivi;
1124 275 1351 320 quapropter
1374 269 1436 307 hic
1453 269 1538 318 qui-

106 329 194 367 dem
226 331 333 368 locus
366 334 576 370 communis
603 340 676 376 est,
705 345 783 369 non
816 330 1026 369 accusatori
1058 330 1179 379 magis
1207 342 1320 379 quam
1347 329 1536 366 defensori

106 397 254 438 patens.
310 393 361 430 At
381 394 452 432 hoc
472 399 736 443 argumentum
756 393 863 429 nobis
879 400 937 429 est
956 392 1038 428 sine
1059 390 1315 428 controversia
1334 390 1537 440 proprium,

103 449 257 500 ejusque
286 453 460 490 firmitate
492 460 715 503 praestamus
750 452 998 489 adversariis:
1028 458 1148 488 testes
1176 451 1279 487 aiunt
1300 456 1534 500 peremptum

107 510 327 548 verberandi
358 511 490 549 fecisse
521 513 679 549 initium.
737 512 851 554 Quod
878 513 909 548 si
934 518 1004 556 est,
1025 523 1263 561 quaecunque
1288 510 1444 546 tandem
1465 509 1536 546 alia

106 570 227 607 amico
249 579 374 609 nostro
394 573 483 609 vitio
502 579 711 618 vertantur,
725 572 812 616 hoc,
828 572 930 622 quod
945 572 1160 609 certaminis
1180 585 1255 608 non
1275 571 1450 621 princeps
1470 570 1536 606 sed

106 631 282 669 defensor
297 633 379 682 fuit,
395 647 480 671 eum
497 635 599 672 omni
611 634 726 684 culpa
739 633 913 671 absolvit.
970 634 1067 669 Nam
1088 633 1131 676 si,
1150 632 1359 669 secundum
1372 637 1535 668 vestrum

106 693 288 742 arguendi
316 695 484 737 modum,
513 695 772 732 reverberator
804 694 890 731 ideo
917 707 985 744 pro
1014 693 1205 731 homicida
1231 692 1433 729 habendus
1463 697 1534 734 est,

105 752 205 801 quod
224 754 420 790 verberum
451 756 498 792 ab
526 768 571 792 eo
592 755 819 792 inflictorum
849 754 1026 791 atrocitas
1053 766 1117 789 vos
1147 753 1273 802 coegit
1301 752 1449 789 medico
1476 763 1536 788 sa-

105 812 223 850 lutem
253 815 411 852 sauciati
438 816 700 858 committere;
738 815 857 852 altero
880 821 988 852 tanto
1015 814 1135 863 magis
1166 814 1237 850 erit
1262 812 1452 849 homicida
1471 813 1535 850 ha-

104 872 253 910 bendus
280 874 324 919 is,
343 876 408 924 qui
427 876 555 926 primis
575 875 794 913 verberibus
813 875 974 911 ultorem
996 873 1215 923 provocavit
1233 872 1281 910 ad
1301 872 1538 910 reverberan-

105 931 208 976 dum,
238 946 353 982 quam
383 935 460 980 ille,
495 937 604 986 cujus
635 936 792 973 verbera
824 940 1031 972 consecuta
1061 946 1161 970 mors
1195 939 1252 970 est
1280 934 1534 982 provocantis.

106 992 286 1044 Princeps
311 995 410 1032 enim
429 1010 570 1047 pugnae
596 997 758 1047 primum
777 1008 845 1046 par
865 1009 974 1032 suum
995 994 1124 1044 adegit
1149 994 1198 1031 ad
1217 993 1535 1031 reverberandum

106 1052 144 1089 in
160 1053 338 1092 ultionem
359 1056 558 1107 plagarum
578 1057 804 1099 oblatarum,
824 1055 964 1093 deinde
983 1055 1252 1092 necessitatem
1273 1054 1354 1103 ipse
1379 1053 1450 1090 sibi
1468 1053 1537 1090 im-

107 1114 235 1162 posuit
252 1115 439 1152 medicum
460 1117 688 1154 arcessendi.
730 1116 888 1165 Impiam
904 1115 1034 1164 utique
1049 1122 1087 1152 et
1100 1113 1295 1151 infandam
1311 1119 1535 1162 accepturus

106 1172 154 1209 sit
180 1186 263 1211 reus
293 1175 476 1225 injuriam,
497 1177 541 1222 si,
561 1190 647 1214 cum
672 1189 749 1213 non
781 1175 999 1223 occidisset,
1024 1182 1151 1212 tamen
1177 1173 1368 1210 homicida
1392 1173 1535 1218 audiat,

106 1232 137 1270 is
158 1246 233 1271 non
254 1235 397 1282 audiat,
420 1237 484 1286 qui
503 1250 589 1274 vere
607 1237 721 1273 fuerit
747 1236 804 1273 sui
823 1235 1023 1280 homicida,
1044 1242 1082 1272 et
1099 1247 1186 1272 cum
1205 1247 1282 1271 non
1310 1246 1418 1270 orsus
1438 1241 1537 1272 esset

106 1293 238 1338 rixam,
261 1302 383 1332 tamen
405 1296 594 1334 homicida
612 1296 812 1341 habeatur,
834 1308 909 1332 non
924 1295 1110 1333 habeatur
1128 1295 1173 1339 is,
1192 1294 1253 1344 qui
1276 1306 1408 1343 reapse
1427 1306 1535 1332 orsus

105 1361 217 1391 esset.
272 1355 485 1394 Accusator
513 1369 624 1407 porro
644 1357 674 1394 si
693 1357 780 1394 vitae
808 1356 992 1407 perempti
1022 1355 1220 1392 insidiatus
1251 1367 1327 1392 non
1358 1353 1441 1399 fuit,
1460 1367 1535 1392 non

105 1415 227 1465 magis
247 1429 333 1454 reus
356 1417 437 1455 fuit.
495 1418 595 1456 Nam
617 1419 660 1462 si,
679 1419 744 1468 qui
762 1418 983 1456 verberandi
1002 1418 1093 1455 fecit
1117 1417 1276 1463 initium,
1297 1416 1536 1455 solummodo

105 1475 314 1522 verberare,
326 1490 400 1514 non
417 1485 542 1516 autem
560 1478 744 1522 occidere,
756 1478 994 1522 intendisset,
1011 1478 1228 1515 verberatus
1244 1485 1370 1513 autem
1391 1489 1468 1513 non
1484 1488 1539 1514 re-

104 1536 316 1581 verberare,
325 1538 393 1574 sed
403 1539 589 1583 occidere,
599 1546 678 1576 tum
689 1539 817 1588 utique
831 1538 906 1575 dici
917 1544 1048 1589 posset
1057 1537 1119 1574 hic
1131 1536 1230 1574 illius
1241 1536 1328 1572 vitae
1337 1535 1535 1572 insidiatus

104 1607 202 1632 esse.
257 1597 345 1634 Jam
364 1611 454 1635 vero
474 1599 652 1636 defensor
671 1599 807 1636 oblatae
832 1600 990 1646 injuriae,
1011 1596 1252 1635 solummodo
1280 1597 1533 1644 reverberare,

105 1667 181 1692 non
196 1662 320 1693 autern
336 1659 522 1704 occidere,
535 1660 730 1709 cogitabat
745 1673 752 1697 :
785 1660 842 1696 sin
864 1666 990 1697 autem
1004 1658 1153 1696 hostem
1168 1658 1266 1694 ultra
1280 1669 1394 1706 quam
1406 1656 1535 1702 vellet,

104 1723 142 1751 et
160 1715 198 1752 in
219 1715 311 1754 locis
331 1719 499 1768 corporis
519 1733 605 1769 quae
626 1720 735 1757 ferire
755 1720 883 1765 nollet,
907 1720 1066 1771 pepulit,
1087 1732 1165 1756 non
1188 1718 1360 1762 consilio,
1389 1718 1458 1755 sed
1480 1717 1534 1755 fa-

105 1776 170 1812 tali
189 1779 353 1827 quodam
374 1781 591 1825 infortunio,
613 1781 743 1831 lapsus
763 1789 834 1818 est.
891 1781 1065 1818 Verberis
1086 1781 1215 1830 itaque
1234 1779 1308 1816 dici
1328 1779 1358 1815 is
1381 1777 1534 1828 quidem

103 1834 305 1883 βουλευτὴς
324 1840 546 1891 designator
566 1848 704 1891 queat;
735 1850 773 1878 at
791 1842 895 1879 necis
916 1842 1146 1891 designator,
1166 1853 1242 1890 quo
1272 1852 1403 1890 quaeso
1423 1845 1535 1890 pacto

104 1898 314 1946 appelletur
330 1901 375 1945 is,
390 1902 454 1951 qui
474 1903 612 1939 invitus
628 1902 907 1940 reverberavit?
938 1903 1126 1952 Inceptori
1144 1901 1265 1952 magis
1280 1907 1338 1938 est
1356 1899 1535 1938 domesti-

103 1969 173 1993 cus
193 1970 307 2004 error,
328 1961 400 1998 hoc
420 1969 491 2006 est,
511 1964 542 2000 ei
564 1963 717 2012 propius
742 1963 898 2008 assidet,
920 1976 1032 2012 quam
1060 1963 1186 2000 ultori.
1247 1963 1345 1999 Nam
1371 1961 1433 1998 hic
1455 1973 1535 1998 ver-

105 2017 197 2054 bera
215 2018 252 2054 in
272 2032 313 2057 se
333 2020 469 2058 intorta
498 2030 731 2072 retorquens,
752 2023 933 2072 quicquid
958 2023 1142 2072 peccavit,
1165 2024 1212 2060 ab
1242 2023 1359 2059 altero
1379 2028 1535 2059 coactus

104 2079 298 2126 peccavit:
328 2081 398 2117 iste
419 2094 507 2119 vero
534 2082 834 2132 intemperantiae
860 2083 1162 2132 petulantiaeque
1184 2095 1262 2119 suae
1283 2082 1410 2126 debet,
1430 2081 1537 2130 quic-

105 2139 197 2189 quid
217 2148 283 2178 aut
302 2141 410 2178 dedit
428 2142 609 2179 malorum
627 2150 693 2179 aut
718 2143 888 2192 accepit3
917 2149 955 2179 et
974 2142 1028 2178 sic
1049 2142 1166 2179 altero
1189 2149 1293 2179 tanto
1314 2141 1462 2190 dignior
1480 2146 1540 2178 est

105 2200 170 2250 qui
183 2200 374 2238 homicida
393 2202 616 2252 appelletur,
637 2216 682 2239 ex
708 2215 831 2240 errore
852 2202 1056 2252 geminato,
1083 2215 1168 2239 cum
1197 2215 1267 2239 suo
1286 2201 1437 2251 proprio
1457 2207 1537 2237 tum

105 2259 240 2298 alieno.
297 2261 419 2298 Reum
450 2269 575 2299 autem
595 2276 672 2300 non
703 2263 816 2300 modo
846 2275 923 2299 non
955 2261 1078 2299 acrius
1108 2275 1232 2312 neque
1252 2261 1452 2307 valentius,
1471 2260 1539 2298 sed

104 2321 215 2358 etiam
237 2320 428 2359 remissius
449 2330 563 2372 atque
582 2323 732 2360 mollius
754 2323 872 2360 ultum
893 2335 976 2360 esse
996 2329 1156 2372 accepta
1171 2323 1341 2367 verbera,
1360 2321 1442 2371 jam
1470 2320 1538 2357 do-

105 2382 212 2419 cebo.
268 2381 376 2418 Alter
401 2383 514 2427 enim,
544 2383 743 2421 catulliens
772 2391 812 2420 et
840 2383 1052 2427 lasciviens,
1073 2383 1144 2419 vim
1174 2382 1372 2427 inferebat,
1392 2394 1466 2419 non
1488 2393 1541 2417 re·

106 2441 295 2491 pellebat:
326 2441 421 2478 alter
435 2449 560 2480 autem
581 2444 817 2481 contendens
845 2443 1032 2492 injuriam,
1053 2455 1127 2479 non
1148 2443 1240 2492 pati,
1256 2441 1324 2479 sed
1345 2441 1541 2491 repellere,

106 2500 286 2550 quicquid
307 2502 462 2539 tandem
481 2503 608 2540 intulit
627 2505 825 2540 verberum
841 2502 914 2539 hoc
933 2501 1059 2539 studio
1075 2515 1145 2539 suo
1166 2502 1264 2538 mala
1285 2502 1416 2538 oblata
1435 2500 1539 2537 devi-

106 2561 225 2604 tandi,
246 2568 586 2612 quantumcunque
606 2570 678 2608 est,
701 2576 849 2613 semper
868 2569 996 2600 tamen
1017 2571 1073 2600 est
1099 2563 1196 2600 infra
1214 2563 1367 2599 modum
1389 2561 1539 2598 ultionis

107 2633 209 2670 eum,
228 2621 292 2670 qui
314 2622 564 2671 magnitudini
589 2623 726 2660 oblatae
746 2624 889 2674 injuriae
909 2623 1177 2673 responderet:
1210 2622 1281 2659 dici
1303 2634 1393 2670 ergo
1411 2621 1542 2670 nequit

108 2680 256 2718 dedisse
289 2682 444 2728 malum,
477 2683 545 2720 sed
579 2683 819 2721 solummodo
848 2683 1075 2721 defendisse.
1132 2683 1246 2724 Quod
1273 2682 1302 2718 si
1335 2688 1458 2717 autem
1479 2693 1539 2717 re-

109 2746 302 2787 gestorum
318 2743 513 2780 verberum
544 2743 701 2781 durities
730 2743 899 2781 excessit
929 2743 1164 2793 ingestorum
1190 2740 1478 2786 vehementiam,
1498 2748 1542 2778 ut

109 2812 132 2836 a
159 2799 309 2836 lacertis
338 2802 553 2841 fortioribus
582 2804 762 2854 profecta,
791 2817 913 2854 neque
934 2803 1070 2839 mirum
1089 2802 1127 2839 id
1148 2808 1206 2838 est
1234 2813 1358 2850 neque
1378 2807 1542 2838 meretur

108 2859 193 2897 ideo
218 2872 302 2896 reus
329 2874 351 2897 a
369 2864 476 2901 vobis
503 2864 760 2902 condemnari.
831 2864 929 2901 Nam
961 2863 1217 2912 inceptoribus
1243 2861 1405 2898 rixarum
1434 2861 1541 2911 leges
