1822 3219
259 165 338 203 296
904 169 1074 208 LYSIAE

255 266 500 306 conditiones
529 267 711 308 offerens.
767 270 813 308 Ei
841 283 916 322 ego
945 284 1007 310 me
1033 271 1164 309 statim
1189 273 1368 323 opposui,
1391 274 1600 324 omniaque
1624 286 1716 326 quae

256 329 392 367 fierent
409 329 544 381 Tydeo
573 331 776 383 [magistro
805 339 942 370 turmae
971 332 1136 381 nostrae]
1162 332 1342 378 indicavi,
1369 333 1435 383 qui
1463 334 1646 373 militibus
1675 337 1715 373 in

256 389 484 431 concionem
503 392 725 430 convocatis
755 405 834 432 rem
861 393 911 431 ad
937 393 1229 432 deliberandum
1248 395 1469 445 proposuit:
1500 395 1718 446 agitabatur

257 464 376 491 causa
402 460 605 505 utramque
631 454 669 492 in
689 461 860 505 partem:
891 455 953 492 alii
973 455 1048 493 alia
1069 456 1243 494 suadere.
1301 457 1385 507 Ego
1405 469 1495 494 vero
1518 470 1607 508 quae
1633 465 1715 495 tum

256 513 546 567 disputaverim,
567 516 607 553 hi
626 515 718 554 mihi
738 522 858 555 testes
879 524 1008 562 sunto,
1028 529 1127 567 quos
1148 517 1238 557 cito.

879 609 1092 648 TESTES.

256 679 336 719 Sed
363 680 488 732 patris.
508 692 663 730 quoque
689 686 864 730 spectate
887 679 1032 724 literas,
1064 691 1160 729 quas
1191 678 1229 717 in
1257 678 1426 719 Siciliam
1452 679 1713 730 proficiscenti

521 740 737 786 addiderat,
765 740 856 778 mihi
877 740 1110 787 reddendas,
1139 741 1289 791 ipsique
1310 740 1558 789 arbitramini,
1585 747 1714 779 utrum

252 814 384 841 earum
404 808 675 852 argumentum
695 814 715 839 e
740 814 779 838 re
800 801 922 851 plebis
943 810 1078 839 vestrae
1099 802 1161 846 sit,
1182 814 1230 838 an
1260 801 1310 839 ad
1332 801 1415 852 ejus
1435 800 1607 840 fraudem
1628 814 1711 852 per-

252 862 386 903 tineat.
454 861 570 899 Pater
605 861 708 898 enim
739 860 813 898 illis
846 860 884 898 in
915 860 1048 905 literis,
1082 861 1295 901 secundum
1329 861 1630 912 significationes
1663 861 1712 900 de

251 925 367 963 rebus
397 923 536 962 nostris
561 922 718 972 privatis
747 921 865 965 domi,
894 921 1118 960 hortabatur
1146 934 1208 958 me
1234 922 1392 959 domum
1422 922 1560 966 redire,
1586 922 1713 960 donec

253 984 370 1022 salvae
388 983 515 1021 adhuc
537 983 574 1020 in
596 981 726 1018 Sicilia
751 994 811 1018 res
839 989 982 1018 nostrae
1010 988 1152 1018 essent.
1210 983 1337 1030 Atque
1367 983 1472 1020 istaec
1497 982 1712 1021 cohortatio

252 1047 436 1096 vobisque
452 1044 668 1093 vestrisque
689 1042 739 1081 ibi
760 1042 881 1092 copiis
902 1041 1162 1080 conducebat:
1195 1055 1391 1093 nunquam
1412 1043 1586 1094 profecto
1606 1051 1713 1094 pater

250 1107 360 1145 istaec
384 1119 451 1156 per
475 1103 676 1156 epistolam
706 1103 946 1148 mandasset,
974 1102 1048 1140 nisi
1069 1102 1177 1141 vobis
1207 1110 1245 1141 et
1273 1104 1365 1154 reip.
1388 1104 1486 1142 bene
1513 1104 1710 1143 voluisset.

253 1168 353 1207 Haec
386 1166 434 1205 de
463 1179 539 1204 me.
596 1165 710 1203 Nunc
741 1164 895 1202 fratrem
924 1171 1017 1202 natu
1040 1164 1233 1214 juniorem
1255 1165 1358 1202 vobis
1384 1177 1596 1214 proponam
1622 1178 1710 1216 spe-

251 1227 435 1268 ctandum
473 1226 598 1277 qualis
631 1225 760 1264 fuerit.
837 1224 1005 1262 Exsules
1042 1226 1165 1263 nostri
1202 1237 1290 1262 cum
1327 1225 1536 1275 aliquando
1573 1238 1709 1275 agrum

250 1289 423 1329 Atticum
452 1288 724 1339 persultarent,
751 1295 790 1325 et
816 1300 894 1325 non
925 1288 1055 1324 urbem
1084 1287 1201 1326 modo
1229 1288 1525 1338 quibuscunque
1553 1294 1714 1339 possent

251 1351 375 1390 modis
404 1356 601 1394 vexarent,
636 1348 706 1387 sed
732 1348 848 1387 etiam
881 1361 928 1386 ex
962 1361 1048 1386 aree
1081 1361 1152 1386 sua
1182 1348 1390 1398 [Decelea]
1420 1357 1712 1400 prorumpentes

252 1413 468 1464 subjectum
490 1411 591 1447 circa
610 1422 743 1459 agrum
764 1409 1104 1460 depopularentur,
1124 1416 1330 1459 provectus
1349 1410 1386 1447 in
1408 1422 1509 1459 equo
1527 1410 1644 1448 frater
1663 1422 1710 1447 ex

247 1474 382 1513 ordine
404 1485 473 1511 suo
492 1473 668 1510 exsulum
688 1485 809 1509 unum
828 1471 994 1522 aliquem
1013 1471 1218 1509 interemit.
1262 1473 1383 1522 Cujus
1402 1473 1454 1512 rei
1469 1473 1574 1513 vobis
1593 1479 1712 1512 testes

249 1535 425 1575 oculatos
444 1534 651 1585 praestabo,
669 1533 734 1583 qui
753 1532 808 1571 rei
828 1545 916 1570 cum
936 1538 1133 1582 gereretur
1152 1532 1371 1572 interfuere.

872 1625 1085 1663 TESTES.

253 1698 424 1736 Fratrem
449 1703 575 1735 autem
603 1695 769 1746 denique
796 1701 886 1732 natu
909 1695 1174 1741 vetustiorem,
1204 1696 1234 1732 si
1255 1695 1318 1746 qui
1339 1703 1509 1734 vestrum
1536 1696 1597 1734 hic
1619 1699 1710 1736 assi-

251 1759 345 1796 dent
364 1758 555 1795 circumve
577 1763 683 1794 stant
700 1755 766 1792 illa
785 1756 823 1792 in
851 1755 1030 1792 luctuosa
1055 1755 1299 1807 expeditione
1319 1756 1608 1808 Hellespontica
1628 1772 1709 1796 ver-

251 1819 337 1864 sati,
368 1818 408 1855 hi
433 1820 532 1855 bene
559 1824 703 1854 norunt
734 1816 1047 1861 commilitonem,
1078 1817 1126 1854 ab
1158 1829 1281 1867 eoque
1312 1818 1415 1855 edita
1446 1831 1531 1856 esse
1558 1818 1709 1858 virtutis

250 1883 485 1920 documenta
504 1880 648 1918 conscii
670 1887 773 1924 sunt,
789 1879 934 1917 nullius
950 1879 1046 1917 alius
1064 1879 1194 1918 virtuti
1213 1879 1420 1932 quicquam
1440 1881 1708 1921 eoncedentia.

251 1942 490 1982 Adscendite
509 1954 578 1980 vos
597 1940 689 1978 mihi
709 1940 798 1978 huc.

873 2025 1088 2064 TESTES.

303 2099 340 2134 8.
369 2096 485 2135 Tales
517 2097 648 2147 itaque
677 2107 748 2133 nos
778 2107 866 2132 cum
896 2095 1015 2132 simus
1041 2101 1156 2145 atque
1188 2094 1387 2141 fuerimus,
1414 2096 1526 2147 ecqui
1555 2095 1710 2135 decebit

247 2160 411 2211 gratiam
441 2171 513 2197 nos
541 2171 564 2196 a
588 2158 696 2196 vobis
720 2156 867 2194 nullam
893 2154 1056 2194 referre?
1097 2156 1317 2208 AEquumne
1344 2164 1404 2195 est
1430 2157 1644 2196 severitatis
1669 2165 1708 2196 et

247 2222 383 2271 gratiae
406 2227 602 2258 momenta
630 2232 698 2257 vos
726 2218 824 2255 libra
848 2224 927 2254 tam
950 2217 1082 2267 iniqua
1099 2217 1254 2263 librare,
1283 2225 1338 2264 ut,
1363 2218 1503 2268 quibus
1525 2218 1707 2257 crimina-

245 2283 415 2321 tionibus
445 2282 596 2332 injustis
624 2287 733 2330 pater
763 2291 974 2330 oppressus
1007 2278 1093 2324 fuit,
1122 2279 1171 2316 ob
1199 2292 1267 2317 eas
1295 2280 1405 2317 nobis
1434 2279 1539 2318 haud
1562 2280 1706 2318 meritis

245 2342 486 2395 pereundum
514 2343 582 2384 sit;
624 2340 743 2377 studii
768 2347 895 2376 autem
922 2339 1042 2376 nostri
1067 2352 1135 2389 pro
1166 2353 1245 2389 rep.
1274 2340 1436 2390 prompti
1462 2347 1501 2377 et
1526 2340 1708 2379 indefessi

245 2404 392 2442 nullam
419 2415 491 2439 nos
520 2407 698 2452 oporteat
725 2414 748 2438 a
776 2400 884 2437 vobis
912 2408 1106 2451 reportare
1136 2400 1324 2450 gratiam?
1363 2401 1520 2438 Summa
1549 2402 1706 2451 quidem

245 2468 332 2504 haec
352 2466 463 2509 foret,
483 2464 626 2509 hercle,
648 2464 798 2514 injuria.
848 2463 992 2506 Quidni
1014 2470 1149 2500 contra
1167 2463 1310 2513 potius,
1330 2463 1478 2500 etiamsi
1498 2476 1566 2513 per
1585 2465 1705 2514 patris

244 2527 495 2566 offensionem
517 2524 624 2575 digni
643 2537 816 2562 essemus
836 2523 953 2568 malo,
974 2523 1095 2560 multo
1116 2524 1249 2575 majori
1269 2523 1358 2574 jure
1376 2530 1533 2574 propter
1551 2523 1705 2562 labores

245 2601 268 2626 a
296 2587 406 2626 nobis
434 2599 503 2637 pro
528 2598 609 2636 rep.
631 2584 851 2622 exantlatos
881 2584 987 2634 digni
1013 2585 1144 2631 simus,
1175 2585 1241 2635 qui
1266 2597 1343 2622 non
1367 2584 1440 2634 ipsi
1460 2584 1704 2624 solummodo

243 2662 452 2694 servemur,
473 2647 540 2686 sed
561 2646 677 2685 etiam
703 2652 851 2696 patrem
876 2658 953 2683 una
978 2646 1122 2683 meritis
1148 2646 1288 2684 nostris
1308 2644 1479 2696 periculo
1498 2646 1704 2697 eripiamus

244 2724 369 2762 eoque
395 2710 510 2748 studii
535 2721 628 2759 erga
645 2719 714 2745 vos
741 2707 863 2744 nostri
886 2706 1055 2744 fructum
1081 2706 1273 2757 finemque
1301 2712 1498 2756 speratum
1518 2707 1706 2758 adipisca-

242 2771 349 2810 mur?
381 2772 472 2810 Non
491 2771 592 2808 enim
617 2769 791 2820 profecto
817 2768 911 2805 lucri
937 2768 1127 2818 cupiditas
1158 2768 1207 2806 ad
1234 2770 1331 2806 bene
1352 2767 1399 2805 de
1418 2768 1527 2806 vobis
1555 2780 1704 2807 meren-

243 2833 336 2871 dum
364 2845 434 2870 nos
463 2831 629 2882 impulit,
659 2829 729 2868 sed
757 2829 831 2867 hoc
856 2829 1143 2880 spectabamuS‚
1177 2836 1219 2865 ut
1247 2829 1279 2866 si
1306 2828 1411 2878 quod
1439 2829 1477 2866 in
1506 2836 1705 2867 certamen

242 2896 397 2932 forense
416 2892 627 2943 aliquando
651 2891 947 2942 implicaremur,
975 2889 1183 2927 amicorum
1203 2889 1494 2939 deprecationes
1515 2890 1615 2940 apud
1636 2902 1704 2929 vos
