1822 3219
605 475 1009 528 LYSIAE

193 628 578 676 CONTRA
633 627 1415 676 ERATOSTHENEM

453 753 616 791 UNUM
648 754 679 790 E
711 752 979 790 TRIGINTA
1009 751 1154 789 VIRIS

695 861 936 904 ORATIO.

134 1030 167 1065 l.
198 1028 295 1065 Nox
332 1029 531 1066 exordium
564 1028 679 1079 hujus
713 1027 985 1072 accusationis,
1020 1027 1089 1065 sed
1121 1027 1237 1064 finem
1267 1026 1452 1072 invenire,
1478 1038 1537 1064 ar-

78 1089 196 1126 duum
218 1090 307 1127 mihi
329 1090 476 1127 videtur
497 1104 596 1135 esse,
621 1089 798 1141 judices:
831 1097 886 1127 tot
906 1089 953 1126 ab
974 1089 1047 1126 illis
1069 1083 1352 1138 [trigintaviris]
1371 1095 1408 1124 et
1429 1094 1539 1124 tanta

77 1159 291 1200 perpetrata
323 1160 412 1188 sunt
444 1151 627 1195 facinora,
664 1159 718 1195 ut,
740 1164 788 1188 ne
824 1151 854 1188 si
890 1150 1096 1187 mentiatur
1130 1150 1286 1199 quidem
1322 1155 1539 1193 accusator,

77 1212 252 1261 graviora
281 1219 318 1248 et
346 1212 517 1262 turpiora
545 1213 721 1250 incusare
742 1212 866 1262 possit
886 1225 999 1261 quam
1022 1223 1158 1261 reapse
1180 1210 1244 1247 illa
1263 1218 1354 1247 sunt
1378 1210 1539 1247 istorum

76 1273 238 1317 scelera,
269 1281 307 1310 et
336 1273 400 1323 qui
435 1286 523 1310 vera
557 1273 800 1310 solummodo
838 1284 1139 1310 commemorare
1175 1271 1247 1308 sibi
1282 1271 1540 1321 proposuerit,

75 1335 204 1372 omnia
224 1335 438 1372 enarrando
461 1334 641 1384 persequi
672 1334 778 1372 haud
799 1334 936 1378 valeat,
959 1334 1026 1371 sed
1049 1333 1267 1370 necessario
1298 1340 1365 1370 aut
1392 1333 1540 1383 magni-

74 1396 170 1433 tudo
191 1404 308 1446 atque
336 1396 544 1433 multitudo
575 1409 700 1433 rerum
726 1396 974 1432 dicendarum
997 1395 1191 1432 dicentem
1212 1396 1351 1432 obruet
1369 1401 1436 1432 aut
1456 1395 1540 1432 dies

75 1457 240 1495 deficiet.
300 1459 515 1496 Conversus
537 1459 627 1495 mihi
647 1471 752 1495 nunc
768 1458 916 1495 videtur
937 1457 1032 1495 ordo
1051 1470 1188 1500 rerum,
1206 1464 1416 1506 contraque
1433 1470 1543 1494 even-

73 1527 200 1557 turum
221 1528 334 1570 atque
359 1520 446 1556 olim
475 1520 637 1557 solebat.
697 1520 801 1556 Olim
835 1519 1003 1556 edebant
1037 1532 1058 1556 a
1085 1518 1283 1569 judicibus
1319 1518 1542 1568 interrogati

73 1589 238 1625 actores,
260 1594 346 1631 quae
367 1581 538 1618 simultas
561 1581 630 1618 sibi
652 1593 735 1617 cum
757 1581 830 1618 reis
862 1581 1157 1625 intercessisset,
1178 1588 1215 1617 et
1233 1592 1309 1629 qua
1328 1593 1368 1616 re
1388 1580 1540 1630 impulsi

70 1642 156 1680 lites
190 1655 365 1693 quasque
399 1642 604 1692 agitandas
627 1642 910 1692 suscepissent:
940 1655 1043 1678 nunc
1062 1641 1167 1678 haud
1200 1640 1367 1678 alienum
1386 1641 1435 1677 sit
1453 1654 1540 1678 reos

72 1704 302 1753 percontari,
323 1717 491 1754 quanam
512 1712 618 1741 tanta
646 1704 727 1741 laesi
756 1705 833 1741 sint
864 1717 886 1740 a
911 1703 1112 1754 republica
1143 1701 1372 1747 offensione,
1393 1708 1437 1739 ut
1456 1702 1539 1753 ejus

75 1764 307 1801 ulciscendae
335 1765 493 1802 libidine
523 1766 657 1816 perciti
685 1772 763 1803 tam
795 1765 948 1802 furiosis
981 1754 1106 1802 modis
1136 1764 1175 1800 in
1208 1776 1293 1800 eam
1319 1763 1540 1802 debaccha-

73 1832 217 1863 rentur.
275 1826 373 1869 Quae
394 1840 497 1863 nunc
516 1840 590 1876 ego
610 1840 688 1864 non
710 1840 756 1864 eo
776 1827 946 1878 disputo,
967 1840 1045 1876 quo
1077 1839 1216 1876 negem
1246 1825 1414 1876 privatas
1446 1826 1539 1864 mihi

73 1899 158 1923 cum.
184 1887 265 1924 istis
286 1887 498 1925 simultates
519 1901 618 1933 esse,
641 1902 727 1938 quae
747 1888 839 1925 mihi
861 1896 952 1925 sunt
972 1888 1223 1938 gravissimae,
1242 1894 1284 1923 ut
1299 1900 1386 1924 cum
1405 1896 1538 1926 aucto-

71 1948 174 1985 ribus
195 1948 496 1999 irreparabilium
514 1950 683 1987 cladium
704 1949 1000 1987 domesticarum
1018 1962 1027 1992 ;
1060 1949 1128 1986 sed
1150 1962 1227 1998 quo
1249 1949 1478 1999 significem,
1497 1949 1537 1986 in

70 2011 146 2049 ista
164 2012 430 2049 innumerabili
450 2012 695 2049 multitudine
714 2012 902 2049 malorum
919 2013 967 2048 ab
988 2011 1070 2048 istis
1091 2011 1323 2061 publiceque
1343 2011 1538 2062 privatim-

70 2086 146 2123 que
177 2073 368 2118 datorum,
401 2080 574 2110 nostrum
609 2087 802 2123 quemque
835 2081 963 2110 tamen
987 2072 1035 2109 ad
1056 2072 1346 2110 lamentandum
1365 2073 1535 2110 irascen-

70 2135 239 2185 dumque
257 2135 304 2172 de
325 2135 482 2185 privatis
498 2135 620 2185 magis
644 2135 721 2172 suis
744 2134 1000 2172 incommodis
1020 2147 1136 2184 quarn
1155 2134 1202 2171 de
1217 2134 1378 2185 publicis
1398 2141 1538 2172 natura

70 2194 168 2232 duce
188 2195 329 2233 delabi.
387 2196 471 2246 Ego
491 2196 636 2245 itaque,
653 2196 822 2247 judices,
844 2197 909 2246 qui
936 2208 1063 2245 neque
1084 2195 1250 2246 privatas
1272 2209 1378 2233 meas
1397 2209 1536 2234 causas

70 2269 195 2306 neque
218 2257 360 2294 alienas
390 2271 561 2308 unquam
590 2258 626 2294 in
652 2258 734 2295 foro
763 2258 833 2295 sim
860 2265 1085 2303 exsecutus,
1106 2270 1151 2295 eo
1170 2257 1410 2295 necessitatis
1441 2257 1536 2295 ada-

69 2325 173 2355 ctum
194 2332 253 2356 me
274 2320 323 2356 ab
341 2319 454 2369 hujus
478 2319 743 2358 Eratosthenis
764 2320 998 2358 facinoribus
1020 2320 1142 2366 video,
1163 2327 1206 2358 ut
1225 2321 1351 2358 facere
1377 2333 1535 2371 prorsus

68 2391 255 2429 nequeam
287 2380 489 2429 quominus
519 2393 605 2417 eum
640 2394 840 2418 accusem:
871 2394 1094 2431 quanquam
1128 2381 1230 2419 hanc
1258 2395 1398 2433 parans
1419 2389 1458 2420 et
1476 2382 1534 2419 in-

66 2447 218 2478 struens
257 2442 541 2479 accusationem
571 2455 745 2492 persaepe
774 2443 809 2478 in
840 2443 1103 2480 incredibilem
1131 2444 1247 2482 incidi
1285 2444 1400 2481 animi
1429 2444 1532 2494 deje-

70 2501 248 2547 ctionem,
262 2503 438 2553 coepique
455 2503 573 2540 vereri
589 2516 638 2541 ne
653 2517 721 2554 per
733 2504 996 2542 infacundiam
1016 2517 1138 2542 meam
1155 2505 1303 2555 forique
1320 2504 1534 2542 insuetudi-

71 2572 160 2597 nem
178 2564 375 2602 accusatio
395 2564 480 2601 haec
498 2564 623 2602 minus
644 2578 824 2616 prospere
845 2565 1033 2603 succedat
1044 2566 1247 2616 minusque
1263 2566 1355 2603 satis
1371 2567 1403 2602 ei
1418 2565 1534 2604 faciat

71 2621 175 2670 quod
207 2624 372 2675 mihique
398 2627 604 2677 fratrisque
635 2628 811 2665 manibus
831 2627 967 2674 debeo,
986 2640 1082 2665 neve
1102 2628 1264 2664 multum
1285 2627 1384 2664 infra
1402 2627 1454 2664 rei
1474 2627 1533 2665 di-

72 2681 254 2731 gnitatem
273 2687 446 2724 subsidat
465 2702 486 2734 3·
508 2688 678 2725 conabor
696 2695 838 2733 tamen,
860 2702 938 2727 rem
963 2702 985 2726 a
1004 2688 1193 2739 principio
1213 2688 1440 2738 repetendo,
1463 2702 1530 2728 vos

72 2755 185 2793 quam
205 2752 338 2794 potero
358 2749 589 2787 brevissimis
608 2749 762 2787 docere.

125 2807 163 2842 2.
195 2807 389 2858 Cephalus
421 2818 528 2860 pater
557 2825 681 2857 meus,
708 2819 753 2850 ut
778 2805 891 2851 sedes
925 2813 1165 2850 fortunarum
1199 2824 1353 2850 suarum
1385 2811 1460 2851 hoc
1489 2813 1529 2850 in

71 2867 195 2906 solum
217 2870 390 2908 Atticum
412 2872 649 2919 transferret,
672 2874 843 2913 oratione
864 2873 1024 2912 Periclis
1046 2873 1240 2913 adductus
1253 2882 1338 2912 est:
1369 2874 1529 2925 triginta
