1822 3219
216 159 292 194 344
851 158 1026 196 LYSIAE

213 259 297 298 aliis
327 259 474 297 minora
504 258 814 310 delinquentibus
843 271 1074 298 succensere
1104 260 1142 297 in
1173 272 1319 311 eosque
1348 258 1667 304 animadvertere,

212 319 376 362 eundem
395 320 591 371 postulare
611 326 654 357 ut
672 332 738 358 vos
759 319 829 357 sibi
849 319 1074 369 ignoscatis,
1095 333 1117 358 a
1133 334 1209 371 quo
1228 320 1501 371 rempublicam
1521 321 1670 370 gravis-

212 380 317 418 simis
333 381 467 418 laesam
487 380 631 431 injuriis
651 379 901 430 pessimisque
918 380 1114 418 fraudibus
1134 381 1312 419 innexam
1333 393 1417 418 esse
1437 379 1591 418 confido
1607 385 1668 418 me

212 441 370 491 planum
389 442 595 480 facturum.
652 441 794 478 Audite
815 453 906 491 ergo
932 441 1041 480 nulla
1068 443 1282 488 formidine,
1304 442 1477 493 judices:
1507 454 1668 480 accusa·

212 508 314 540 tores
343 502 445 540 enim
467 503 539 541 hoc
568 515 708 553 genere
737 501 994 540 accusationis
1022 508 1176 541 utentes
1205 502 1355 541 admitti
1381 509 1497 553 atque
1516 502 1668 553 probari

212 575 282 613 par
306 569 380 608 est,
408 576 496 602 cum
522 576 608 602 reos
639 563 874 602 insectantur
898 563 988 602 huic
1016 577 1082 602 reo
1107 565 1265 602 similes.
1322 564 1373 602 Hi
1401 577 1553 615 nempe,
1579 577 1670 602 cum

212 624 424 663 libertatem
445 625 569 676 plebis
594 625 665 676 ipsi
693 625 772 663 suis
804 625 980 663 manibus
1007 625 1256 672 lacerassent,
1283 638 1385 663 nunc
1413 638 1452 663 se
1474 624 1668 662 studiosos

212 685 341 723 ferunt
358 686 473 737 hujus
494 699 515 724 a
531 699 573 724 se
592 686 835 724 labefactatae
855 687 1059 729 libertatis;
1090 700 1253 738 quorum
1271 700 1291 724 e
1309 699 1469 724 numero
1484 684 1668 723 Nicoma-

212 745 329 783 chum
349 747 452 784 hunc
471 759 570 792 esse,
594 747 652 784 vel
679 759 758 784 uno
778 747 886 784 vobis
911 747 985 785 hoc
1005 747 1237 786 documento
1258 748 1463 785 constabit.
1518 746 1672 783 Amissa

213 805 352 851 classe,
374 818 461 844 cum
483 806 532 844 de
552 806 737 843 mutanda
755 806 974 856 reipublicae
995 808 1117 845 forma
1137 808 1425 852 deliberaretur,
1445 807 1674 857 objurgabat

212 865 387 917 Cleopho
403 876 594 911 senatum,
615 866 721 904 aiens
737 879 825 904 eum
841 868 1085 918 conspirasse
1103 875 1221 915 atque
1240 868 1365 906 coisse
1380 868 1430 905 ad
1451 866 1669 904 machinan-

213 925 302 965 dam
330 927 423 978 reip.
442 927 648 978 perniciem
675 934 714 965 et
741 928 902 965 consilia
930 928 1024 978 reip.
1046 928 1138 965 dare
1163 927 1268 965 haud
1295 928 1555 965 saluberrima.
1613 927 1673 965 Ibi

215 988 376 1039 Satyrus
398 987 675 1038 Cephisiensis,
695 987 838 1038 quippe
858 995 940 1025 tum
962 996 1128 1034 senator,
1156 988 1305 1025 senatui
1325 988 1443 1026 fiebat
1462 994 1608 1032 auctor,
1628 994 1672 1025 ut

213 1048 494 1099 Cleophontem
514 1049 552 1086 in
577 1061 771 1086 carcerem
800 1049 940 1086 abduci
962 1049 1128 1100 juberet,
1155 1049 1400 1099 postmodum
1423 1048 1570 1099 judicio
1597 1054 1675 1085 tra-

214 1109 397 1147 dendum.
447 1108 651 1147 Senatores
666 1109 814 1160 reliqui,
831 1110 1025 1147 sublatum
1041 1110 1242 1160 cupientes
1258 1109 1552 1159 Cleophontem,
1568 1115 1674 1147 metu

214 1183 262 1208 ne
282 1170 470 1222 judicium
497 1183 573 1207 non
601 1170 735 1207 mortis
763 1170 796 1208 ei
824 1181 976 1219 poenam
1005 1169 1072 1207 sed
1099 1169 1211 1207 aliam
1240 1169 1460 1220 quampiam
1487 1169 1674 1207 mitiorem

213 1234 429 1283 irrogarret,
450 1231 686 1283 persuadent
703 1231 792 1268 huic
812 1231 1054 1268 Nicomacho
1075 1237 1118 1268 ut
1137 1231 1262 1281 legem
1289 1230 1481 1281 proferret
1506 1230 1544 1267 in
1572 1230 1675 1268 hanc

214 1294 430 1337 formulam,
453 1299 630 1343 oportere
651 1299 830 1329 senatum
851 1304 1006 1341 quoque
1032 1291 1179 1342 judicio
1209 1291 1394 1328 interesse
1414 1303 1568 1340 unaque
1587 1302 1676 1327 cum

213 1354 367 1404 reliquis
385 1353 565 1403 legitimis
593 1353 787 1403 judicibus
816 1353 1045 1390 sententiam
1071 1352 1339 1403 pronunciare.
1397 1352 1452 1389 lbi
1478 1352 1594 1389 homo
1613 1351 1675 1388 hic

213 1415 412 1453 hominum
432 1414 601 1451 omnium
622 1413 816 1464 pessimus
836 1413 1081 1463 perspicuum
1103 1420 1218 1462 atque
1239 1412 1512 1450 controversiae
1538 1424 1675 1460 expers

214 1475 620 1513 ediditdocumentum
636 1474 748 1511 animi
762 1473 820 1511 sui
841 1487 863 1511 a
877 1473 1051 1511 libertate
1065 1473 1239 1524 populari
1257 1473 1368 1510 alieni
1386 1480 1502 1523 atque
1516 1472 1673 1510 factioni

215 1536 464 1581 dediti,n0vis
479 1542 557 1573 tum
575 1535 690 1573 rebus
704 1541 820 1584 atque
837 1534 1086 1572 dominationi
1103 1546 1313 1584 paucorum
1327 1533 1517 1571 studenti:
1538 1533 1675 1571 eodem

214 1597 315 1634 enim
336 1598 397 1634 die
418 1596 588 1642 demum,
607 1595 885 1646 quojudicium
908 1595 943 1631 in
965 1595 1244 1645 Cleophontem
1266 1602 1326 1631 est
1346 1594 1533 1638 habitum,
1547 1594 1674 1643 legem

213 1657 318 1695 illam
346 1657 520 1708 protulit.
591 1657 729 1701 Sunto,
757 1655 924 1706 judices,
957 1668 1023 1705 per
1051 1668 1111 1692 me
1142 1655 1242 1699 licet,
1268 1655 1342 1691 alia
1371 1654 1409 1691 in
1431 1653 1673 1704 Cleophonte

214 1718 322 1755 haud
349 1718 571 1768 probanda:
605 1717 679 1754 hoc
699 1723 826 1754 tamen
855 1715 894 1752 in
924 1715 1104 1753 confesso
1135 1722 1206 1760 est,
1235 1715 1452 1752 turbatores
1481 1714 1582 1760 illos,
1609 1715 1675 1765 qui

215 1792 334 1830 remp.
357 1778 594 1816 labefactare
623 1785 703 1816 tum
733 1776 1034 1821 contendebant,
1055 1777 1225 1814 omnium
1257 1776 1394 1813 civium
1425 1776 1529 1814 hunc
1555 1789 1674 1814 unum

216 1841 500 1892 Cleophontem
514 1839 680 1878 maxime
700 1839 747 1876 de
761 1837 888 1876 medio
906 1837 1040 1875 tollere
1060 1838 1269 1882 studuisse,
1291 1838 1547 1889 Satyrumque
1559 1842 1677 1887 'atque

218 1902 491 1946 Chremonem,
510 1901 574 1951 qui
593 1900 1026 1950 Trigintatyrannorum
1046 1899 1228 1936 teterrimi
1256 1906 1380 1944 erant,
1397 1911 1474 1936 non
1494 1910 1542 1936 eo
1562 1911 1676 1936 accu-

218 1976 324 2001 sasse
345 1963 449 2014 quod
471 1962 713 2013 majestatem
734 1967 900 1998 vestram
923 1973 946 1998 a
965 1960 1210 2010 Cleophonte
1240 1959 1370 1997 laesam
1402 1959 1677 2002 existimarent,

218 2024 287 2062 sed
308 2023 413 2074 quod
437 2028 649 2073 sperarent,
670 2021 734 2059 ubi
766 2034 852 2059 eum
882 2020 1142 2065 sustulissent,
1163 2020 1353 2058 neminem
1382 2021 1462 2057 fore
1488 2020 1551 2069 qui
1572 2019 1676 2070 ipsos

218 2084 436 2135 prohiberet
461 2083 563 2120 mala
584 2083 690 2120 vobis
722 2083 936 2131 injungere.
993 2081 1109 2123 Quod
1139 2088 1181 2118 ut
1207 2088 1546 2130 consequerentur,
1567 2080 1675 2118 malis

219 2147 362 2184 artibus
395 2144 589 2196 perhanc
618 2143 743 2193 legem
770 2156 792 2180 a
818 2141 1058 2180 Nicomacho
1089 2148 1168 2179 tum
1199 2142 1386 2192 prolatam
1417 2140 1675 2192 perfecerunt.

219 2207 383 2244 Videtur
402 2207 536 2256 utique
558 2204 744 2254 Cleopho,
763 2203 928 2255 judices,
944 2209 1112 2240 vestrum
1135 2202 1330 2240 nonnullis
1353 2201 1445 2239 civis
1469 2201 1590 2238 malus
1615 2201 1675 2237 su-

219 2268 309 2306 isse:
335 2274 374 2305 at
391 2267 467 2304 hoc
486 2273 614 2304 tamen
636 2278 766 2302 rursus
781 2277 850 2302 vos
865 2263 1036 2314 cogitare
1056 2277 1124 2314 par
1145 2270 1217 2308 est,
1236 2274 1459 2312 quanquam
1481 2274 1503 2299 a
1525 2261 1674 2312 Trigin-

220 2328 434 2379 tatyrannis
450 2325 553 2363 haud
568 2326 679 2376 pauci
694 2325 782 2363 mali
795 2325 899 2362 cives
911 2325 1097 2375 pei-empti
1110 2324 1199 2369 sint,
1214 2336 1280 2361 vos
1293 2330 1420 2361 tamen
1441 2323 1611 2373 tyrannis
1624 2323 1674 2360 ob

221 2389 292 2427 hos
311 2389 416 2439 ipsos
436 2387 557 2425 malos
578 2387 696 2430 cives,
716 2399 793 2424 non
815 2386 938 2423 minus
957 2398 1070 2435 quam
1091 2386 1140 2422 ob
1158 2386 1296 2429 bonos,
1316 2384 1568 2433 interemptos
1586 2396 1673 2420 suc-

222 2462 396 2495 censere,
416 2448 506 2498 quia
530 2447 683 2498 tyranni
713 2460 794 2497 eos,
810 2460 888 2485 non
920 2447 957 2483 in
977 2445 1251 2483 maleficiorum
1274 2457 1436 2495 poenam,
1459 2444 1527 2481 sed
1547 2444 1595 2480 ad
1616 2443 1675 2480 ul-

221 2511 315 2550 tioni
334 2511 492 2562 privatae
507 2508 896 2551 satisfaciendum‚ob
909 2507 1077 2558 privatas
1094 2519 1224 2544 eorum
1240 2519 1325 2543 cum
1339 2505 1430 2556 ipsis
1444 2503 1674 2548 simultates,

223 2574 288 2624 qui
309 2584 440 2610 secum
460 2583 538 2608 non
556 2569 740 2613 facerent,
760 2569 829 2606 sed
849 2581 936 2606 cum
959 2567 1111 2605 diversa
1131 2567 1307 2609 factione,
1330 2564 1567 2602 sustulerint.
1611 2565 1674 2602 Ad

222 2636 298 2673 hoc
324 2634 439 2685 igitur
463 2639 575 2682 caput
600 2630 854 2668 accusationis
884 2629 1128 2667 refutandum
1158 2641 1245 2665 cum
1269 2626 1474 2665 accesserit
1495 2626 1676 2664 Nicoma—

225 2697 336 2741 chus,
354 2695 429 2732 hoc
455 2705 572 2731 unum
604 2691 720 2730 modo
743 2703 811 2728 vos
840 2690 1055 2727 meminisse
1081 2689 1206 2734 velim,
1237 2688 1359 2738 legem
1391 2686 1493 2723 illam
1521 2686 1568 2723 de
1601 2699 1677 2736 qua

225 2769 364 2807 queror
394 2755 441 2792 ab
469 2767 515 2792 eo
540 2754 658 2790 fuisse
678 2753 752 2790 isto
771 2751 958 2802 prolatam
980 2751 1160 2800 temporis
1180 2747 1340 2786 articulo
1361 2760 1437 2797 quo
1457 2747 1677 2797 reipublicae

224 2818 347 2855 forma
379 2815 449 2853 fuit
478 2822 639 2859 mutata,
664 2815 698 2850 in
733 2824 940 2862 eorumque
974 2811 1134 2861 gratiam
1165 2810 1229 2860 qui
1258 2809 1472 2846 libertatem
1502 2822 1674 2846 eversum

224 2879 346 2922 ibant,
368 2876 402 2912 in
432 2887 624 2924 causaque
652 2875 784 2916 fuisse,
806 2872 1036 2924 proferenda
1060 2871 1126 2908 illa
1152 2871 1236 2921 lege
1262 2871 1309 2908 ab
1333 2871 1419 2921 ipso
1437 2870 1614 2914 conficta,
1637 2877 1679 2907 ut

227 2950 304 2975 una
329 2949 416 2975 cum
445 2936 624 2986 legitimis
648 2936 840 2986 judicibus
866 2934 915 2972 ad
939 2933 1188 2981 judicandum
1215 2932 1261 2970 de
1281 2932 1521 2983 Cleophonte
1541 2938 1679 2982 praeter
