1822 3219
770 526 1171 582 LYSIAE

451 659 826 708 CONTRA
879 661 1494 711 ALCIBIADEM

624 780 694 819 OB
731 781 990 820 ORDINEM
1028 783 1324 822 DESERTUM

848 873 1097 918 ORATIO.

310 1051 343 1086 l.
373 1050 589 1096 ΤΑΜΕΤεΙ,
612 1051 775 1101 judices,
797 1053 827 1090 si
848 1054 934 1100 quis
962 1054 1066 1090 hunc
1086 1054 1325 1092 Alcibiadem
1350 1065 1531 1091 accusare
1551 1053 1588 1090 in
1614 1053 1698 1090 ani-

255 1123 358 1147 mum
376 1110 578 1154 induxerit,
600 1113 649 1148 ab
668 1125 713 1149 eo
732 1125 799 1150 vos
821 1112 911 1150 mihi
940 1126 1018 1150 non
1036 1113 1215 1151 videmini
1236 1126 1392 1152 causam
1417 1113 1494 1151 odii
1510 1112 1699 1151 ‘adversus

255 1170 361 1208 illum
380 1171 620 1220 requisituri;
651 1172 716 1221 qui
737 1186 778 1210 se
795 1176 876 1220 jam
895 1185 918 1210 a
940 1186 1058 1223 puero
1079 1174 1167 1212 inde
1193 1175 1314 1212 civem
1333 1174 1495 1223 gesserit
1520 1185 1623 1218 eum,
1642 1180 1700 1219 ut,

252 1231 367 1269 etiam
383 1232 414 1268 si
433 1231 515 1280 quis
534 1231 640 1269 nulla
658 1233 708 1269 sit
727 1234 774 1270 ab
793 1246 839 1270 eo
859 1233 1008 1283 privata
1026 1234 1142 1272 laesus
1156 1235 1306 1285 injuria,
1324 1235 1452 1272 facere
1474 1240 1603 1271 tamen
1622 1245 1702 1270 non

255 1292 390 1341 possit,
409 1292 613 1342 quominus
639 1306 725 1330 eum
751 1294 801 1330 ob
827 1306 953 1331 mores
983 1295 1102 1344 ipsius
1123 1302 1237 1344 atque
1258 1295 1434 1332 instituta
1454 1293 1543 1331 odio
1572 1306 1701 1344 prose-

255 1358 393 1400 quatur
416 1359 454 1388 et
481 1351 693 1390 abhorreat.
753 1353 890 1402 Neque
921 1353 1022 1391 enim
1048 1355 1193 1391 minuta
1219 1361 1308 1392 sunt
1327 1352 1534 1390 Alcibiadis
1561 1352 1702 1390 delicta

255 1425 380 1462 neque
397 1413 503 1450 venia
523 1413 640 1463 digna
661 1427 783 1464 neque
798 1427 907 1464 spem
927 1415 1119 1456 moventia
1138 1415 1252 1452 futuri
1272 1415 1463 1453 meliorem
1484 1413 1531 1452 ad
1552 1413 1702 1462 frugem

256 1473 416 1517 reditus,
444 1473 511 1510 sed
550 1480 654 1510 tanta
687 1481 747 1511 est
777 1487 909 1512 eorum
945 1475 1165 1518 enormitas,
1204 1481 1312 1513 tanta
1345 1474 1514 1517 foeditas,
1553 1480 1702 1511 tantum

254 1534 397 1578 odium,
413 1541 454 1570 ut
474 1533 512 1571 in
531 1534 575 1571 iis
594 1534 632 1571 in
651 1534 790 1584 quibus
817 1534 880 1573 ille
899 1535 1071 1573 exsultat
1100 1536 1286 1573 nonnulla
1306 1535 1396 1580 sint,
1420 1547 1581 1584 quorum
1599 1535 1704 1584 ipsos

255 1595 426 1632 inimicos
447 1595 604 1645 pudeat.
662 1597 760 1633 Sunt
785 1596 876 1634 mihi
904 1603 1047 1643 tamen,
1069 1605 1209 1647 praeter
1227 1610 1364 1635 causas
1390 1610 1475 1635 cum
1502 1610 1580 1646 rep.
1597 1608 1704 1634 com-

256 1669 404 1699 munes,
425 1655 599 1706 privatim
618 1670 772 1706 quoque
786 1670 916 1694 causae
934 1657 1110 1707 quaedam
1128 1658 1304 1708 propriae,
1318 1670 1384 1694 cur
1403 1670 1490 1694 eum
1511 1657 1541 1694 si
1560 1656 1704 1706 possim

255 1729 326 1767 ope
339 1724 467 1754 vestra
482 1717 635 1766 adjutus
654 1717 788 1754 ulcisci
807 1717 982 1755 studeam
999 1731 1008 1755 ε
1038 1731 1116 1755 non
1137 1719 1237 1755 enim
1255 1724 1444 1756 vetustum
1463 1715 1704 1755 solummodo

253 1777 360 1814 illum
375 1777 569 1815 inimicum
587 1778 710 1815 habeo
731 1792 798 1828 per
817 1779 1034 1817 simultates
1055 1792 1142 1829 quae
1161 1781 1368 1829 majoribus
1394 1780 1487 1816 meis
1516 1791 1603 1816 cum
1622 1791 1704 1816 ma-

246 1839 393 1889 joribus
412 1839 493 1889 ejus
508 1839 589 1888 jam
610 1851 632 1876 a
652 1839 861 1889 longinquo
882 1840 1194 1885 intercesserunt,
1214 1841 1282 1877 sed
1302 1841 1428 1884 etiam,
1449 1852 1555 1877 nunc
1569 1851 1702 1876 recens

254 1899 397 1936 malum
423 1900 470 1936 ab
498 1912 544 1936 eo
571 1899 728 1948 accepi;
761 1913 922 1949 quorum
943 1900 1114 1937 omnium
1139 1913 1275 1950 poenas
1303 1914 1404 1937 nunc
1423 1901 1471 1937 ab
1496 1913 1555 1944 ee,
1584 1900 1615 1936 si
1636 1911 1704 1950 per

253 1973 321 1997 vos
349 1959 493 2004 licebit,
518 1966 699 2009 repetam.
757 1961 809 1997 Et
829 1961 878 1998 de
909 1961 1063 2010 reliquis
1083 1960 1238 2010 quidem
1257 1961 1311 1998 sic
1332 1961 1425 1998 satis
1445 1960 1540 1997 dixit
1557 1959 1704 1997 Arche-

255 2020 454 2062 stratides;
499 2020 605 2069 leges
633 2020 734 2057 enim
765 2021 936 2058 recitavit
963 2028 1155 2071 testesque
1182 2021 1229 2059 de
1248 2021 1467 2059 criminibus
1489 2020 1703 2070 quibusque

254 2083 456 2133 produxit:
485 2095 574 2132 quae
600 2095 691 2119 vero
718 2083 782 2120 ille
802 2083 892 2120 mihi
917 2084 1089 2122 omisisse
1108 2084 1272 2130 videtur,
1290 2097 1337 2122 ea
1363 2096 1430 2121 vos
1457 2095 1530 2134 ego
1550 2080 1704 2158 singula

255 2144 416 2181 docebo.
473 2143 609 2180 Recita
626 2151 666 2180 tu
685 2143 776 2180 mihi
795 2144 933 2193 legem.

919 2236 1036 2272 LEX.

291 2323 329 2356 2.
344 2321 458 2356 Nunc
472 2320 632 2368 primum
648 2332 669 2355 a
682 2319 925 2356 reconciliata
939 2319 1216 2368 pace,judices,
1226 2318 1446 2368 hujusmodi
1461 2318 1497 2354 in
1512 2318 1702 2368 causajus

255 2381 392 2418 dicturi
420 2379 585 2416 sedetis:
617 2379 797 2428 quocirca
816 2387 1116 2416 consentaneum
1137 2386 1207 2422 est,
1228 2392 1294 2416 vos
1313 2391 1416 2416 nunc
1435 2392 1509 2415 non
1525 2378 1701 2428 judicum

255 2440 370 2477 modo
391 2439 458 2476 sed
479 2438 740 2488 legislatorum
763 2452 917 2488 quoque
938 2446 1066 2489 partes
1086 2453 1214 2490 agere,
1230 2441 1327 2477 bene
1348 2451 1499 2490 gnaros,
1518 2438 1702 2476 utramvis

255 2504 292 2539 in
313 2508 459 2550 partem
479 2512 545 2536 vos
569 2512 670 2535 nunc
689 2499 909 2549 hujusmodi
929 2501 976 2537 de
996 2500 1153 2537 crimine
1172 2500 1517 2550 pronuntiaveritis,
1536 2498 1574 2535 id
1594 2498 1646 2535 ita
1665 2499 1702 2534 in

255 2569 448 2613 posterum
477 2572 627 2609 quoque
656 2567 781 2596 ratum
810 2567 847 2596 et
874 2561 910 2596 in
938 2573 1015 2610 rep.
1040 2561 1242 2598 valiturum
1276 2573 1375 2598 esse.
1438 2558 1541 2596 Civis
1573 2566 1701 2595 autem

255 2622 347 2660 boni
375 2629 413 2658 et
437 2620 578 2666 judicis
609 2620 709 2670 aequi
741 2626 868 2669 partes
901 2621 962 2656 hae
997 2621 1086 2657 mihi
1116 2621 1291 2659 videntur
1316 2632 1414 2662 esse,
1434 2618 1532 2655 utin
1555 2618 1702 2668 legibus

256 2680 549 2732 interpretandis
569 2687 684 2731 atque
703 2680 925 2717 exercendis
946 2680 997 2717 ita
1019 2688 1201 2725 versetur,
1216 2688 1259 2717 ut
1274 2693 1350 2717 non
1370 2678 1566 2728 praesentis
1588 2679 1702 2716 modo

257 2743 437 2792 temporis
458 2741 643 2779 rationem
662 2740 855 2784 habuisse,
876 2741 943 2777 sed
969 2742 1100 2778 futuro
1126 2753 1277 2789 quoque
1307 2738 1559 2789 prospexisse,
1580 2750 1702 2788 eaque

259 2803 504 2841 constituisse
523 2802 698 2839 videatur
721 2813 804 2851 quae
835 2801 926 2850 reip.
949 2801 986 2837 in
1010 2807 1232 2849 perpetuum
1256 2799 1302 2835 ad
1329 2799 1488 2836 salutem
1508 2798 1702 2848 decusque

260 2865 336 2902 sint
354 2862 667 2899 fructuosissima.
726 2861 824 2899 Sunt
839 2873 988 2910 nempe,
1007 2861 1071 2910 qui
1093 2872 1228 2909 negare
1246 2860 1426 2904 audeant,
1447 2859 1584 2898 deserti
1606 2858 1704 2896 ordi-
