1911 3248
635 184 986 222 TETRALOGIA
1017 185 1048 221 Ι.
1516 186 1561 221 19

120 284 221 322 sitim
254 283 344 321 satis
372 283 605 334 restinguere
637 290 676 320 et
708 295 844 320 manus
864 284 1066 334 reprimere
1085 289 1198 333 atque
1219 284 1267 320 ad
1288 284 1560 322 continentiam

123 356 366 393 compescere
398 350 558 394 poterat,
579 348 617 379 et
647 342 829 392 cogitatio
862 342 1018 392 periculi
1049 342 1239 380 subeundi
1273 350 1312 380 et
1343 344 1561 393 ignominiae

121 404 405 449 contrahendae,
433 402 580 441 etiamsi
601 414 732 439 revera
752 402 960 452 aliquando
981 403 1097 439 caedis
1129 403 1412 440 committendae
1433 405 1561 454 aliqua

120 463 249 502 lubido
287 478 351 502 eos
387 463 620 501 incessisset.
679 463 753 500 Sed
792 463 923 500 famuli
960 464 1215 500 testimonium
1261 464 1414 501 elevat?
1470 466 1559 504 Non

118 531 222 562 recte
241 524 272 562 is
292 525 460 575 quidem.
503 523 604 560 Nam
620 523 774 572 optimae
786 523 880 560 illud
897 530 980 561 erat
994 524 1294 574 certissimaeque
1310 525 1559 573 auctoritatis,

117 597 164 621 ex
194 598 239 622 eo
268 597 405 634 genere
435 583 754 628 testimoniorum,
773 596 859 633 quae
892 584 1048 621 edentes
1081 585 1191 628 servi,
1220 598 1296 622 non
1335 586 1450 623 modo
1477 600 1554 624 non

116 644 314 682 :tormentis
347 643 611 694 subjiciuntur,
631 643 699 680 sed
728 643 787 680 vel
819 644 993 681 libertate
1024 656 1174 694 quoque
1204 644 1410 682 donantur.
1465 647 1562 684 Tor-

117 711 281 753 quentur
310 703 439 753 utique
466 703 563 740 servi
593 703 630 739 in
664 703 789 740 causis
820 702 1011 741 herorum.
1068 703 1143 742 Sed
1172 705 1339 753 quibus?
1378 718 1464 742 cum
1494 714 1561 745 aut

116 764 257 801 conscii
293 771 568 813 consortesque
597 763 697 800 heris
731 763 885 801 fuerunt
910 765 951 801 in
973 765 1137 802 furando
1163 772 1230 802 aut
1258 765 1358 803 furta
1383 766 1558 804 herorum

116 824 314 861 infitiando
352 824 478 861 celare
520 830 722 868 conantur,
750 830 830 860 tum
865 824 1029 874 equuleo
1066 837 1131 862 eos
1168 824 1397 874 imponimus
1435 840 1558 876 eaque

115 884 343 922 necessitate
374 883 451 921 veri
487 882 768 921 confessionem
788 897 834 921 ex
854 884 898 921 iis
919 884 1130 934 exprimere
1161 884 1374 922 studemus.
1432 887 1557 924 Etiam

115 943 188 982 hoc
207 957 308 994 nego
325 957 456 982 verum
477 956 578 989 esse,
599 944 703 993 quod
724 944 788 990 ait,
807 944 1057 982 verosimilius
1084 957 1186 990 esse,
1205 958 1227 982 a
1246 945 1352 983 caede
1371 948 1561 996 patranda

114 1016 156 1041 se
175 1004 360 1050 abfuisse,
379 1017 492 1054 quam
523 1003 557 1040 ei
591 1003 824 1041 interfuisse.
881 1003 1024 1041 Verum
1056 1004 1210 1054 quidem
1228 1004 1303 1043 hoc
1323 1005 1443 1042 fateor
1462 1019 1558 1053 esse,

115 1065 146 1102 si
174 1065 368 1110 abfuisset,
388 1065 511 1102 minus
531 1064 740 1115 periculum
773 1078 860 1102 eum
897 1065 1016 1102 fuisse
1047 1065 1252 1110 aditurum,
1281 1078 1394 1115 quam
1426 1067 1457 1103 si
1490 1068 1557 1105 ad-

114 1125 256 1163 fuisset.
314 1127 394 1163 Fac
412 1126 512 1163 enim
533 1125 708 1162 sicarium
739 1125 786 1161 ab
820 1138 866 1162 eo
899 1125 1127 1169 immissum,
1157 1125 1195 1162 in
1229 1125 1394 1163 facinore
1427 1126 1560 1177 depre-

114 1184 290 1230 hensum,
311 1186 345 1222 in
365 1185 468 1222 hunc
489 1185 699 1223 contulisse
729 1184 896 1236 culpam,
918 1186 964 1222 ab
983 1185 1056 1222 hoc
1089 1199 1129 1222 se
1158 1185 1300 1223 dixisse
1332 1193 1499 1236 emptum
1520 1195 1559 1225 et

116 1245 323 1283 immissum
344 1258 440 1283 esse.
497 1245 591 1288 Quis
624 1244 822 1281 crederet?
862 1244 928 1294 qui
960 1244 1224 1294 praedicationi
1253 1258 1331 1282 suae
1364 1259 1556 1285 mercena-

116 1306 192 1344 rius
211 1307 326 1344 fidem
347 1305 519 1344 faceret?
573 1304 716 1342 Verum
748 1318 892 1349 rursus,
913 1305 943 1341 si
965 1305 1161 1350 abfuisset,
1180 1306 1388 1343 verendum
1409 1307 1442 1344 ei
1465 1315 1558 1353 erat,

117 1379 162 1403 ne
199 1367 348 1404 facinus
386 1366 510 1402 minus
547 1370 783 1415 patraretur;
832 1365 1028 1414 segniores
1062 1366 1099 1402 in
1137 1367 1383 1416 exsequendo
1420 1367 1558 1405 futurae

116 1427 281 1464 fuissent
311 1439 459 1477 operae:
489 1437 602 1463 nemo
632 1437 708 1462 non
737 1437 863 1462 eorum
897 1427 1079 1470 omnium,
1100 1427 1259 1464 absente
1279 1427 1503 1477 instigatore
1524 1435 1562 1466 et

117 1487 369 1536 gubernatore
404 1486 597 1530 facinoris,
626 1484 871 1522 cunctantius
903 1491 1018 1534 atque
1051 1485 1359 1523 reformidantius
1391 1486 1430 1523 id
1459 1495 1562 1525 esset

118 1559 338 1596 aggressus.
393 1547 535 1583 Verum
554 1551 673 1594 negat
691 1544 918 1595 periculum,
939 1545 1044 1594 quod
1075 1546 1144 1583 sibi
1174 1558 1195 1582 a
1221 1558 1340 1583 causa
1371 1547 1561 1598 sacrilegii

118 1606 384 1654 imminuisset,
422 1607 454 1645 si
489 1612 688 1657 perempto
716 1605 815 1643 hanc
846 1606 1131 1644 accusationem
1161 1607 1338 1656 persequi
1374 1620 1443 1657 per
1478 1608 1558 1646 fata

115 1668 300 1715 licuisset,
320 1669 473 1719 gravius
493 1674 608 1718 atque
634 1666 846 1703 horribilius
878 1666 1012 1711 fuisse,
1031 1678 1144 1715 quam
1178 1666 1388 1715 periculum
1428 1681 1557 1705 causae

116 1727 230 1778 hujus
250 1742 363 1779 quam
384 1729 430 1766 de
449 1728 652 1766 homicidio
672 1740 778 1764 nunc
798 1726 986 1776 agendam
1004 1727 1134 1764 habet.
1184 1726 1315 1763 Etiam*
1329 1727 1403 1764 hoc
1421 1728 1559 1767 falsum

120 1803 205 1828 eum
220 1790 359 1836 dicere,
375 1790 535 1828 docebo.
593 1788 828 1827 Discrimina
846 1795 885 1825 et
901 1787 1233 1825 condemnationis
1253 1795 1291 1824 et
1311 1788 1559 1828 absolutionis

120 1851 159 1887 in
192 1857 350 1901 utraque
379 1862 498 1887 causa
528 1861 712 1900 ponamus
744 1848 860 1898 paria.
918 1849 970 1884 At
998 1860 1076 1884 non
1106 1847 1264 1897 perinde
1293 1855 1437 1885 certum
1466 1856 1561 1898 erat,

120 1911 215 1956 fore,
235 1918 278 1948 ut
304 1924 419 1949 causa
450 1910 643 1948 homicidii
676 1909 712 1946 in
739 1909 926 1957 judicium
963 1908 1233 1953 adduceretur,
1270 1914 1384 1957 atque
1412 1917 1560 1948 certum

120 1979 214 2016 erat,
237 1972 392 2009 alteram
423 1985 576 2009 causam
605 1970 793 2020 sacrilegii
823 1982 907 2007 esse
939 1968 1209 2013 inducendam,
1244 1969 1274 2005 si
1304 1969 1382 2006 vita
1410 1970 1561 2009 inimico

122 2031 262 2069 diutius
280 2038 571 2082 prorogaretur;
600 2044 647 2067 ne
679 2042 832 2080 sperare
852 2029 1005 2078 quidem
1025 2029 1103 2065 ullo
1130 2035 1245 2078 pacto
1264 2036 1426 2078 poterat,
1444 2031 1564 2068 inimi-

119 2105 221 2138 cum,
253 2091 378 2142 quoad
417 2097 644 2142 superesset,
678 2090 749 2127 sibi
786 2090 936 2126 veniam
971 2089 1134 2126 actionis
1167 2089 1214 2125 de
1241 2089 1441 2138 sacrilegio
1474 2103 1560 2128 esse

121 2154 336 2191 facturum:
365 2152 466 2189 hanc
493 2158 617 2188 autem
648 2149 841 2187 homicidii
861 2149 1157 2190 accusationem,
1189 2156 1231 2185 ut
1256 2147 1456 2197 effugeret,
1480 2157 1563 2188 erat

122 2213 299 2264 sperandi
318 2224 436 2249 causa
455 2210 658 2262 probabilis
674 2226 683 2253 ;
713 2209 791 2247 fieri
807 2210 907 2246 enim
924 2215 1085 2259 poterat,
1099 2209 1192 2245 utin
1206 2209 1357 2245 occulto
1377 2217 1560 2256 maneret,

120 2287 143 2312 a
162 2287 203 2311 se
227 2273 373 2311 caedem
404 2272 521 2309 fuisse
551 2278 614 2308 aut
643 2272 788 2320 jussam
823 2276 890 2306 aut
921 2276 1123 2318 patratam.
1181 2268 1313 2313 Porro,
1345 2269 1559 2318 postulans,

119 2341 319 2385 propterea
336 2331 439 2382 quod
458 2330 622 2381 suspicio
643 2330 759 2368 caedis
787 2342 863 2367 non
885 2328 1145 2379 improbabilis
1164 2327 1200 2365 in
1222 2341 1263 2366 se
1283 2329 1463 2374 incurrat,
1482 2343 1560 2367 non

119 2395 206 2433 ideo
237 2393 365 2431 statim
395 2393 442 2429 ab
471 2392 571 2428 illius
600 2390 826 2441 suspicionis
856 2395 936 2426 tota
969 2389 1067 2426 mole
1086 2389 1258 2438 opprimi,
1277 2401 1355 2426 non
1375 2395 1477 2426 recte
1495 2402 1562 2440 po-

119 2456 248 2493 stulat.
303 2453 405 2490 Nam
435 2452 466 2489 si
493 2458 618 2489 metus
642 2449 868 2500 suspicionis
888 2456 926 2485 et
947 2448 1165 2498 ignominiae
1184 2449 1364 2499 publicae,
1384 2462 1499 2498 quam
1521 2450 1560 2486 in

125 2529 166 2554 se
196 2514 448 2552 incubituram
481 2512 650 2558 videbat,
670 2511 701 2548 si
719 2510 848 2548 caedes
868 2509 1182 2554 committeretur,
1202 2510 1293 2547 satis
1310 2509 1412 2546 hunc
1432 2522 1454 2546 a
1473 2522 1559 2559 pro-

124 2575 250 2626 posito
282 2579 451 2611 avertere
481 2571 614 2617 valuit,
641 2570 858 2608 necessario
893 2576 1206 2618 consequeretur,
1228 2569 1445 2606 insidiatum
1472 2569 1560 2606 vitae

122 2635 307 2687 perempti
331 2633 517 2671 neminem
538 2632 669 2669 fuisse.
726 2631 829 2680 Ergo
849 2635 1071 2679 peremptus
1083 2641 1158 2666 non
1175 2629 1258 2666 fuit.
1315 2628 1439 2664 Nemo
1459 2628 1559 2665 enim

122 2710 200 2734 non
220 2709 364 2742 eorum,
384 2694 448 2745 qui
467 2693 591 2730 minus
612 2691 696 2737 sibi,
716 2704 828 2741 quam
848 2690 910 2728 hic
930 2702 1032 2735 reim,
1052 2702 1076 2726 a
1094 2696 1288 2739 perempto
1319 2688 1558 2734 metuebant,

126 2756 342 2795 censendus
362 2762 434 2801 est,
453 2754 576 2791 minus
595 2751 736 2790 inimici
765 2750 878 2802 capiti
907 2750 1022 2787 fuisse
1043 2749 1257 2791 insidiatus,
1272 2760 1386 2796 quam
1404 2747 1466 2785 hic
1484 2756 1558 2795 est,

125 2817 189 2867 qui
218 2815 385 2853 omnium
415 2814 576 2852 maxime
597 2813 667 2850 sibi
686 2813 733 2849 ab
754 2824 799 2849 eo
827 2810 1034 2848 metuebat.
1091 2807 1398 2845 Contributiones
1431 2815 1560 2846 autern

127 2883 166 2915 et
184 2874 402 2925 largitiones
435 2875 474 2911 in
507 2871 779 2923 rempublicam
810 2883 898 2909 suas
927 2870 1079 2920 jactans
1114 2880 1215 2912 reuS,
1247 2875 1286 2905 et
1317 2867 1560 2918 choregatus,
