1822 3219
231 166 309 200 210
876 160 1052 197 LYSLE

375 303 469 333 ’Ὀσαι
485 301 677 343 πεφασμένως
692 304 857 338 πῡλοῦιται,
879 308 909 332 et
927 303 1013 335 οῖκῖος
1028 300 1139 333 βλάβην
1157 301 1206 334 τῖς
1220 299 1316 333 δούλης
1333 300 1431 330 διπλῖν
1446 299 1547 339 ὅφλειν.

235 387 448 434 Attendite,
478 387 646 439 judices,
672 387 856 424 animum.
914 386 1163 436 πεφασμένως
1198 384 1426 422 tantundem
1454 384 1556 421 valet
1583 389 1697 434 atque

233 452 347 490 bodie
359 456 517 503 φανερῶς
527 449 727 499 propalam,
743 455 782 485 et
798 450 1004 484 πολοῦνται
1025 446 1124 484 idem
1146 453 1261 496 atque
1275 444 1493 492 βαδίζουσιν
1505 445 1701 490 ambulant,

234 520 273 550 et
292 515 412 558 οἰκῆος
432 511 533 549 idern
551 517 666 560 atque
686 509 915 559 θεράποντος
935 508 1044 546 servi.
1077 510 1170 559 [quo
1185 509 1239 552 fit,
1261 515 1304 544 ut
1325 508 1419 557 legis
1441 507 1524 545 haec
1543 507 1592 544 sit
1613 520 1701 544 sen-

234 576 375 615 tentia:
420 575 485 625 qui
518 573 616 611 servi
649 586 788 624 corpus
820 572 1020 618 vitiaverit,
1047 572 1078 609 is
1109 571 1229 623 duplo
1261 571 1481 616 mulctetur,
1517 577 1634 621 atque
1670 570 1702 608 si

236 636 420 685 ancillae.]

288 700 327 736 6.
360 698 525 741 Infinita,
544 695 951 747 judices,hujusmodi
975 702 1152 747 prostant
1172 695 1208 732 in
1226 695 1391 744 legibus.
1450 694 1606 740 Verum,
1626 694 1701 732 etsi

234 774 358 812 pauca
377 772 534 797 numero
566 766 657 796 sunt
685 759 861 809 exempla
883 772 971 808 quae
1002 758 1107 795 illinc
1130 757 1244 795 modo
1264 757 1418 808 protuli,
1441 769 1552 807 spero
1572 763 1701 794 tamen

237 824 294 862 vel
316 837 361 862 ex
378 824 436 861 his
451 822 543 860 solis
562 822 878 866 Tlieoxnnestum,
894 821 961 858 nisi
978 821 1093 872 plane
1113 821 1317 872 plumbeus
1337 828 1409 865 est,
1428 834 1529 858 nunc
1547 820 1702 858 tandem

236 885 446 937 aliquando
466 884 717 928 intellexisse,
735 897 793 921 res
815 883 1039 920 adhucdum
1057 883 1211 920 easdem
1228 896 1313 920 esse
1327 896 1413 932 quae
1427 883 1583 920 fuerunt
1599 881 1704 925 olim,

238 948 428 986 vocabula
457 953 600 991 autem,
622 946 760 996 quibus
781 945 831 983 ad
862 945 948 982 illas
982 958 1043 982 res
1076 945 1351 995 significandas
1384 944 1541 988 utimur,
1563 944 1638 981 alia
1669 945 1704 980 in

237 1011 400 1048 aliorum
421 1009 548 1046 locum
580 1007 803 1051 succedere,
830 1020 956 1056 neque
988 1007 1121 1044 iisdem
1144 1021 1215 1044 nos
1244 1020 1346 1044 nunc
1367 1006 1421 1042 uti
1455 1006 1594 1056 quibus
1616 1005 1705 1043 olim

237 1073 385 1123 priscos
406 1071 491 1108 illos
513 1070 703 1107 homiues.
762 1069 895 1106 Faciet
911 1069 992 1119 ipse
1014 1082 1103 1106 mox
1125 1082 1220 1106 meae
1239 1069 1318 1119 spei
1341 1081 1499 1118 suaeque
1520 1067 1706 1105 docilitati

238 1134 371 1178 fidem,
408 1146 495 1170 cum
523 1131 661 1168 tacitus
683 1143 731 1168 ex
761 1129 821 1167 his
854 1129 1045 1167 subselliis
1083 1129 1238 1167 domum
1268 1129 1457 1173 discedet,
1487 1127 1541 1165 nil
1573 1135 1710 1165 contra

237 1196 406 1240 hiscens,
428 1193 463 1230 vi
498 1192 665 1230 veritatis
703 1191 751 1229 ad
778 1191 969 1228 silentium
1003 1191 1197 1229 redactus.
1254 1191 1320 1228 Sin
1354 1189 1547 1228 autemid
1581 1189 1709 1226 minus

238 1257 370 1300 faciat,
399 1263 480 1292 tum
501 1254 713 1291 secundum
735 1266 810 1297 me,
830 1253 1000 1301 judices,
1033 1266 1100 1290 oro
1128 1267 1209 1299 vos,
1230 1267 1382 1303 ecquam
1403 1260 1441 1290 et
1470 1265 1598 1290 veram
1621 1251 1711 1289 date

241 1318 483 1361 sententiam,
506 1316 781 1366 recogitantes,
813 1315 954 1351 malum
982 1327 1068 1352 esse
1097 1316 1216 1352 multo
1239 1315 1421 1359 atrocius,
1444 1322 1480 1351 te
1505 1314 1661 1351 domum
1691 1326 1711 1350 e

242 1381 324 1419 foro
350 1380 472 1417 redire
502 1392 590 1416 cum
612 1379 749 1428 probro
771 1377 976 1428 patricidii,
998 1391 1114 1428 quarn
1141 1391 1229 1421 curn
1261 1379 1399 1428 probro
1429 1377 1527 1414 scuti
1558 1376 1711 1427 abjecti.

243 1443 329 1493 Ego
355 1441 533 1492 equidem
563 1438 682 1476 videri
704 1438 834 1475 malim
857 1446 968 1476 scuta
999 1446 1192 1489 quotquot
1219 1451 1384 1489 usquam
1411 1443 1715 1475 terrarum-sunt

242 1504 370 1542 omnia
385 1503 588 1551 abjecisse,
606 1514 720 1552 quam
739 1501 867 1538 animo
882 1514 975 1551 erga
989 1509 1137 1552 patrem
1155 1509 1232 1539 tam
1249 1501 1468 1539 truculento
1485 1509 1522 1539 et
1542 1500 1714 1538 belluino

241 1566 429 1616 praeditus
462 1577 562 1602 esse.
621 1563 695 1601 Hic
714 1562 870 1613 quidem
904 1563 1193 1601 Tlieomnestus
1224 1577 1310 1601 cum
1334 1576 1418 1601 vere
1454 1563 1717 1601 commisisset

242 1627 338 1664 illud
354 1626 541 1677 flagitium
558 1624 686 1675 [cujus
708 1637 795 1662 eum
814 1624 1018 1675 Lysitheus
1037 1625 1296 1670 insimulabat,
1314 1625 1454 1676 abjecti
1476 1633 1566 1675 puta
1584 1623 1716 1676 scuti],

245 1690 444 1738 minorque
461 1700 547 1725 eum
561 1700 648 1723 cum
671 1699 786 1737 poena
802 1694 974 1724 maneret
992 1686 1228 1732 convictum,
1244 1699 1359 1737 quam
1380 1700 1440 1724 me
1457 1700 1557 1724 nunc
1574 1697 1718 1736 manet,

244 1751 275 1788 si
305 1763 327 1787 a
360 1749 468 1786 vobis
503 1748 756 1794 condemner,
787 1760 863 1784 non
899 1747 1024 1785 solum
1054 1762 1077 1785 a
1103 1748 1210 1785 vobis
1242 1748 1578 1786 commiseratione
1605 1750 1718 1788 motis

246 1811 449 1850 absolutus
471 1817 544 1854 est,
565 1810 632 1847 sed
652 1809 766 1848 etiam
793 1809 965 1860 perfecit,
987 1816 1029 1847 ut
1060 1810 1288 1862 Dionysius,
1312 1810 1376 1861 qui
1408 1810 1593 1860 Lysitheo
1614 1812 1721 1850 testi-

245 1875 415 1913 monium
442 1881 579 1912 contra
609 1886 663 1919 se,
683 1872 1002 1918 Theomnestum,
1032 1875 1277 1924 praestiterat,
1300 1886 1371 1911 ceu
1405 1873 1527 1911 falsus
1557 1874 1676 1920 testis,
1699 1887 1722 1912 a

244 1937 352 1975 vobis
373 1935 530 1974 infamia
548 1943 760 1973 notaretur.
820 1935 905 1986 Ego
922 1949 1025 1980 vero,
1039 1936 1104 1986 qui
1124 1936 1426 1973 Theomnestum
1440 1935 1613 1982 viderim,
1630 1950 1720 1974 cum

246 2000 286 2038 id
307 2000 463 2045 faceret,
484 1997 590 2048 quod
617 2011 684 2035 vos
705 2010 838 2034 omnes
860 2011 1011 2035 mecum
1033 1998 1155 2036 nostis
1185 1999 1242 2050 [h.
1264 2012 1297 2036 e.
1324 2012 1413 2036 cum
1434 1998 1587 2049 abjecto
1609 2005 1720 2037 scuto

244 2074 292 2099 ex
319 2061 399 2098 acie
430 2059 674 2110 auffugeret]‚
709 2059 790 2109 ipse
824 2067 954 2096 autem
985 2067 1138 2097 scutum
1172 2073 1299 2097 meum
1329 2060 1478 2098 salvum
1507 2060 1719 2107 retulerim,

247 2122 442 2160 sauciatus
463 2130 540 2159 tam
564 2120 645 2158 diro
665 2121 819 2171 probrO,
841 2121 946 2171 quod
977 2122 1135 2172 perinde
1167 2136 1254 2160 cum
1289 2121 1418 2172 legum
1447 2122 1575 2159 edicto
1604 2130 1720 2171 atque

246 2198 334 2223 cum
355 2184 515 2222 veritate
535 2183 628 2220 facti
651 2189 812 2234 pugnat,
826 2183 864 2220 in
886 2183 960 2221 ista
974 2184 1087 2222 sortis
1107 2193 1248 2222 nostrae
1268 2185 1506 2234 disparitate,
1524 2197 1613 2221 cum
1629 2184 1719 2221 mihi

247 2248 403 2297 quidem
425 2247 581 2283 funesta
600 2245 802 2283 calamitas
823 2245 1033 2291 immineat,
1055 2246 1084 2283 si
1113 2246 1173 2282 hic
1194 2245 1430 2289 absolvatur,
1452 2245 1557 2282 hunc
1578 2251 1722 2290 autem,

248 2309 280 2346 si
306 2307 502 2346 maledicti
523 2319 591 2357 per
620 2307 729 2343 nefas
752 2306 788 2343 in
825 2319 886 2343 me
913 2307 1078 2357 conjecti
1100 2306 1316 2351 damnetur,
1349 2306 1441 2344 levis
1462 2314 1499 2344 et
1520 2306 1583 2343 vix
1615 2319 1722 2344 men-

246 2371 353 2408 tione
379 2370 498 2419 digna
519 2381 633 2419 poena
659 2374 840 2411 maneat;
871 2381 1009 2418 egone,
1037 2369 1210 2419 inquam,
1239 2369 1422 2406 facultate
1450 2369 1654 2420 priverjus
1675 2369 1724 2406 ab

249 2445 295 2469 eo
316 2443 443 2468 meum
465 2428 696 2481 repetendi?
754 2430 888 2480 Ecquo
905 2443 977 2480 ego
992 2443 1061 2468 vos
1084 2430 1226 2468 delicto
1248 2429 1388 2468 offendi
1406 2430 1421 2466 ἲ
1478 2430 1632 2481 Ecquid
1650 2436 1724 2476 est,

248 2493 355 2544 quod
386 2492 478 2529 vitio
516 2491 608 2528 mihi
643 2491 829 2529 vertatis?
887 2492 991 2529 Num
1018 2492 1108 2537 hoc,
1142 2492 1276 2530 merito
1309 2491 1400 2528 mihi
1437 2492 1618 2542 probrum
1651 2491 1726 2529 hoc

249 2556 479 2606 adspersum
500 2551 648 2590 fuisse?
693 2554 750 2590 At
776 2566 823 2590 ne
850 2566 916 2591 vos
938 2554 1009 2604 ipsi
1030 2554 1188 2604 quidem
1214 2554 1339 2591 aiatis.
1384 2552 1578 2598 Anistud‚
1602 2553 1727 2591 Theo-

249 2625 458 2662 mnestum,
476 2621 515 2653 et
535 2614 660 2665 ipsum
680 2615 804 2651 virum
825 2614 1086 2654 honestiorem
1103 2629 1186 2653 esse
1207 2623 1246 2653 et
1268 2616 1353 2652 loco
1373 2623 1510 2652 natum.
1529 2614 1728 2661 nobiliore,

249 2692 366 2730 quam
388 2675 473 2714 me?
521 2675 574 2712 At
599 2688 647 2713 ne
667 2675 749 2726 ipse
768 2675 925 2726 quidem
956 2677 1242 2714 Theomnestus
1265 2675 1436 2726 postulet
1461 2676 1515 2713 ita
1544 2676 1591 2713 de
1617 2677 1728 2714 nobis

251 2738 477 2778 existimari.
534 2737 596 2774 An
611 2735 687 2774 hoc
702 2737 926 2788 praetexetis
941 2738 1078 2789 judicii
1098 2738 1215 2776 vestri
1236 2737 1442 2786 iniquitati,
1463 2737 1567 2787 quod
1587 2736 1730 2789 abjecti

251 2801 531 2851 degenerisque
549 2812 609 2837 me
630 2799 746 2837 animi
774 2799 976 2846 incusetis,
997 2801 1076 2850 qui,
1099 2813 1185 2838 cum
1209 2808 1362 2837 scutum
1384 2800 1464 2850 ipse
1485 2800 1728 2851 abjecissem,

253 2861 448 2900 maledicti
469 2874 538 2912 per
557 2860 669 2899 nefas
689 2860 830 2912 objecti
857 2874 1017 2899 causam
1038 2861 1090 2899 illi
1119 2861 1316 2906 intentem,
1344 2861 1411 2911 qui
1443 2868 1594 2899 scutum
1614 2874 1726 2899 suum

254 2924 401 2962 salvum
418 2936 463 2961 ex
486 2923 565 2961 acie
585 2923 744 2961 domum
762 2922 985 2961 retulisset?
1031 2923 1146 2974 Atqui
1164 2922 1213 2961 de
1236 2936 1293 2960 me
1315 2922 1487 2974 profecto
1507 2922 1728 2973 hujusmodi
