1822 3219
594 156 664 193 DE
694 153 998 192 MYSTERHS.
1463 151 1511 186 89

75 257 294 308 potiremur,
316 257 421 296 illum
446 271 469 297 a
494 258 601 296 nobis
628 257 665 294 in
689 255 894 306 collegium
919 261 1090 292 nostrum
1120 260 1340 304 cooptatum
1364 252 1424 290 iri:
1453 252 1510 289 in-

75 320 182 357 terim
211 334 280 359 nos
309 322 345 359 in
370 321 596 360 conditionis
616 318 1027 369 fidemjusjurandum‚
1048 323 1086 355 et
1105 316 1157 354 illi
1178 317 1348 354 dicturos
1368 327 1454 354 esse
1474 322 1512 352 et

74 381 122 418 ab
140 380 205 419 illo
223 383 385 421 vicissim
405 389 616 420 exacturos.
673 380 734 417 Ad
756 380 839 417 haec
855 380 979 417 aiebat
994 378 1188 416 Dioclides
1201 390 1242 414 se
1256 377 1511 426 respondisse,

76 441 373 483 deliberaturum
394 457 434 482 se
455 456 560 486 esse;
591 455 661 480 nos
681 449 805 479 autem
822 441 894 492 ipsi
913 440 1129 484 mandasse,
1142 446 1185 476 ut
1203 439 1242 475 in
1257 437 1362 475 aedes
1379 437 1512 475 Calliae

76 504 140 542 filii
171 505 337 544 Teleclis
367 506 564 543 nobiscum
595 504 829 555 conveniret,
862 515 938 553 quo
966 502 1077 540 etiam
1112 501 1174 538 ille
1206 500 1370 538 adesset.
1427 499 1513 536 Hoc

76 567 192 605 modo
220 581 350 607 rursus
377 568 515 606 sororis
545 580 698 617 quoque
733 579 830 604 meae
864 565 1038 603 maritum
1069 564 1232 601 Calliam
1265 561 1515 613 pessumdare

76 628 265 667 studebat.
321 629 556 667 Convenisse
594 629 720 666 aiebat
749 627 946 669 Dioclides
983 625 1030 663 ad
1062 624 1212 670 Calliae,
1240 633 1278 661 et
1313 635 1514 661 assensum

75 701 161 727 esse
187 688 376 740 fidemque
404 690 513 727 nobis
543 703 651 727 suam
678 687 928 740 jurejurando
957 686 1148 737 obligasse
1176 686 1214 722 in
1246 683 1428 735 Acropoli
1449 683 1514 733 [de

76 749 216 789 scelere
235 763 311 788 non
331 751 562 802 prodendo],
583 758 620 797 et
640 763 709 788 nos
728 749 895 788 vicissim
915 749 964 786 de
984 747 1160 786 mercede
1178 753 1311 798 pactos
1334 758 1418 783 esse
1442 745 1515 783 sub

74 809 285 860 ingressum
306 812 466 864 proximi
483 813 625 851 mensis
644 811 914 863 dependenda,
936 811 1016 861 jam
1040 821 1128 847 vero
1153 808 1380 860 promissum
1406 806 1516 845 fefel-

73 869 177 917 lisse,
195 874 395 924 pecuniam
414 874 631 912 condictam
655 872 756 911 haud
782 879 1030 924 praestantes:
1061 877 1262 921 propterea
1283 882 1323 907 se
1343 881 1447 906 nunc
1465 867 1515 923 ad

72 939 246 971 senatum
264 934 369 973 adire
386 935 488 974 facta
505 935 729 974 indicatum.

130 994 190 1032 10.
221 996 321 1034 Haec
351 1004 452 1043 sunt,
475 1011 497 1035 o
517 997 598 1042 viri,
619 1010 707 1048 quae
730 995 928 1034 Dioclides
954 994 1026 1032 hac
1049 994 1097 1031 de
1117 1007 1156 1031 re
1175 994 1211 1030 in
1233 998 1371 1031 senatu
1391 991 1515 1030 verbis

76 1055 264 1104 prodidit:
295 1057 364 1096 sed
392 1066 429 1096 et
464 1066 650 1109 praeterea
687 1058 849 1095 indicem
887 1055 1058 1093 exhibuit
1091 1054 1207 1093 literis
1245 1053 1516 1104 consignatum

76 1129 220 1164 eorum,
241 1132 337 1170 quos
357 1133 404 1158 ex
423 1120 486 1158 illa
505 1122 659 1171 ingente
678 1119 872 1157 hominum
893 1117 1004 1155 turba
1020 1116 1090 1154 ista
1109 1122 1221 1154 nocte
1240 1129 1280 1154 se
1301 1115 1517 1153 noscitasse

77 1179 215 1226 aiebat,
242 1180 291 1218 ad
316 1181 414 1219 duos
441 1189 479 1219 et
501 1181 776 1231 quadraginta;
807 1186 847 1217 et
871 1179 1012 1229 primos
1035 1177 1188 1228 quidem
1212 1177 1353 1214 edebat
1373 1175 1518 1214 Manti-

77 1239 207 1278 theum
226 1248 340 1292 atque
357 1242 652 1293 Aphepsionem‚
670 1241 842 1292 quamvis
859 1248 1055 1277 senatores
1074 1245 1202 1277 essent
1220 1246 1336 1289 atque
1356 1238 1394 1276 in
1413 1239 1519 1277 curia

77 1301 267 1347 sederent,
296 1309 385 1353 post
411 1310 535 1340 autem
569 1303 746 1353 reliquos.
808 1301 863 1339 Ibi
899 1300 1086 1338 Pisander
1115 1313 1201 1337 cum
1235 1299 1519 1344 assurrexisset,

76 1369 209 1399 auctor
227 1363 340 1401 fiebat
357 1364 516 1408 senatui,
539 1372 581 1401 ut
599 1365 793 1402 decretum
814 1363 886 1401 sub
904 1361 1100 1400 Archonte
1122 1361 1371 1418 Scamandrio
1396 1362 1517 1400 latum

77 1423 323 1469 rescinderet,
339 1437 459 1475 eoque
479 1426 592 1470 facto,
609 1431 796 1476 quotquot
816 1425 853 1461 in
867 1424 932 1461 illo
952 1424 1077 1461 indice
1093 1422 1279 1461 Dioclidis
1296 1423 1519 1462 nominatim

77 1492 206 1522 essent
232 1485 435 1536 designati,
452 1499 584 1525 omnes
604 1487 641 1524 in
662 1487 863 1536 equuleum
888 1485 1185 1536 imponerentur,
1204 1497 1281 1533 quo
1302 1484 1349 1522 de
1369 1484 1521 1522 sceleris

78 1547 316 1584 consortibus
336 1548 511 1586 omnibus
528 1556 614 1585 ante
631 1547 753 1585 noctis
768 1547 973 1584 adventum
989 1552 1195 1584 constaret.
1252 1546 1522 1585 succlamabat

79 1615 249 1654 senatus,
263 1622 348 1647 eum
363 1617 467 1648 recta
479 1610 654 1648 suadere.
709 1608 974 1646 Manthitheus
989 1614 1114 1645 autem
1133 1613 1172 1644 et
1185 1607 1423 1658 Aphepsion,
1438 1607 1522 1645 istis

80 1669 236 1715 auditis,
256 1670 305 1709 ad
324 1684 427 1709 aram
448 1672 578 1710 Vestae
605 1671 893 1721 confugiebant,
914 1671 951 1707 in
977 1682 1052 1719 qua
1080 1668 1272 1719 supplices
1301 1668 1521 1707 desidentes

80 1734 283 1783 rogabant,
305 1741 348 1772 ut
366 1734 562 1772 tormentis
588 1747 634 1772 ne
659 1733 947 1782 subjicerentur,
967 1731 1035 1770 sed
1054 1731 1124 1769 sibi
1143 1731 1274 1768 liceret
1296 1730 1525 1780 fideJussori-

81 1794 154 1831 bus
174 1794 272 1831 datis
292 1794 439 1832 interim
460 1796 654 1833 discedere
674 1795 844 1840 domum,
863 1800 902 1831 et
915 1792 1058 1844 judicio
1077 1785 1244 1842 legitime
1264 1792 1453 1831 instructo
1473 1792 1524 1831 ad

81 1866 235 1892 causam
258 1855 459 1892 dicendam
480 1856 583 1894 dicta
601 1856 661 1893 die.
682 1855 832 1893 adesse.
889 1854 1009 1905 AEgre
1029 1854 1303 1905 impetrabant:
1333 1853 1525 1893 dabantur

82 1917 254 1967 praedes:
283 1917 336 1955 illi
354 1931 443 1956 vero
464 1932 483 1956 e
501 1919 637 1969 laqueo
656 1918 772 1969 elapsi
792 1918 962 1969 protinus
985 1917 1022 1954 in
1047 1930 1167 1967 equos
1191 1930 1233 1954 se
1256 1917 1525 1969 conjiciebant,

84 1978 215 2028 fugam
226 1980 490 2029 capessebant,
504 1980 552 2018 ad
565 1981 693 2017 hostes
707 1979 1023 2029 transfugiebant,
1038 1978 1229 2016 destitutis
1242 1979 1415 2025 vadibus,
1427 1993 1525 2030 quos

85 2039 256 2090 exlegis
282 2041 503 2090 praescripto
535 2041 669 2078 iisdem
694 2041 892 2091 oportebat
919 2042 1041 2091 poenis
1070 2039 1204 2085 teneri,
1231 2041 1369 2090 quibus
1394 2041 1525 2079 vadati

84 2100 369 2139 damnarentur.
426 2103 590 2140 Senatus
618 2102 778 2145 interim,
803 2103 875 2139 sub
901 2102 1104 2152 sponsione
1127 2101 1256 2152 jurata
1279 2102 1418 2140 silentii
1447 2116 1526 2141 ser-

83 2161 210 2207 vandi,
236 2160 429 2211 digressus
455 2164 573 2208 curia,
599 2176 668 2200 nos
696 2163 1045 2214 comprehendebat
1068 2170 1182 2212 atque
1210 2164 1446 2214 compeditos
1476 2165 1526 2203 ad

84 2224 216 2275 cippos
240 2223 434 2275 alligabat.
491 2225 678 2275 Strategis
698 2232 824 2263 autem
844 2224 880 2261 in
901 2224 1043 2262 curiam
1063 2225 1249 2263 arcessitis
1268 2225 1528 2265 demandabat

86 2292 125 2322 ut
141 2298 208 2336 per
225 2298 443 2336 praeconem
461 2287 758 2337 promulgarent,
771 2287 990 2337 quicunque
1003 2288 1246 2326 Atheniensis
1262 2289 1299 2326 in
1313 2290 1405 2328 urbe
1420 2280 1528 2329 habi-

85 2352 183 2383 taret
201 2354 244 2383 ut
261 2347 291 2384 is
310 2346 347 2383 in
365 2346 489 2384 forum
508 2354 674 2385 armatus
695 2349 928 2394 conveniret,
947 2349 1012 2397 qui
1032 2356 1159 2386 autem
1180 2349 1216 2386 in
1238 2350 1362 2401 longis
1381 2352 1528 2389 moeniis

87 2414 130 2445 ut
153 2407 192 2444 in
221 2407 429 2452 Theseum,
450 2408 612 2458 denique
633 2408 769 2446 Piraeei
796 2409 930 2446 incolae
954 2409 1050 2447 utin
1071 2410 1383 2461 Hippodamiam,
1403 2413 1528 2450 forum

87 2468 138 2506 ibi
157 2468 213 2506 sic
233 2468 393 2514 dietum,
413 2469 578 2512 coirent:
609 2469 799 2519 equitibus
817 2482 930 2520 porro
955 2477 998 2507 ut
1022 2470 1172 2521 signum
1197 2473 1290 2510 tuba
1315 2473 1451 2511 darent
1479 2474 1529 2511 ad

89 2530 391 2568 conveniendum
405 2530 471 2567 illa
485 2530 567 2581 ipsa
580 2530 705 2568 adhuc
718 2537 830 2569 nocte
843 2531 891 2569 ad
906 2532 1105 2570 Anaceum
1121 2536 1206 2584 [seu
1220 2535 1342 2572 aedem
1359 2535 1530 2573 Castoris

90 2598 130 2628 et
146 2591 358 2641 Pollucis];
389 2598 542 2630 senatus
557 2592 762 2643 jubebatur
780 2593 817 2630 in
833 2594 972 2632 Arcem
992 2595 1229 2633 adscendere
1248 2602 1363 2646 atque
1377 2596 1427 2634 ibi
1442 2610 1528 2648 per-

94 2659 258 2699 noctare,
277 2661 455 2705 prytanes
476 2660 603 2691 autem
620 2654 658 2691 in
677 2654 811 2694 Tholo.
867 2656 976 2698 Quos
991 2662 1119 2694 tantos
1134 2664 1261 2695 motus
1278 2657 1402 2695 Boeoti
1413 2671 1531 2708 quum

92 2713 194 2751 fama
209 2715 459 2765 accepissent,
479 2716 516 2753 in
536 2717 649 2754 armis
669 2716 717 2754 ad
738 2717 819 2767 agri
837 2718 958 2755 nostri
977 2719 1141 2756 confinia
1160 2719 1314 2756 exibant
1333 2725 1530 2758 eventum-

94 2787 169 2824 que
188 2775 450 2824 praestolantes
470 2777 521 2815 ibi
541 2779 796 2819 excubabant.
854 2779 1010 2817 Interim
1029 2787 1207 2830 prytanes
1233 2786 1425 2818 tantarum
1452 2788 1533 2821 tur-

94 2837 230 2875 barum
247 2837 475 2876 concitorem
495 2839 724 2885 Dioclidem‚
743 2841 859 2879 veluti
879 2842 1144 2892 sospitatorem
1162 2843 1351 2891 quendam
1371 2844 1532 2883 civitatis

800 2914 827 2938 N
