1822 3219
233 157 308 194 174
565 156 735 195 LYs1AE
764 157 1057 196 ADVERSUS
1088 157 1365 195 SIMONEM.

229 265 327 306 sent,
354 271 377 297 o
403 271 520 309 quam
550 259 692 298 multos
719 260 756 298 in
782 260 961 299 exsilium
991 260 1418 303 exterminassent!-—;
1449 259 1518 297 sed
1547 260 1585 297 in
1613 272 1698 305 eos,

232 321 262 357 si
284 321 349 371 qui
377 333 426 359 ex
448 321 593 360 insidiis
612 322 829 373 quempiam
851 322 1067 366 vulnerent,
1089 334 1206 371 quem
1229 321 1406 359 occidere
1427 320 1638 371 gestientes
1659 329 1699 360 et

231 389 408 432 parantes
439 381 543 420 haud
571 383 810 434 potuissent:
841 383 898 420 his
918 383 971 420 illi
996 382 1113 433 prisci
1134 381 1375 432 legislatores
1400 395 1531 432 poenas
1553 383 1698 420 consti-

231 450 338 481 tuere
370 450 446 480 tam
477 456 645 488 severas,
676 442 955 489 existimantes,
988 456 1066 481 non
1095 443 1361 494 impositorum
1381 443 1597 488 vulnerum,
1630 443 1698 481 sed

230 504 466 555 agitatorum
480 505 724 543 consiliorum
739 513 855 555 atque
869 505 1198 544 machinationum
1213 505 1453 542 funestarum
1468 505 1553 542 illos
1565 518 1698 555 poenas

230 565 395 610 debere;
427 580 532 612 nam,
558 566 631 604 etsi
656 566 795 618 cupitis
821 567 945 604 minus
974 575 1107 606 essent
1132 567 1255 618 potiti,
1286 566 1430 605 caedem
1454 574 1582 605 tamen
1610 567 1699 605 illos

229 627 493 673 nihilominus,
522 636 710 679 quantum
742 628 779 665 in
814 628 906 679 ipsis
940 628 1088 675 fuisset,
1122 636 1309 680 patrasse,
1340 642 1466 679 neque
1498 641 1565 679 per
1595 629 1699 679 ipsos

230 690 382 728 stetisse
403 703 480 741 quo
500 690 748 728 homicidium
770 689 895 728 minus
924 691 1240 729 committeretur.
1299 691 1362 728 Sic
1384 690 1499 728 vestri
1520 690 1699 741 majores.

232 752 288 789 At
309 752 504 791 enimvero
524 766 590 790 vos
609 752 681 804 ipsi
701 765 856 803 quoque
877 765 1141 804 saepenumero
1163 752 1398 804 temporibus
1424 751 1627 802 praeteritis
1649 751 1700 790 ad

230 812 335 852 hunc
354 815 512 853 modum
534 815 571 852 in
592 815 720 852 causis
740 815 921 865 προνοίας
940 815 1230 866 pronuntiastis.
1289 815 1339 852 Et
1366 814 1550 865 profecto,
1571 814 1601 851 si
1621 814 1702 865 qui,

227 888 295 927 per
317 876 581 915 temulentiam
601 883 667 914 aut
687 889 754 928 per
773 877 1061 915 contentionem
1083 884 1149 915 aut
1164 877 1213 915 ob
1234 889 1384 914 amores
1401 884 1468 913 aut
1481 877 1530 914 ob
1548 876 1702 927 ingesta

227 938 403 976 convicia
439 944 508 976 aut
541 951 657 989 super
688 938 890 977 meretrice
924 938 1142 989 digladiati,
1173 938 1335 976 vulnera
1368 937 1603 989 acceperint,
1635 943 1702 974 aut

227 998 395 1049 denique
430 1013 547 1050 super
584 1000 772 1051 ejusmodi
810 1001 926 1038 rebus
965 1014 1128 1051 quarum
1166 1013 1317 1044 omnes,
1355 1000 1420 1037 ubi
1457 999 1701 1050 resipuerint,

225 1061 426 1110 poeniteat,
449 1074 567 1111 grave
583 1061 631 1099 sit
651 1068 767 1112 atque
788 1075 948 1108 saevum,
965 1075 1034 1100 vos
1051 1062 1098 1100 ab
1115 1062 1159 1100 iis
1175 1074 1310 1113 poenas
1327 1069 1404 1099 tam
1425 1069 1576 1099 atroces
1590 1074 1701 1112 repe-

228 1129 322 1169 tere,
343 1130 385 1160 ut
405 1135 473 1161 eos
496 1123 649 1162 civitate
670 1123 946 1162 exterminetis.
1540 1117 1544 1119 ,

282 1185 320 1226 9.
353 1184 440 1222 Prae
470 1185 621 1223 caeteris
651 1186 690 1222 in
720 1185 794 1223 hoc
821 1186 979 1224 Simone
1006 1185 1307 1223 inconstantiam
1339 1191 1379 1222 et
1400 1183 1700 1222 mutabilitatem

228 1245 344 1283 animi
375 1246 502 1284 miror.
575 1247 662 1284 Non
699 1247 801 1285 enim
835 1247 926 1284 mihi
959 1248 1110 1285 videtur
1147 1247 1322 1298 ejusdem
1352 1260 1450 1292 esse,
1487 1254 1531 1284 ut
1562 1247 1701 1285 amoris

227 1321 305 1346 una
321 1308 660 1360 calumniandique
685 1311 818 1348 morbo
838 1317 1039 1355 teneatur;
1069 1309 1136 1347 sed
1157 1323 1285 1348 amare
1306 1309 1461 1359 quidem
1484 1310 1699 1347 animorum

228 1378 289 1408 est
309 1370 598 1421 simpliciorum,
619 1372 843 1409 calumniari
865 1382 991 1410 autem
1015 1372 1381 1410 versutissimorum.
1440 1370 1565 1408 Velim
1586 1370 1701 1409 licere

227 1431 318 1469 mihi
351 1433 518 1483 reliquas
547 1446 700 1483 quoque
738 1434 931 1485 nequitias
958 1435 1039 1485 ejus
1067 1447 1195 1472 coram
1229 1434 1336 1470 vobis
1369 1432 1587 1482 explicare3
1622 1446 1701 1483 quo

227 1494 510 1545 intelligeretis,
533 1496 654 1533 multo
673 1509 761 1533 eum
784 1509 870 1534 esse
889 1497 1104 1547 digniorem
1123 1496 1188 1546 qui
1206 1495 1343 1546 capitis
1364 1494 1422 1532 sui
1438 1507 1598 1532 causam
1618 1495 1702 1545 ipse

226 1556 345 1602 dicat,
372 1571 487 1608 quam
509 1564 551 1595 ut
573 1557 667 1595 alios
687 1557 724 1594 in
744 1557 952 1595 discrimen
974 1558 1196 1595 amittendae
1218 1558 1352 1607 patriae
1374 1556 1568 1607 conjiciat.
1611 1556 1701 1607 Ego

225 1631 318 1656 vero
339 1619 489 1670 reliqua
519 1619 676 1670 quidem
698 1620 899 1658 omittam:
928 1620 1032 1670 quod
1053 1633 1142 1657 vero
1173 1628 1211 1656 et
1231 1626 1397 1657 vestram
1429 1619 1604 1669 flagitare
1638 1631 1703 1656 au-

226 1680 410 1718 dientiam
433 1688 473 1719 et
493 1681 770 1719 documentum
791 1682 871 1719 fore
890 1680 1236 1719 videturaudaciae
1257 1688 1373 1731 atque
1393 1679 1610 1718 insolentiae
1629 1679 1700 1716 hu-

218 1743 284 1794 jus
307 1743 490 1789 Simonis,
518 1743 567 1781 de
594 1743 669 1781 hoc
697 1757 776 1781 uno
796 1744 1124 1781 commemorabo.
1184 1743 1227 1779 In
1248 1749 1376 1782 castra
1395 1742 1444 1779 ad
1467 1741 1699 1779 Corinthum

227 1818 314 1842 cum
336 1805 506 1843 venisset
533 1818 665 1856 pugna
691 1805 772 1856 jam
803 1804 1026 1856 depugnata
1046 1812 1086 1843 et
1109 1804 1218 1842 finita
1237 1804 1286 1841 ad
1306 1804 1523 1842 Coroneam
1544 1803 1702 1853 expedi-

225 1867 344 1913 tione,
361 1867 519 1906 Lacheti
534 1867 703 1906 cohortis
722 1867 876 1905 tribuno
899 1867 1127 1918 repugnavit
1142 1873 1182 1904 et
1202 1866 1362 1903 verbera
1377 1865 1554 1915 ingessit,
1576 1877 1699 1915 eoque

227 1929 379 1975 meruit,
409 1936 454 1966 ut
471 1929 590 1967 totius
619 1929 798 1974 civitatis,
827 1941 913 1979 quae
934 1935 1016 1966 turn
1038 1927 1112 1966 illis
1133 1928 1171 1965 in
1192 1928 1326 1965 castris
1349 1925 1525 1964 universa
1545 1927 1698 1977 agebat,

227 1989 309 2040 ipse
325 2003 423 2028 unus
439 1990 798 2041 negligentissimus
814 1989 1031 2041 disciplinae
1045 1989 1221 2027 militaris
1232 1996 1349 2039 atque
1365 1987 1698 2038 nequissimusju-
1748 2027 1752 2029 ,

231 2051 400 2097 dicatus,
412 2065 500 2090 cum
516 2052 790 2098 infamia,voce
803 2051 1126 2103 praeconis,jussu
1141 2051 1413 2102 imperatorum
1428 2048 1700 2099 expelleretur.

288 2114 350 2151 lO.
382 2113 513 2151 Multa
547 2113 677 2151 forent
714 2113 790 2151 alia
825 2120 1014 2164 praeterea
1045 2125 1132 2163 quae
1162 2112 1209 2150 de
1249 2112 1405 2148 Simone
1438 2109 1698 2160 praedicarem,

228 2189 374 2221 verum,
394 2175 576 2226 quoniam
600 2189 646 2214 ex
671 2176 829 2225 antiquo
858 2175 931 2213 ritu
960 2188 1040 2213 non
1066 2175 1159 2212 licet
1185 2175 1222 2211 in
1245 2172 1395 2222 judicio
1421 2178 1563 2215 vestro,
1585 2183 1698 2208 sena-

230 2243 348 2283 tores,
369 2250 392 2275 a
411 2250 529 2275 causa
550 2237 676 2274 aliena
693 2237 875 2287 proferre,
896 2236 980 2273 haec
1000 2249 1127 2287 pauca
1142 2235 1251 2272 vobis
1265 2244 1478 2285 proponam
1495 2231 1700 2281 diligenter

231 2298 541 2336 consideranda:
580 2299 618 2335 hi
654 2311 780 2336 meam
812 2298 851 2334 in
885 2297 1044 2335 domum
1078 2310 1148 2348 per
1179 2296 1254 2333 vim
1286 2295 1518 2345 irruperunt,
1550 2292 1589 2330 hi
1628 2307 1700 2332 nos

231 2366 323 2398 sunt
342 2360 534 2405 insectati,
555 2359 592 2396 hi
609 2372 681 2398 nos
697 2372 765 2410 per
786 2358 860 2396 vim
878 2365 1092 2409 raptarunt.
1124 2357 1222 2394 Haec
1238 2355 1427 2394 recordati
1447 2355 1700 2406 pronunciate

230 2422 284 2468 id,
306 2421 410 2471 quod
430 2421 496 2473 jus
523 2429 562 2459 et
583 2422 640 2459 fas
669 2428 742 2466 est,
778 2433 903 2472 neque
924 2419 1097 2472 patimini
1116 2432 1162 2457 ea
1180 2432 1241 2456 me
1271 2417 1396 2469 patria
1416 2430 1483 2468 per
1503 2416 1612 2454 nefas
1635 2430 1700 2454 ex-

230 2483 350 2529 trudi,
379 2496 447 2534 pro
477 2496 556 2532 qua
585 2483 706 2520 multa
735 2482 947 2521 certamina
975 2481 1170 2519 decertavi
1199 2480 1409 2530 multisque
1435 2478 1592 2515 functus
1613 2491 1698 2515 sum

231 2546 371 2584 muniis
401 2557 490 2582 cum
510 2544 777 2595 largitionibus
797 2543 1028 2595 pecuniariis
1047 2541 1282 2594 conjunctis,
1302 2541 1364 2579 cui
1383 2540 1527 2577 malum
1549 2539 1698 2578 nullum

232 2619 406 2659 unquam
427 2618 554 2657 neque.
573 2618 647 2655 ego
668 2617 794 2655 neque
815 2605 1000 2655 majorum
1010 2616 1182 2641 meorum
1203 2603 1405 2654 quisquam
1426 2599 1698 2647 conscivirnus,

233 2670 304 2707 sed
335 2667 459 2706 multa
484 2674 621 2706 contra
646 2665 909 2704 emolumenta
936 2672 1055 2716 atque
1089 2665 1233 2703 decora
1261 2662 1593 2713 comparavimus;
1621 2674 1699 2712 quo

233 2733 430 2771 vobiscum
451 2732 515 2770 alii
533 2745 593 2769 me
618 2730 752 2768 merito
781 2729 1023 2775 miserentur,
1052 2741 1129 2767 non
1161 2729 1284 2767 solum
1312 2727 1342 2764 si
1371 2725 1465 2777 quid
1491 2738 1623 2763 eorum
1644 2725 1701 2764 fa-

235 2795 311 2834 tale
330 2794 421 2832 mihi
452 2794 501 2832 sit
532 2793 612 2845 pati
633 2805 718 2843 quoe
751 2791 886 2829 Simon
907 2790 1003 2835 vult,
1030 2791 1100 2828 sed
1125 2790 1240 2828 etiam
1266 2789 1339 2826 hoc
1362 2787 1423 2825 vel
1442 2786 1525 2826 solo
1544 2787 1699 2825 nomine

235 2857 355 2908 quod,
394 2869 462 2907 per
490 2867 651 2894 causam
685 2852 907 2906 hujusmodi
936 2860 1016 2890 tam
1045 2852 1159 2890 vilem
1199 2859 1277 2890 tam
1307 2857 1458 2902 turpem
1488 2849 1611 2895 dictu,
1649 2848 1700 2886 ad

235 2918 446 2959 certamina
478 2917 646 2955 forensia
674 2914 900 2968 hujusmodi
932 2927 1022 2952 cum
1049 2914 1188 2967 capitis
1210 2921 1248 2953 et
1268 2914 1508 2952 fortunarum
1527 2909 1698 2950 omnium

237 2980 457 3021 discrimine
485 2979 695 3030 conjuncta
722 2977 858 3017 fuerim
878 2975 1057 3016 adactus.
