1822 3219
250 170 325 205 298
622 169 790 207 LYSIAE
820 170 928 208 PRO
961 169 1331 208 POLYSTRATO.

248 269 366 307 modo
385 278 519 308 mutua
538 271 816 311 delectabimur
839 281 970 311 nostra
995 271 1302 310 consuetudine?
1344 284 1458 322 quam
1482 272 1706 320 jucundita-

248 339 324 370 tem
351 332 572 383 adspectus*
589 335 711 372 nostri
737 335 835 385 patri
865 333 1021 372 afferet?
1060 345 1137 383 quo
1161 345 1230 370 nos
1257 346 1321 370 ore
1348 333 1534 384 vultuque
1566 341 1708 384 patrem

248 393 508 431 intuebimur?
548 408 665 444 quam
686 403 859 432 moestam
882 395 1040 442 dejectis
1072 393 1208 431 animis
1230 394 1346 431 vitam
1372 394 1593 432 necessario
1619 408 1711 446 age-

249 467 335 492 mus
364 462 403 493 et
428 455 528 494 inter
558 469 628 494 nos
658 456 762 494 domi
791 464 829 492 et
861 456 1016 506 publice
1046 455 1262 499 vobiscum,
1295 455 1555 499 recordantes,
1586 456 1710 493 modis

249 529 320 554 nos
351 525 535 569 acceptos
562 531 647 555 esse
674 517 843 567 indignis
871 524 1076 566 vestraque
1105 516 1290 566 aequitate
1320 524 1360 554 et
1385 515 1551 553 universi
1576 515 1710 566 populi

249 578 577 628 magnanimitate.
636 578 804 615 Auribus
824 577 998 628 propitiis
1025 590 1171 628 preces,
1198 590 1295 627 quas
1315 577 1424 614 vobis
1445 577 1710 621 admovemus,

249 638 313 687 qui
336 646 411 676 tres
433 652 567 676 sumus
587 651 634 676 ex
655 638 792 676 eodem
814 646 918 688 patre
947 638 1038 681 nati,
1065 638 1246 688 accipite:
1279 639 1390 676 sinite
1409 650 1480 675 nos
1500 637 1549 674 ad
1568 650 1708 674 ornan-

250 699 338 736 dam
359 707 525 737 vestram
545 713 666 750 remp.
689 699 817 737 adhuc
838 700 1021 748 majorem
1043 699 1157 736 studii
1185 699 1472 750 officiorumque
1492 698 1708 736 contentio-

249 773 337 797 nem
356 761 542 799 conferre.
601 762 676 798 Per
704 774 750 798 ea
775 774 862 810 quae
884 768 1054 798 vestrum
1085 761 1224 810 cuique
1256 761 1393 798 viritim
1421 773 1512 797 cara
1539 767 1577 797 et
1601 772 1711 797 sacra

250 828 354 865 sunt,
373 834 440 858 vos
462 834 629 866 oramus,
655 834 722 871 per
741 821 884 858 liberos
912 822 943 858 si
973 822 1034 858 cui
1062 829 1165 865 sunt,
1186 829 1230 858 ut
1247 823 1368 859 nostri
1390 822 1632 865 misereatur,
1643 833 1712 870 per

250 881 451 931 paritatem
479 882 619 926 aetatis,
650 883 681 920 si
709 882 796 932 quis
816 889 985 919 vestrum
1007 889 1073 918 aut
1092 882 1204 919 nobis
1231 889 1297 919 aut
1316 883 1413 932 patri
1442 882 1603 932 aequalis
1631 889 1709 918 est:

249 942 436 981 absolvite
462 956 547 989 nos,
576 943 681 980 haud
710 943 936 981 committite
965 950 1009 980 ut
1037 943 1227 980 voluntati
1257 951 1398 981 nostrae
1426 945 1526 981 bene
1554 944 1603 981 de
1632 955 1712 993 rep.

251 1004 423 1047 merendi
451 1004 653 1042 obstaculo
685 1005 781 1042 sitis.
850 1004 995 1042 Hostes
1025 1004 1055 1041 si
1082 1016 1152 1041 nos
1182 1004 1469 1042 interemissent
1499 1011 1565 1042 aut
1592 1003 1712 1042 obsti-

249 1064 387 1102 tissent
405 1065 613 1115 quominus
634 1065 727 1102 salvi
747 1065 906 1103 domum
927 1065 1153 1108 rediremus,
1183 1077 1260 1102 rem
1290 1065 1476 1103 fecissent
1495 1078 1536 1103 se
1555 1064 1712 1115 dignam

251 1132 364 1176 atque
393 1132 717 1163 consentaneam:
755 1126 823 1164 sed
853 1127 984 1164 hostes
1014 1138 1084 1163 nos
1113 1133 1407 1164 conservarunt.
1465 1124 1591 1168 Quam
1607 1130 1713 1176 ssergo

252 1187 352 1225 dura
370 1187 419 1225 sit
436 1187 567 1224 futura
592 1194 706 1237 atque
732 1187 892 1239 indigna
917 1201 999 1225 sors
1026 1194 1171 1230 nostra,
1202 1187 1232 1224 si
1253 1187 1346 1225 nihil
1368 1200 1390 1225 a
1409 1188 1514 1225 vobis
1533 1187 1713 1238 impetre-

252 1261 350 1292 mus,
371 1249 482 1298 cujus
502 1261 619 1286 causa
647 1261 717 1286 nos
747 1262 817 1300 par
845 1249 893 1286 sit
921 1249 1032 1286 nobis
1062 1247 1285 1285 felicitatem
1316 1248 1417 1286 hanc
1436 1247 1713 1299 congratulari,

252 1309 314 1347 cui
347 1308 421 1346 hoc
455 1308 653 1353 debemus,
687 1310 792 1360 quod
826 1324 846 1348 e
881 1310 967 1348 telis
999 1309 1167 1347 hostium
1200 1308 1295 1346 salvi
1329 1317 1444 1360 atque
1474 1309 1640 1360 sospites
1672 1309 1713 1346 in

253 1369 415 1420 patrnam
433 1369 692 1408 evaserimus?
