1822 3219
270 175 346 212 320
910 173 1085 212 LYSlAE

269 277 407 314 horum
440 275 819 326 Quadringentorum
855 276 1028 326 potentia
1063 274 1246 314 convulsa
1281 276 1365 321 fuit,
1399 276 1580 326 permulti
1615 285 1733 328 post-¹

271 337 427 374 modum
446 337 483 374 in
510 337 714 387 collegium
743 336 1085 386 Trigintavirorum
1115 337 1284 387 cooptati
1307 338 1441 388 patriae
1462 338 1608 376 viscera
1624 339 1721 377 dila-

270 396 455 435 niarunt?
496 396 631 440 Quid?
670 396 774 447 quod
802 409 847 434 ex
877 396 951 434 illis
979 397 1087 447 ipsis,
1107 397 1188 448 qui,
1209 410 1350 435 nomen
1372 397 1420 434 ad
1441 397 1546 436 illam
1566 399 1724 449 expedi-

269 457 411 495 tionem
438 457 598 509 professi
616 471 693 508 qua
718 465 901 508 tyrannos
928 458 965 494 in
990 458 1171 495 Eleusine
1197 457 1341 509 oppido
1365 457 1569 496 conclusos
1595 470 1718 510 oppu-

269 525 428 569 gnatum
448 518 617 568 indeque
639 519 883 556 exturbatum
904 518 1030 563 ibatis,
1053 519 1250 556 vobiscum
1271 519 1309 555 in
1328 525 1455 557 castra
1473 527 1602 557 vestra
1625 521 1721 558 urbe

267 578 454 624 exierant,
472 579 578 616 haud
599 578 711 628 pauci
730 578 836 616 illinc
861 579 909 617 ad
930 579 1286 629 Trigintatyrannos
1306 579 1610 630 transfugerunt,
1632 593 1720 618 cum

264 639 385 690 iisque
405 640 646 678 obsidionem
666 640 704 676 in
725 639 789 677 illo
807 641 910 690 quod
932 640 1013 678 dixi
1032 640 1173 690 oppido
1194 640 1417 677 tolerarunt..
1477 640 1589 678 Unde
1614 640 1720 678 haud

265 709 324 739 est
344 701 494 739 difficile
514 710 734 752 perspectu,
749 701 916 752 judices,
936 702 1126 740 dissidere
1142 702 1317 740 homines
1332 703 1430 740 inter
1449 715 1490 740 se
1511 715 1586 740 uon
1604 702 1720 754 super

263 762 394 799 formis
415 762 610 800 civitatum
639 762 992 811 gubernandarum,
1013 762 1088 800 sedv
1104 775 1220 813 super
1244 775 1290 800 eo
1310 763 1414 813 quod
1437 765 1622 813 cujusque
1642 764 1718 814 pri-

263 823 380 860 vatim
404 822 575 859 interest.
632 821 749 859 Hune
776 822 826 859 ad
853 835 1040 860 canonem
1070 830 1221 872 oportet
1251 835 1318 860 vos
1353 823 1493 860 civium
1525 836 1719 874 quemque

256 883 445 932 Judicare‚
471 882 720 932 inquirentes,
743 882 896 932 qualem
917 895 959 920 se
986 883 1149 932 quisque
1169 884 1206 920 in
1226 884 1462 921 democratia
1482 885 1654 933 gesserit,
1679 893 1718 923 et

261 944 457 994 quodnam
485 943 535 981 ad
566 955 655 981 eum
684 943 895 980 rediturum
922 943 1040 981 fuerit
1065 943 1364 980 emolumentum
1394 956 1416 980 e
1443 951 1565 982 status
1594 945 1715 983 civilis

261 1006 584 1044 commutatione:
628 1017 716 1042 nam
756 1005 809 1042 sic
843 1004 999 1042 demum
1037 1004 1296 1055 aequissimam
1328 1011 1444 1054 atque
1476 1005 1716 1045 verissimam

259 1080 390 1105 eorum
410 1068 536 1105 facere
551 1066 640 1104 licet
659 1066 969 1104 aestimationem.

265 1155 268 1157 Α
311 1131 350 1166 4.
381 1129 584 1178 Quotquot
604 1140 696 1178 ergo
717 1129 788 1165 sub
817 1128 1051 1166 democratia
1069 1134 1136 1166 aut
1154 1128 1312 1166 infamia
1329 1129 1451 1166 notati
1471 1126 1646 1174 fuissent,
1667 1141 1717 1168 eo

257 1189 362 1241 quod
387 1190 575 1227 honorum
602 1201 625 1226 a
642 1201 681 1226 se
699 1196 897 1239 gestorum
919 1188 1084 1227 rationes
1114 1190 1336 1227 censoribus
1356 1189 1568 1240 approbare
1588 1190 1716 1228 minus

255 1252 483 1303 potuissent,
513 1258 580 1288 aut
610 1250 887 1301 proscriptione
916 1251 1105 1289 bonorum
1137 1250 1309 1288 mulctati
1336 1257 1402 1287 aut
1427 1251 1501 1289 alio
1530 1252 1711 1302 quopiam

257 1313 370 1351 simili
399 1311 606 1350 infortunio
635 1311 714 1358 icti,
743 1311 816 1348 illis
856 1312 1031 1349 omnibus
1064 1324 1138 1363 ego
1169 1312 1332 1349 arbitror
1363 1312 1480 1349 fuisse
1505 1320 1712 1350 consenta—

254 1389 383 1420 neum,
403 1383 446 1413 ut
465 1387 584 1412 novas
603 1388 663 1412 res
682 1381 918 1425 appeterent,
937 1381 1131 1425 sperantes
1151 1374 1188 1412 in
1209 1388 1254 1413 ea
1268 1388 1392 1412 rerum
1412 1376 1711 1413 commutatione

254 1444 406 1489 portum
439 1450 481 1474 se
511 1444 636 1474 tutum
665 1449 748 1474 esse
777 1436 1029 1474 inventuros:
1070 1437 1291 1486 quicunque
1322 1442 1458 1473 contra
1488 1449 1565 1474 non
1595 1437 1710 1474 modo

253 1499 403 1550 plebem
421 1498 528 1535 nulla
547 1498 734 1535 laeserunt
752 1497 880 1542 noxia,
899 1497 966 1535 sed
991 1510 1074 1535 eam
1094 1498 1222 1548 potius
1245 1504 1303 1534 tot
1322 1497 1516 1546 tantisque
1529 1505 1712 1536 ornarunt

252 1560 483 1611 promeritis,
503 1567 546 1597 ut
566 1559 718 1610 plebem
739 1558 866 1609 potius
886 1559 1024 1595 deceat
1043 1559 1119 1595 illis
1137 1558 1294 1608 praemia
1309 1557 1426 1595 studii
1448 1565 1564 1608 atque
1580 1571 1708 1608 operae

252 1622 396 1660 referre
417 1634 529 1672 quam
550 1633 682 1671 poenas
711 1620 759 1657 ab
780 1619 825 1657 iis
847 1627 1018 1670 repetere
1048 1618 1248 1656 criminum
1271 1618 1554 1663 ementitorum‚
1582 1618 1619 1655 in
1640 1617 1710 1656 hos

252 1684 282 1720 si
296 1696 384 1734 quae
403 1684 692 1732 intorqueantur
710 1680 926 1725 calumniae,
943 1693 1009 1717 vos
1029 1692 1094 1717 eas
1109 1692 1233 1729 neque
1250 1679 1405 1716 auribus
1425 1691 1549 1729 neque
1570 1679 1706 1717 animis

253 1744 453 1782 admittere
473 1756 542 1793 par
568 1750 640 1787 est,
662 1755 710 1779 ne
741 1741 771 1779 si
792 1754 924 1779 omnes
950 1741 1120 1791 quidem,
1138 1748 1329 1790 quotquot
1355 1741 1392 1777 in
1412 1747 1520 1790 parte
1539 1741 1706 1790 quadam

249 1804 342 1855 reip.
365 1804 545 1855 gerendae
564 1809 776 1847 versantur,
798 1815 864 1840 eos
878 1802 981 1840 aiant
996 1814 1206 1852 paucorum
1226 1800 1478 1838 dominationi
1498 1801 1706 1840 studuisse.

248 1867 337 1904 Jam
366 1879 442 1903 non
463 1865 578 1902 modo
598 1864 703 1911 mihi,
725 1863 894 1914 judices,
914 1863 952 1900 in
974 1863 1048 1900 isto
1068 1862 1228 1913 pristino
1253 1862 1345 1912 reip.
1367 1869 1469 1900 statu
1489 1861 1596 1900 nulla
1614 1875 1706 1900 con-

248 1927 336 1977 tigit
364 1939 490 1976 neque
520 1925 693 1976 privatim
726 1937 851 1975 neque
879 1923 1033 1975 publice
1062 1922 1275 1966 calamitas,
1304 1935 1391 1972 quae
1421 1935 1482 1960 me
1513 1923 1704 1974 coegisset

248 1989 432 2025 rationem
454 1986 593 2037 cupide
613 1986 806 2036 amplecti,
835 1998 913 2035 qua
942 1984 1197 2035 praesentibus
1228 1997 1251 2020 a
1269 1983 1378 2020 malis
1397 1982 1601 2027 liberarem
1633 1985 1702 2022 sed

246 2050 437 2088 referebat
465 2050 577 2086 etiam
611 2061 694 2085 mea
719 2047 920 2098 pristinum
950 2048 1060 2084 istum
1093 2052 1235 2083 statum
1266 2045 1396 2084 liberae
1416 2044 1509 2095 reip.
1535 2057 1701 2089 manere,

247 2112 338 2161 quia
359 2124 405 2149 eo
421 2116 598 2148 manente
615 2123 704 2160 spes
724 2115 806 2146 erat
824 2109 971 2145 fructus
987 2121 1007 2144 e
1027 2107 1270 2145 contentione
1290 2119 1374 2144 mea
1393 2119 1462 2156 pro
1483 2106 1604 2156 patria
1619 2119 1703 2157 per-

246 2172 424 2223 cipiendi,
447 2184 534 2221 quae
548 2183 636 2221 spes
657 2177 803 2208 mutata
824 2183 902 2220 rep.
918 2181 1074 2220 prorsus
1091 2168 1308 2205 decolabat.
1367 2166 1581 2216 Quinquies
1600 2167 1703 2204 trire-

247 2246 343 2270 mem
373 2233 536 2270 instruxi
564 2239 602 2269 et
623 2231 715 2276 rexi,
741 2237 903 2280 quatuor
924 2230 1073 2280 praeliis·
1090 2228 1290 2266 navalibus
1321 2227 1486 2272 interfui,
1505 2227 1698 2264 contribu-

244 2294 366 2331 tiones
392 2292 632 2344 pecuniarias
658 2292 697 2328 in
726 2291 828 2328 bello
858 2291 1068 2341 permultas
1095 2289 1253 2333 contuli,
1285 2288 1435 2338 aliaque
1469 2296 1699 2338 sumptuosa

243 2353 373 2391 munia
392 2352 466 2390 obii
492 2351 611 2389 nihilo
643 2351 801 2401 segnius
830 2363 955 2400 neque
983 2351 1136 2399 parcius
1157 2361 1272 2398 quam
1301 2348 1402 2385 ullus
1436 2348 1532 2385 alius
1558 2348 1696 2385 civium

241 2420 456 2452 vestrorum
479 2413 670 2454 omnium
704 2410 890 2462 pluraque
918 2411 955 2448 in
977 2423 1042 2447 vos
1069 2409 1251 2460 impendi,
1277 2421 1391 2458 quam
1409 2421 1432 2445 a
1457 2408 1608 2458 legibus
1628 2408 1696 2444 irn-

242 2482 417 2527 peratum
439 2481 558 2512 esset.
617 2473 808 2516 Quorsum
827 2473 1022 2509 enimvero
1042 2470 1177 2509 istaec?
1206 2482 1283 2519 quo
1305 2469 1450 2507 scilicet
1473 2467 1496 2506 a
1516 2468 1622 2505 vobis
1641 2469 1697 2506 vir

242 2538 350 2574 fortis
371 2544 410 2573 et
442 2536 566 2572 bonus
592 2534 766 2580 haberer,
786 2541 826 2570 et
855 2533 1070 2583 suspiciosa
1091 2532 1122 2569 si
1150 2545 1238 2581 quae
1270 2530 1482 2568 inciderent
1509 2536 1695 2579 tempora,

240 2598 314 2635 boc
341 2595 559 2647 expeditius
585 2601 702 2644 atque
728 2595 946 2645 prosperius
975 2594 1012 2631 in
1036 2593 1191 2643 judiciis
1221 2592 1470 2629 decertarem.
1529 2588 1695 2639 Sperare

241 2659 408 2696 fructum
423 2657 537 2707 hujus
553 2657 624 2693 mei
644 2655 760 2693 studii
778 2655 816 2692 in
832 2655 1067 2692 democratia
1080 2661 1266 2703 poteram,
1283 2652 1408 2689 minus
1428 2650 1465 2687 in
1481 2649 1694 2699 oligarchia

241 2732 328 2767 quae
356 2730 417 2756 me
437 2717 598 2755 fortunis
619 2715 712 2753 meis
732 2715 906 2752 omnibus
928 2714 1161 2756 denudavit3
1191 2713 1229 2749 id
1249 2711 1352 2761 quod
1379 2723 1489 2748 secus
1508 2709 1589 2747 fieri
1613 2723 1698 2748 non*

239 2785 415 2832 poterat:
446 2777 595 2827 tyranni
615 2776 730 2820 enim,
752 2788 828 2813 non
849 2775 879 2812 si
900 2775 965 2824 qui
993 2774 1041 2811 de
1062 2774 1173 2825 plebe
1193 2773 1291 2809 bene
1319 2769 1441 2808 meriti
1460 2777 1602 2815 essent,
1623 2783 1699 2828 eos⁴

242 2840 363 2891 gratia
388 2838 555 2889 quadam
576 2851 645 2875 sua
670 2837 809 2890 dignos
829 2836 1033 2879 habebant,
1055 2834 1123 2872 sed
1149 2845 1226 2883 quo
1246 2832 1409 2882 quisque
1429 2843 1498 2868 vos
1517 2830 1696 2874 infestius

240 2908 420 2949 vexasset
438 2908 551 2950 atque
569 2899 741 2936 torsisset
761 2896 947 2943 acerbius,
960 2896 1034 2933 hoc
1052 2895 1233 2932 cariorem
1249 2893 1442 2931 habebant
1463 2899 1501 2929 et
1519 2891 1697 2947 pluribus
