1822 3219
607 388 1008 442 LYSIAE

303 518 404 590 ‘DE
458 542 684 590 BONIS
734 538 1300 589 ARISTOPHANIS

596 681 676 717 AD
708 677 1018 716 AERARIUM

686 787 935 828 ORATIO.

139 952 174 988 1.
206 950 412 988 ΜΔΕ-,ΝΛΜ
433 950 525 988 mihi
547 950 848 989 sollicitudinem
867 956 974 989 creat
991 956 1214 1001 metumque
1237 950 1310 988 hoc
1330 956 1539 996 certamen,

79 1011 245 1062 judices,
266 1011 460 1062 reputanti
486 1024 648 1058 mecum,
670 1012 702 1049 si
721 1025 877 1050 causam
897 1025 1030 1062 parum
1060 1018 1149 1062 apte
1177 1011 1376 1062 periteque
1397 1011 1540 1049 dixisse

83 1071 226 1118 videar,
239 1085 316 1110 non
336 1085 394 1110 me
414 1072 552 1118 solum,
569 1072 638 1110 sed
655 1079 803 1123 patrem
818 1086 973 1123 quoque
989 1073 1027 1110 in
1043 1072 1264 1123 opinionem
1284 1072 1540 1123 improbitatis

85 1140 202 1182 atque
221 1133 367 1170 fraudis
382 1133 483 1170 datae
498 1146 583 1171 esse
601 1133 859 1179 incursurum,
876 1135 1054 1184 bonaque
1075 1147 1134 1172 me
1149 1134 1276 1172 omnia
1296 1134 1540 1171 amissurum.

86 1192 320 1242 Quanquam
350 1193 465 1243 igitur
494 1194 545 1231 ad
571 1195 761 1243 ejusmodi
787 1208 926 1233 causas
953 1195 992 1232 in
1021 1195 1104 1233 foro
1132 1195 1327 1245 agendum
1359 1207 1380 1231 a
1406 1199 1545 1230 natura

85 1253 210 1292 factus
231 1267 315 1291 sum
331 1267 463 1304 parum
485 1254 662 1300 idoneus,
684 1268 846 1293 necesse
867 1262 998 1293 tamen
1018 1263 1076 1294 est
1095 1255 1264 1304 mihique
1283 1255 1458 1304 patrique
1483 1266 1545 1290 me

87 1328 308 1353 succurrere
337 1321 451 1365 prout
482 1322 628 1365 potero.
688 1316 935 1353 Inimicorum
967 1317 1125 1364 quidem
1143 1322 1183 1352 et
1208 1315 1338 1366 copias
1361 1315 1546 1353 adversus

85 1388 147 1413 me
165 1381 405 1426 comparatas
425 1376 708 1424 instructasque
726 1375 864 1413 videtis
884 1382 923 1412 et
942 1374 1130 1420 ardorem,
1156 1382 1200 1412 ut
1219 1376 1272 1412 nil
1293 1389 1388 1426 opus
1405 1376 1454 1413 sit
1473 1376 1546 1413 hac

87 1435 136 1473 de
163 1448 204 1472 re
222 1435 392 1486 pluribus
415 1434 566 1472 dicere:
597 1447 670 1485 ego
692 1441 822 1472 autem
842 1447 959 1485 quam
987 1435 1058 1473 sim
1080 1448 1102 1472 a
1122 1434 1277 1473 dicendi
1298 1436 1484 1473 facultate
1505 1443 1546 1472 et

89 1496 137 1533 ab
152 1509 227 1533 usu
244 1495 315 1533 fori
334 1495 524 1541 desertus,
545 1507 679 1532 omnes
701 1502 843 1533 norunt
864 1495 930 1546 qui
949 1509 1010 1533 me
1031 1502 1185 1533 norunt.
1244 1496 1440 1538 Quocirca
1465 1508 1547 1533 rem

89 1569 158 1594 vos
180 1569 332 1606 aequam
352 1563 393 1594 et
415 1556 568 1593 indultu
587 1555 742 1594 facilem
772 1557 931 1606 rogabo,
953 1564 996 1594 ut
1015 1556 1149 1594 animis
1177 1570 1255 1595 non
1282 1557 1408 1594 minus
1428 1556 1549 1607 aequis

91 1616 312 1667 sedatisque
337 1629 407 1654 nos
438 1628 594 1667 quoque
622 1629 708 1654 reos
735 1617 915 1662 audiatis,
942 1624 1058 1667 atque
1095 1625 1341 1656 accusatores
1373 1617 1548 1655 audistis.

91 1677 347 1715 Defensorem
366 1677 468 1715 enim
488 1677 635 1715 etiamsi
651 1690 721 1715 vos
745 1678 848 1728 aequi
868 1677 1049 1723 audiatis,
1069 1691 1227 1716 necesse
1247 1686 1374 1716 tamen
1398 1685 1458 1716 est
1477 1678 1549 1715 ini-

91 1739 224 1788 quiore
259 1738 346 1776 loeo
372 1751 458 1776 esse
491 1751 607 1788 quam
643 1745 933 1777 accusatorem:
975 1739 1182 1778 adversarii
1216 1740 1316 1777 enim
1349 1739 1497 1777 insidiis
1529 1752 1550 1776 e

90 1800 303 1849 longinquo
329 1800 560 1850 comparatis
587 1799 871 1837 accusationem
900 1800 1030 1838 exorsi
1058 1807 1162 1845 sunt,
1180 1801 1342 1851 periculi
1369 1800 1460 1838 nihil
1480 1800 1551 1838 sibi

93 1867 308 1904 creantem3
356 1861 468 1898 nobis
500 1868 626 1899 autem
663 1867 857 1898 certamen
901 1868 960 1899 est
1000 1861 1293 1907 decertandum,
1335 1861 1552 1900 formidinis

92 1923 247 1973 plenum
262 1922 488 1972 invidiaeque
507 1935 527 1960 e
549 1921 748 1960 calumniis
769 1922 1058 1960 contrahendae.
1115 1923 1245 1960 Decet
1263 1935 1355 1972 ergo
1372 1935 1439 1960 vos
1461 1935 1554 1972 erga

94 1983 318 2022 defensores
339 1985 463 2021 animo
489 1983 603 2021 etiam
622 1983 870 2034 propensiore
890 1996 990 2028 esse,
1010 1984 1049 2020 in
1080 1989 1189 2020 tanta
1219 1990 1258 2020 et
1283 1990 1552 2020 accusatorum

95 2051 136 2082 et
161 2044 312 2082 testium
337 2044 575 2081 immanitate
604 2043 942 2093 discriminumque
967 2043 1144 2093 utrinque
1174 2043 1440 2081 exsistentium
1473 2043 1553 2080 dis-

96 2104 271 2155 paritate.
348 2103 550 2141 Neminem
583 2104 684 2140 enim
723 2116 810 2140 esse
845 2109 1014 2140 vestrum
1045 2104 1217 2141 omnium
1251 2104 1410 2141 arbitror
1441 2117 1554 2154 quem

95 2165 230 2215 fugiat,
260 2164 379 2201 fuisse
398 2164 472 2202 hac
503 2164 542 2200 in
570 2163 725 2201 civitate
758 2163 982 2214 permultos,
1002 2176 1096 2214 quos
1121 2164 1175 2201 nil
1196 2164 1356 2215 puderet
1382 2165 1554 2203 insontes

97 2233 206 2263 tanta
229 2224 428 2262 criminum
460 2230 588 2274 aperte
611 2224 882 2262 ementitorum
912 2224 1111 2263 atrocitate
1147 2238 1318 2272 onerare,
1350 2232 1394 2263 ut
1424 2226 1554 2263 statim

98 2286 181 2336 ipso
204 2285 243 2322 in
269 2285 416 2333 judicio
447 2284 566 2335 agniti
600 2291 715 2334 atque
746 2285 1032 2323 mendaciorum
1066 2286 1354 2337 perspicuorum
1388 2286 1556 2324 convicti

100 2358 187 2383 cum
215 2344 304 2381 odio
324 2345 513 2382 bonorum
533 2345 703 2382 omnium
731 2345 998 2384 discederent:
1028 2352 1147 2384 testes
1167 2359 1321 2397 quoque
1345 2347 1434 2385 falsi
1454 2360 1558 2397 saepe

97 2419 269 2451 numero,
302 2418 391 2443 cum
422 2406 646 2444 innocentes
677 2419 744 2456 per
775 2407 886 2444 nefas
922 2407 1292 2457 pessumdedissent,
1330 2408 1558 2458 deprehensi

100 2473 218 2516 atque
246 2466 494 2505 condemnati
530 2473 634 2512 sunt,
654 2466 723 2504 sed
745 2479 846 2513 sero,
869 2470 951 2515 jam
979 2469 1180 2518 prostratis
1206 2476 1320 2519 atque
1346 2469 1494 2506 haustis
1515 2467 1559 2504 iis

99 2539 194 2577 quos
225 2527 431 2565 testimonii
459 2527 517 2565 sui
543 2527 686 2565 venalis
717 2528 918 2566 mendacio
943 2529 1212 2578 perculissent,
1242 2542 1330 2567 cum
1363 2528 1467 2565 facta
1495 2540 1558 2565 res

102 2588 245 2626 infecta
263 2589 342 2626 fieri
357 2591 439 2639 jam
460 2602 536 2627 non
569 2588 730 2639 amplius
751 2596 895 2639 posset.
954 2590 1136 2632 Quotidie
1158 2591 1275 2641 igitur
1298 2588 1560 2626 evenientibus

102 2648 322 2699 hujusmodi
353 2650 551 2688 fraudibus
583 2656 700 2701 atque
733 2651 938 2700 erroribus,
957 2650 1070 2689 decet
1087 2663 1169 2695 vos,
1193 2649 1358 2701 judices,
1389 2649 1560 2687 oratione

105 2715 372 2748 accusatorum
393 2711 504 2748 citius
525 2724 601 2749 non
623 2711 755 2757 fidere,
775 2724 888 2761 quam
910 2724 980 2749 nos
1000 2724 1152 2761 quoque
1173 2723 1329 2748 causam
1353 2722 1422 2760 pro
1449 2709 1558 2747 nobis

107 2768 278 2808 dicentes
312 2770 521 2809 audieritis.
575 2772 704 2809 Audio
733 2772 846 2818 enim,
881 2773 919 2810 id
953 2773 1055 2822 quod
1094 2778 1261 2809 vestrum
1294 2784 1447 2822 quoque
1478 2771 1560 2821 ple-

106 2841 249 2879 rosque
277 2843 390 2868 nosse
422 2832 593 2879 arbitror,
618 2839 854 2872 contractam
880 2847 900 2870 e
935 2832 1136 2870 calumniis
1165 2832 1345 2870 invidiam
1373 2845 1453 2870 rem
1479 2846 1562 2870 esse

106 2902 235 2928 rerum
255 2891 428 2929 omnium
448 2893 734 2932 acerbissimam
755 2900 872 2943 atque
893 2893 1131 2931 dirissimam.
1192 2893 1270 2931 Sed
1297 2893 1371 2931 hoc
1393 2894 1561 2944 inprimis
