1822 3219
297 181 318 215 ιθ

325 182 344 215 *l

351 183 371 214 ι).
940 182 1102 219 LYSIAE

914 318 1128 356 TESTES.

352 416 388 450 3.
421 414 594 452 Eratonis
615 414 742 463 itaque
762 413 864 450 bona
883 413 930 450 de
943 415 1029 462 jure
1049 418 1181 450 nostra
1199 411 1333 457 fuisse,
1352 412 1478 450 nullus
1499 412 1634 451 dubito
1651 414 1745 463 quin

296 485 364 511 vos
387 487 434 511 ex
452 474 511 512 his
531 474 641 512 facile
661 473 903 522 intelligatis:
933 473 1066 510 eadem
1093 480 1220 510 autem
1240 472 1306 509 illa
1329 473 1432 510 bona
1457 472 1635 510 universa
1652 473 1747 511 fisco

297 533 452 571 addicta
479 547 576 579 esse,
596 533 707 570 facile
727 538 932 583 perspectu
960 532 998 569 id
1023 545 1044 569 e
1073 532 1215 569 tabulis
1245 538 1308 575 τῆς
1335 533 1558 584 ἀπογραφῆς
1579 540 1653 578 est,
1679 545 1748 570 seu

296 605 481 631 recensus
500 595 683 630 bonorum
697 592 991 643 publicatorum.
1046 593 1140 630 Tres
1161 592 1259 630 enim
1278 599 1489 641 quatuorve
1518 593 1657 631 diversi
1678 593 1748 632 ho-

295 654 418 691 mines
438 653 598 691 totidem
619 653 789 691 diversos
809 652 955 690 indices
976 653 1237 690 universorum
1256 652 1432 690 Eratonis
1458 654 1645 691 bonorum
1664 666 1687 691 a
1706 666 1749 692 se

295 717 494 754 confectos
519 716 557 752 in
584 715 720 752 aerario
744 704 1018 765 deposuerunt,
1034 714 1147 751 rebus
1175 713 1349 750 omnibus
1377 713 1476 750 inter
1497 727 1538 751 se
1557 713 1751 752 consenti-

294 783 417 814 entes,
475 776 592 825 Atqui
606 775 749 813 nemini
770 788 848 813 non
867 775 940 812 hoc
961 781 1021 812 est
1040 774 1206 818 obvium,
1223 773 1306 811 illos
1326 786 1544 812 recensores
1563 773 1602 810 in
1623 786 1752 811 recen-

297 836 402 873 sibus
421 835 503 873 istis
524 835 603 872 suis
622 835 913 872 conscribendis
926 847 1004 872 non
1025 834 1137 872 facile
1155 833 1360 884 quicquam
1381 834 1500 872 fuisse
1519 835 1752 885 praetermis-

294 909 421 941 suro&
439 897 471 933 si
490 895 582 946 quid
603 895 731 933 adhuc
746 895 849 933 aliud
869 895 906 932 in
921 895 1032 933 bonis
1048 894 1226 932 Eratonis
1240 895 1377 932 fuisset
1395 902 1532 945 praeter
1550 895 1636 932 haec
1650 896 1754 933 bona

296 956 496 1007 dequibus
513 956 774 994 controversia
786 969 888 993 nunc
903 956 1048 1007 agitur:
1078 961 1320 992 recensentes
1341 968 1434 1005 ergo
1453 957 1555 993 bona
1575 955 1752 993 Eratonis

296 1018 439 1064 omnia,
453 1017 566 1055 etiam
581 1016 667 1054 haec
684 1030 774 1066 quae
789 1030 862 1067 ego
875 1016 1108 1067 jamdudum
1123 1015 1306 1066 possideo
1321 1015 1407 1053 illos
1422 1016 1458 1053 in
1479 1016 1627 1054 indices
1642 1016 1754 1055 rede-

297 1084 451 1127 gerunt.
490 1076 566 1114 Sed
587 1083 626 1114 et
643 1076 717 1114 hoc
738 1077 985 1127 perspicuum
1005 1076 1166 1113 arbitror
1184 1088 1283 1121 esse,
1300 1075 1331 1113 si
1350 1089 1419 1113 vos
1439 1075 1523 1121 haec
1541 1077 1646 1114 bona
1665 1089 1752 1126 quae

294 1150 383 1175 mea
402 1145 492 1175 sunt
512 1135 562 1174 ad
577 1137 710 1174 fiscum
727 1137 901 1181 trahatis,
923 1144 1106 1187 negatum
1126 1136 1236 1174 nobis
1251 1148 1338 1174 esse
1353 1135 1508 1174 aliunde
1528 1135 1567 1173 id
1582 1136 1752 1187 exigere,

292 1198 399 1249 quod
421 1198 531 1236 nobis
548 1211 570 1235 a
581 1198 668 1236 fili-is
681 1198 860 1236 Eratonis
873 1198 1057 1236 debetur:
1088 1197 1218 1236 audite
1232 1197 1359 1235 adhuc
1373 1211 1489 1249 super
1507 1199 1580 1236 isto
1597 1210 1753 1250 quoque

295 1259 436 1309 capite,
456 1271 545 1297 cum
569 1259 659 1296 vitio
679 1259 789 1296 nobis
810 1259 936 1304 datur,
957 1258 1093 1296 iisdem
1123 1259 1171 1296 de
1197 1259 1307 1296 bonis
1335 1271 1406 1296 nos
1438 1265 1479 1297 et
1497 1258 1696 1297 vobiscum
1714 1266 1753 1297 et

296 1332 386 1357 cum
418 1319 577 1371 privatis
610 1319 839 1370 quibusdam
868 1319 1090 1358 hominibus
1125 1319 1162 1356 in
1192 1319 1281 1370 jure
1312 1332 1439 1370 agere.
1515 1319 1597 1358 Res
1628 1319 1682 1358 sic
1713 1332 1754 1358 se

296 1379 427 1418 habet.

350 1443 390 1478 4.
421 1440 559 1479 Donec
581 1441 848 1492 Erasiphontis
867 1440 1078 1479 necessarii
1098 1440 1299 1478 nobiscum
1320 1454 1433 1491 super
1451 1440 1511 1478 his
1532 1440 1644 1479 bonis
1661 1438 1754 1479 con'-

297 1502 523 1548 tendebant,
551 1501 726 1539 universa
753 1502 818 1539 illa
845 1502 949 1539 bona
974 1515 1062 1539 mea
1091 1514 1175 1538 esse
1206 1501 1368 1546 aiebam,
1392 1501 1466 1539 hoc
1495 1501 1622 1548 titulo,
1646 1502 1753 1552 quod

299 1562 551 1600 Erasistratus
572 1575 660 1600 cum
681 1569 790 1612 patre
806 1575 892 1599 meo
913 1562 961 1599 de
978 1569 1060 1599 toto
1073 1562 1228 1599 nomine
1245 1569 1446 1599 contracto
1465 1561 1621 1612 litiglans
1633 1574 1754 1601 causa

297 1623 519 1661 cecidisset:
551 1630 591 1661 et
620 1636 757 1673 agrum
789 1623 1004 1673 Sphettium
1034 1622 1117 1673 jam
1148 1621 1303 1659 tertium
1332 1623 1369 1658 in
1403 1634 1546 1660 annum
1577 1622 1754 1661 mercede

297 1690 413 1733 pacta
431 1684 598 1728 elocavi;
627 1683 674 1720 de
694 1695 779 1720 rure
799 1690 928 1720 autem
950 1682 1186 1733 Cicynnensi
1205 1690 1243 1719 et
1263 1682 1311 1720 de
1333 1683 1447 1719 domo
1474 1683 1511 1720 in
1532 1683 1641 1727 urbe,
1663 1697 1751 1732 quae

297 1744 494 1794 quondam
516 1744 695 1781 Eratonis
716 1744 888 1788 fuerunt,
905 1756 991 1781 cum
1008 1743 1298 1793 possidentibus
1313 1743 1400 1792 jure
1412 1744 1649 1794 experiebar.
1678 1744 1754 1782 Ve-

299 1817 383 1841 rum
400 1804 473 1841 has
494 1804 665 1842 actiones
687 1817 786 1842 anno
806 1803 989 1854 superiori
1002 1803 1240 1841 disciderunt
1253 1803 1426 1841 homines
1439 1804 1610 1854 quidam,
1627 1803 1692 1854 qui
1712 1818 1754 1842 se

298 1873 529 1904 mercatores
549 1866 740 1909 ferebant3
773 1871 812 1903 et
828 1865 982 1915 judices
1009 1865 1063 1903 rei
1082 1865 1320 1902 mercatoriae
1347 1872 1462 1915 atque
1489 1865 1667 1910 nauticae‚
1685 1866 1752 1916 qui

298 1939 420 1977 nuper
438 1940 568 1965 mense
596 1926 825 1965 Gamelione
855 1926 977 1964 sortiti
1003 1932 1107 1970 sunt,
1129 1926 1302 1963 actiones
1323 1925 1393 1963 has
1422 1926 1596 1963 nondum
1625 1925 1753 1964 disce-

298 1994 469 2039 ptarunt.
499 1989 758 2039 Posteaquam
779 2001 869 2026 vero
889 1987 997 2025 vobis
1015 1987 1137 2025 visum
1157 1987 1231 2024 fuit
1254 1986 1519 2038 Erasiphontis
1538 1987 1639 2025 bona
1657 1988 1751 2026 fisco

299 2049 492 2096 addicere,
510 2049 637 2087 remisi
656 2049 810 2099 quidem
826 2049 922 2086 fisco
941 2048 1038 2086 duas
1058 2055 1188 2099 partes
1207 2049 1395 2085 bonorum
1412 2048 1459 2085 ab
1482 2047 1651 2085 Eratone
1666 2048 1752 2086 reli-

298 2115 458 2155 ctorum,
480 2111 631 2148 tertiam
651 2123 741 2147 vero
761 2116 907 2160 partem
933 2122 1020 2159 quae
1049 2116 1110 2146 est
1141 2108 1361 2146 Erasistrati
1385 2107 1540 2159 postulo
1568 2108 1659 2145 mihi
1687 2122 1753 2160 per

299 2171 532 2207 sententiam
552 2178 718 2208 vestram
744 2169 972 2220 adjudicari,
993 2176 1032 2206 et
1050 2169 1088 2206 id
1103 2169 1189 2220 jure
1210 2168 1382 2218 quidem,
1402 2166 1582 2218 quoniam
1595 2169 1752 2220 jamdu-

300 2230 392 2267 dum
416 2238 504 2268 ante
524 2231 590 2268 illa
613 2232 716 2269 bona
735 2238 867 2268 nostra
891 2243 980 2268 esse
999 2229 1333 2279 pronunciavistis.
1389 2229 1556 2266 Tertiam
1576 2242 1668 2279 ergo
1688 2243 1751 2268 so-

300 2289 496 2328 lummodo
516 2298 664 2342 partem
685 2291 733 2328 de
754 2290 865 2328 bonis
887 2303 1017 2328 eorum
1034 2289 1123 2326 mihi
1144 2289 1343 2334 reservavi,
1365 2288 1598 2326 decisionem
1619 2291 1751 2328 obser-

299 2362 395 2387 -vans
416 2363 492 2387 non
510 2350 864 2400 diligentissimam:
894 2349 1015 2387 multo
1037 2350 1135 2386 enim
1155 2349 1242 2399 plus
1258 2362 1375 2399 quarn
1396 2347 1493 2386 duas
1511 2357 1641 2399 partes
1657 2350 1751 2388 fisce

301 2410 504 2461 reliqui,id
525 2411 630 2462 quod
652 2411 764 2449 facile
785 2411 942 2461 cognitu
961 2418 1021 2448 est
1041 2423 1087 2448 ex
1106 2410 1360 2448 aestimatione
1378 2410 1566 2448 bonorum
1585 2409 1751 2449 illorum.

303 2470 492 2509 Universa
510 2473 610 2509 enim
624 2472 729 2510 bona
746 2471 937 2509 aestimata
951 2477 1041 2508 sunt
1059 2470 1192 2508 talenti
1207 2476 1247 2508 et
1260 2470 1399 2521 pluris;
1429 2482 1516 2520 quae
1535 2477 1663 2507 autem
1677 2483 1751 2521 ego

303 2531 395 2569 mihi
415 2533 580 2577 vindico,
599 2545 732 2570 eorum
761 2532 921 2569 alterum
953 2532 1109 2582 quidem
1138 2532 1307 2582 quinque
1336 2530 1462 2576 minis,
1478 2529 1642 2567 alterum
1660 2542 1751 2569 vero

302 2591 436 2631 decem
455 2592 641 2630 aestimavi
656 2593 694 2629 in
710 2591 839 2630 libello
856 2605 941 2629 meo
961 2592 1222 2630 accusatorio:
1251 2604 1337 2642 quae
1357 2591 1388 2628 si
1409 2590 1527 2641 pluris
1542 2590 1749 2637 vaenibunt,

303 2654 460 2692 sectioni
481 2654 668 2705 subjecta,
681 2665 882 2691 excessum
902 2653 1034 2690 aerario
1053 2652 1282 2702 permittam.

357 2718 395 2752 5.
427 2716 515 2759 Quo
534 2716 663 2766 itaque
682 2714 775 2752 certi
804 2714 884 2751 sitis
909 2725 1000 2751 vera
1017 2713 1102 2751 haee
1126 2726 1213 2751 esse
1240 2725 1327 2763 quae
1355 2711 1456 2758 dico,
1476 2719 1593 2750 testes
1611 2712 1661 2750 ad
1678 2725 1749 2751 vos

303 2776 525 2825 producam,
545 2777 708 2827 primum
726 2775 880 2826 quidem
910 2787 982 2812 eos
1010 2775 1073 2824 qui
1104 2787 1168 2811 rus
1199 2772 1415 2824 Sphettium
1435 2785 1458 2810 a
1483 2785 1544 2810 me
1573 2773 1750 2813 mercede

302 2837 581 2884 conduxerunt,
600 2836 741 2876 deinde
760 2836 902 2875 vicinos
920 2836 1018 2873 ruris
1039 2834 1294 2886 Cicynnensis
1323 2834 1389 2885 qui
1408 2840 1549 2871 norunt
1577 2846 1648 2871 nos
1667 2834 1748 2885 jam

305 2897 457 2934 tertium
478 2898 513 2935 in
536 2909 678 2937 annum
698 2897 771 2936 hoc
796 2897 844 2935 de
876 2904 962 2935 rute
990 2896 1027 2933 in
1048 2897 1135 2943 jure
1159 2895 1419 2945 contendisse,
1445 2894 1610 2944 denique
1630 2894 1744 2932 etiam
