1822 3219
240 153 289 187 92
804 153 1108 191 ANDOClDlS

239 254 418 294 credibile
438 263 531 304 erat,
550 258 692 309 quippe
712 259 778 308 qui
798 258 1031 296 familiariter
1052 259 1108 295 usi
1128 257 1291 296 fuissent
1310 257 1384 296 illis
1399 259 1465 309 qui
1478 259 1560 310 jam
1574 258 1685 297 morti

239 323 369 354 essent
386 317 466 356 dati
487 331 509 356 e
538 332 696 358 numero
723 319 973 358 iudicatorum
999 332 1022 357 a
1052 319 1243 357 Dioclide.
1300 320 1350 357 Et
1366 320 1440 359 illis
1460 321 1616 372 quidem
1635 333 1686 359 ne

241 377 295 416 sic
315 378 472 428 quidem
492 388 596 418 certa
614 388 695 419 erat
711 388 749 419 et
769 388 958 433 perpetua
983 380 1118 418 salutis
1140 394 1242 432 spes,
1261 381 1410 419 etiamsi
1430 395 1504 433 ego
1522 395 1589 421 eos
1608 395 1686 421 non

238 444 462 495 proderem;
493 446 585 484 meis
606 454 734 484 autem
758 446 986 484 necessariis
1015 453 1160 484 certum
1188 447 1412 485 imminebat
1435 453 1550 498 atque
1568 447 1688 486 inevi-

239 505 355 544 tabile
376 507 546 553 exitium,
567 508 638 545 nisi
663 508 692 546 si
715 508 801 558 quis
823 508 1125 546 Atheniensibus
1155 521 1304 546 omnem
1331 508 1385 546 rei
1410 515 1531 560 gestae
1550 509 1688 547 verita-

240 575 318 605 tem
346 568 521 620 aperiret.
579 569 707 613 Quare
739 569 860 607 satius
892 569 983 607 mihi
1015 570 1139 608 visum
1169 570 1254 615 fuit,
1274 576 1439 621 quatuor
1466 570 1566 608 viros
1586 582 1608 608 a
1627 582 1688 608 me

239 631 374 681 patriae
394 631 663 670 communione
683 631 835 682 privari,
855 632 909 669 sic
931 632 1100 677 meritos,
1120 631 1186 682 qui
1214 645 1316 670 nunc
1334 639 1541 683 supersunt
1560 631 1689 670 adhuc

237 691 277 729 in
296 691 388 729 vivis
407 699 446 730 et
463 692 500 729 in
520 693 682 744 patriam
702 694 749 731 ab
771 693 905 731 exsilio
926 693 1118 732 redierunt
1133 701 1172 732 et
1192 694 1377 732 bonorum
1400 707 1554 732 suorum
1574 706 1690 733 usura

239 753 423 804 gaudent,
456 767 572 805 quam
599 756 837 794 committere
870 762 914 793 ut
944 755 1149 793 necessarii
1183 756 1253 794 mei
1279 756 1449 794 insontes
1475 756 1523 794 ad
1554 755 1688 794 mortis

236 817 507 855 necessitatem
545 817 802 868 adigerentur.
871 817 1020 862 Quodsi
1058 831 1149 868 ergo
1183 817 1363 869 cuipiam,
1394 830 1469 855 non
1502 825 1685 861 vestrum,

234 877 400 930 judices,
415 878 484 917 sed
506 886 687 925 vestrum,
707 892 730 918 o
751 887 942 930 quotquot
960 879 1094 930 reliqui
1113 879 1212 917 cives
1228 879 1482 917 Athenienses
1497 878 1572 917 hoc
1584 878 1690 930 judi-

238 940 341 979 cium
365 941 635 987 circumstatis,
655 942 763 980 istaee
790 942 880 979 olim
911 941 958 979 de
985 954 1047 979 me
1068 941 1209 980 insedit
1234 941 1375 992 opinio,
1400 940 1556 979 sodales
1579 953 1602 978 a
1627 953 1690 978 me

238 1016 346 1041 meos
366 1016 412 1041 eo
436 1003 556 1057 fuisse
576 1004 777 1049 indicatos,
798 1016 875 1054 quo
905 1002 1071 1054 perirent
1101 1003 1187 1054 ipsi,
1213 1016 1286 1053 ego
1313 1015 1546 1041 servarer—
1561 1001 1692 1053 cujus-

239 1063 342 1109 modi
357 1077 527 1102 rumores
543 1064 684 1102 inimici
701 1065 774 1102 mei
792 1065 840 1102 de
859 1077 921 1101 me
936 1064 975 1101 in
989 1064 1146 1115 vulgum
1166 1057 1402 1114 sparserunt,
1423 1063 1613 1103 criminari
1627 1076 1690 1101 me

238 1132 354 1177 atque
376 1126 413 1164 in
432 1125 614 1164 invidiam
628 1125 952 1177 ignominiamque
968 1125 1160 1163 adducere
1174 1125 1346 1163 volentes
1356 1147 1423 1170 —,
1436 1138 1531 1171 rem,
1544 1136 1691 1176 quaeso,

238 1186 331 1237 ipsis
357 1200 378 1224 e
401 1185 517 1225 factis
543 1193 731 1237 spectate.
798 1187 914 1224 Nunc
938 1187 1040 1224 enim
1067 1199 1126 1224 me
1151 1186 1308 1236 quidem
1337 1193 1489 1238 oportet
1515 1194 1642 1224 rerum
1667 1198 1692 1224 a

238 1261 300 1286 me
319 1255 518 1299 gestarum
538 1249 724 1286 rationem
743 1261 872 1286 coram
891 1247 962 1285 illis
984 1247 1076 1299 ipsis
1097 1248 1270 1294 reddere,
1283 1248 1348 1299 qui
1367 1249 1417 1286 ob
1437 1248 1505 1287 illa
1520 1247 1692 1286 facinora

239 1310 416 1348 exsilium
434 1309 659 1355 tolerarunt,
678 1323 841 1360 quorum
867 1309 1082 1348 facinorum
1101 1322 1174 1360 ego
1194 1322 1261 1347 eos
1288 1310 1529 1353 insimulavi;
1561 1317 1601 1348 et
1626 1310 1693 1360 qui

238 1371 411 1409 omnium
428 1371 570 1422 optime
595 1380 736 1409 norunt
754 1384 894 1410 verane
917 1370 1042 1409 dicam
1068 1384 1116 1408 an
1142 1373 1317 1417 mentiar,
1337 1381 1376 1410 et
1395 1372 1460 1422 qui
1484 1383 1694 1422 coarguere

240 1446 300 1471 me
322 1433 570 1471 mentientem
590 1441 767 1484 possunt,
786 1433 997 1471 orationem
1015 1445 1139 1471 meam
1161 1434 1476 1485 interpellantes:
1508 1445 1598 1470 nam
1616 1445 1690 1483 ego

240 1494 420 1545 equidem
440 1494 522 1545 ejus
550 1495 601 1533 rei
623 1496 774 1546 copiam
798 1495 872 1532 illis
902 1494 1025 1532 facio:
1063 1507 1129 1532 vos
1157 1502 1300 1540 autem,
1322 1508 1345 1533 o
1367 1494 1448 1542 viri,
1473 1506 1601 1532 rerum
1627 1505 1694 1544 ge-

240 1563 387 1595 starum
407 1556 604 1594 veritatem
624 1563 729 1594 certo
753 1557 950 1608 explorare
970 1563 1131 1607 oportet.
1191 1556 1294 1594 Nam
1315 1557 1352 1594 in
1374 1556 1448 1595 hoc
1468 1555 1560 1594 mihi
1578 1555 1694 1607 hujus

241 1621 414 1656 versatur
434 1618 552 1656 cardo
573 1618 806 1664 certaminis,
827 1626 868 1656 ut
887 1618 1017 1656 salvus
1037 1626 1076 1656 et
1097 1618 1300 1656 absolutus
1321 1631 1367 1656 ex
1387 1618 1460 1656 hoc
1473 1617 1624 1669 judicio
1642 1617 1697 1655 ita

241 1680 452 1726 discedam,
483 1687 526 1719 ut
540 1681 662 1726 vobis,
691 1681 858 1730 judices,
877 1681 982 1718 visus
1009 1680 1148 1718 fuerim
1174 1680 1290 1719 homo
1320 1694 1396 1718 non
1416 1680 1540 1718 malus
1565 1692 1693 1731 neque

242 1741 453 1780 sceleratus
472 1754 582 1785 esse;
613 1741 751 1779 deinde
778 1748 820 1779 ut
844 1741 976 1791 reliqui
1003 1754 1159 1791 quoque
1178 1754 1312 1779 omnes
1337 1740 1566 1791 intelligant,
1586 1741 1695 1791 quic-

241 1804 335 1855 quid
363 1803 437 1842 hoc
464 1804 501 1840 in
530 1803 684 1854 negotio
714 1816 736 1841 a
755 1816 815 1841 me
842 1810 994 1853 gestum
1019 1809 1059 1840 et
1083 1802 1298 1852 profectum
1321 1809 1393 1848 est,
1413 1802 1453 1840 id
1482 1815 1596 1840 omne
1617 1815 1693 1840 non

241 1878 309 1917 per
329 1864 454 1903 scelus
469 1872 537 1903 aut
550 1865 740 1916 ignaviam
756 1878 840 1902 esse
853 1864 1115 1908 commissum,
1131 1864 1199 1902 sed
1216 1877 1280 1915 per
1293 1864 1486 1902 sinistram
1498 1865 1694 1915 quandam

243 1935 359 1978 atque
385 1926 652 1965 calamitosam
678 1926 850 1964 evenisse
879 1925 1084 1971 fortunam,
1106 1939 1194 1976 quae
1213 1926 1304 1976 reip.
1319 1926 1477 1976 quidem
1495 1925 1694 1977 imprimis,

243 1996 326 2027 tum
340 2001 429 2026 vero
450 1989 561 2026 nobis
575 2000 729 2038 quoque
743 1988 932 2039 privatim,
947 1987 1074 2038 gravis
1089 1987 1284 2032 incubuit3
1304 1995 1342 2025 et
1357 2000 1444 2037 quae
1459 1986 1540 2025 dixi
1553 1987 1696 2033 omnia,

243 2063 304 2089 me
325 2050 469 2088 dixisse
488 2063 535 2087 ex
561 2049 768 2101 Euphileto
789 2049 934 2095 audita,
954 2049 1195 2100 providentia
1210 2049 1347 2100 partim
1364 2049 1519 2088 tuendae
1539 2049 1695 2100 privatae

244 2112 377 2152 salutis
406 2112 708 2150 necessariorum
728 2118 844 2162 atque
870 2111 1077 2150 amicorum
1108 2124 1291 2157 meorum,
1311 2112 1448 2162 partim
1479 2111 1694 2150 securitatis

243 2174 409 2225 publicae
428 2173 569 2211 civium
587 2173 770 2217 omnium,
787 2186 865 2224 qua
884 2174 963 2211 fieri
983 2180 1112 2224 potest
1141 2185 1292 2210 summa
1312 2186 1400 2210 cum
1419 2173 1557 2210 virtute
1580 2179 1697 2224 atque

243 2235 461 2281 honestate,
479 2234 586 2272 nullo
606 2242 735 2273 autem
756 2247 845 2272 cum
865 2234 1023 2280 scelere,
1042 2233 1148 2272 nulla
1172 2247 1260 2272 cum
1285 2233 1535 2285 turpitudine,
1555 2241 1598 2272 ut
1621 2248 1697 2285 ego

244 2296 422 2347 equidem
436 2295 526 2333 mihi
541 2296 771 2346 persuadeo·
823 2295 974 2337 Quodsi
991 2309 1084 2347 ergo
1097 2309 1155 2334 res
1168 2296 1222 2334 sic
1237 2308 1277 2334 se
1291 2295 1421 2343 habet,
1434 2309 1591 2347 aequum
1604 2310 1696 2336 cen-

246 2372 313 2397 seo
332 2356 562 2409 postuloque
582 2370 605 2394 a
623 2357 729 2395 vobis
759 2357 904 2395 absolvi
932 2364 1046 2408 atque
1066 2357 1204 2395 dimitti
1224 2358 1330 2396 salvo
1349 2358 1476 2409 capite
1506 2359 1697 2410 salvisque

246 2420 410 2459 fortunis
428 2426 468 2456 et
486 2420 600 2456 fama.
657 2421 970 2470 Age—oportet
990 2420 1091 2457 enim
1118 2419 1296 2458 humanis
1317 2419 1365 2458 de
1387 2421 1501 2459 rebus
1519 2420 1698 2460 humanis

245 2482 337 2520 item
351 2480 476 2518 modis
498 2480 683 2530 cogitare,
699 2493 744 2519 ac
764 2480 796 2518 si
815 2480 896 2531 ipse
915 2480 1078 2531 quisque
1092 2481 1299 2519 infortunio
1315 2481 1515 2532 perculsus
1527 2489 1697 2529 esset—-‚

243 2543 337 2595 quid
362 2542 627 2593 unusquisque
651 2549 834 2588 vestrum,
860 2555 946 2580 meo
970 2542 1055 2581 loco
1084 2543 1115 2580 si
1139 2543 1277 2581 fuisset
1296 2543 1541 2589 constitutus,
1560 2543 1696 2582 fuisset

245 2603 444 2644 facturus?
486 2603 588 2641 Nam
620 2603 651 2641 si
678 2604 867 2654 ejusmodi
900 2604 1038 2642 fuisset
1066 2604 1232 2655 optionis
1257 2603 1442 2651 conditio,
1464 2611 1507 2642 ut
1535 2617 1695 2644 necesse

245 2666 394 2711 fuisset,
414 2671 481 2703 aut
497 2664 662 2716 gloriose
682 2665 775 2702 mori
795 2672 862 2702 aut
881 2665 1040 2715 turpiter
1061 2665 1215 2710 servari,
1235 2665 1358 2716 possit
1377 2665 1508 2715 utique
1528 2666 1696 2705 indicina

247 2740 270 2764 a
301 2740 361 2764 me
390 2727 494 2765 facta
525 2739 594 2778 pro
626 2726 793 2764 facinore
827 2727 1001 2777 improbo
1031 2726 1233 2776 degeneris
1267 2726 1381 2764 animi
1417 2734 1510 2765 nota
1536 2727 1692 2773 haberi;

247 2800 464 2838 quanquam
484 2787 544 2825 vel
564 2787 619 2826 sic
637 2800 792 2838 quoque
814 2787 917 2825 haud
939 2788 1050 2838 pauci
1071 2788 1187 2825 futuri
1208 2787 1383 2832 fuissent,
1404 2788 1441 2825 in
1462 2788 1575 2826 simili
1594 2789 1699 2836 loco,

248 2849 313 2898 qui
339 2849 495 2899 turpiter
524 2848 666 2887 amicos
691 2849 860 2887 indicare
887 2849 991 2887 haud
1016 2849 1259 2903 dubitassent
1282 2850 1474 2900 vitamque
1494 2850 1693 2901 ingloriam

249 2910 563 2961 mortipraeclarae
575 2911 770 2962 praeferre:
795 2924 922 2949 verum
935 2911 1062 2949 omnia
1073 2918 1207 2949 contra
1219 2919 1326 2950 erant
1338 2925 1347 2955 ;
1369 2924 1457 2950 nam
1466 2912 1496 2950 si
1510 2918 1692 2957 tacerem,
