1822 3219
626 171 973 212 TETRALOGIA
1005 170 1077 208 ΙΙΙ.
1515 164 1564 198 35

127 272 302 319 tendunt,
328 286 442 323 quem
467 286 604 324 passus
627 274 707 324 ipse
733 273 803 310 sibi
827 271 960 310 fraude
989 283 1059 307 sua
1087 268 1208 306 multo
1232 267 1350 317 magis
1380 265 1568 303 contraxit

127 345 239 381 quam
259 347 332 383 ego
353 334 419 384 ipsi
439 334 624 379 contraxi,
641 333 715 370 hoc
735 333 927 369 enimvero
946 330 1136 380 indignor,
1156 334 1194 365 et
1211 334 1313 364 recte
1333 326 1371 363 id
1397 326 1564 375 quidem.

127 390 215 441 Ipse
242 394 354 439 enim,
382 394 487 430 nulla
514 406 598 430 mea
625 399 854 442 provocatus
882 391 1030 441 injuria,
1057 390 1253 426 verberum
1283 386 1373 423 fecit
1401 386 1564 428 initium,

127 449 291 489 illudens
310 453 406 489 inter
425 453 563 503 pocula
583 452 684 496 mihi,
703 452 846 489 homini
866 451 985 488 multo
1005 461 1117 499 quam
1142 448 1222 498 ipse
1251 454 1333 483 erat
1356 452 1566 495 temperan-

127 511 212 548 tiori
231 522 269 549 et
288 519 411 549 mente
432 512 552 561 magis
569 512 784 554 constanti3
816 524 892 561 quo
911 524 987 547 non
1009 509 1079 546 sibi
1100 507 1340 545 solummodo
1358 506 1458 542 hanc
1475 518 1567 541 con-

128 571 237 608 scivit
266 571 450 621 injuriam,
478 571 547 608 sed
575 571 663 607 mihi
691 583 843 621 quoque
871 570 1064 607 molestias
1093 568 1205 616 hujus
1229 565 1388 603 actionis
1413 564 1567 604 creavit.

131 629 242 680 Nego
263 631 388 680 itaque
407 639 473 668 eos
499 644 559 667 me
584 631 802 668 incusantes
828 638 929 668 recte
959 631 1104 671 facere;
1135 628 1277 664 sactum
1301 625 1401 663 enim
1430 625 1503 661 hoc
1532 630 1569 660 et

128 690 302 728 humanis
333 698 372 728 et
399 691 535 728 divinis
558 691 707 741 juribus
736 697 935 741 repugnat.
993 689 1096 726 Nihil
1115 688 1214 724 enim
1236 686 1339 723 aliud
1357 685 1432 735 egi,
1451 696 1566 734 quam

127 758 171 788 ut
183 751 256 788 vim
272 751 439 789 oblatam
459 752 548 789 mihi
564 752 824 795 defenderem,
842 758 881 788 et
895 761 1159 800 aggressorem
1180 746 1427 797 repellerem3
1458 756 1569 793 quem

128 812 159 848 si
187 818 254 849 aut
278 812 379 849 ferro
409 819 474 849 aut
498 825 592 849 saxo
619 818 685 850 aut
708 813 808 849 fuste
832 811 1070 862 repulissem,
1090 821 1137 845 ne
1165 807 1220 844 sic
1249 806 1401 856 quidem
1431 804 1571 854 injuste

127 871 291 921 egissem
304 894 356 900 —
371 885 617 922 aggressores
636 873 734 909 enim
753 884 822 922 par
840 878 913 916 est,
934 880 1008 908 non
1029 870 1109 920 pari
1129 868 1259 911 modo,
1281 866 1349 903 sed
1371 865 1570 903 abundan-

126 930 220 969 tiore
245 931 358 969 etiam
383 945 618 982 numeroque
647 941 686 970 et
713 931 894 982 gravitate
915 931 1110 968 verberum
1136 925 1467 965 commulcari--z
1497 939 1570 976 ego

126 1003 217 1028 vero
247 991 382 1029 eodem
414 1005 549 1042 genere
574 1005 779 1036 armorum,
805 1004 880 1041 quo
904 990 1097 1040 impetitus
1123 989 1281 1032 fueram,
1307 998 1572 1036 aggressorem

127 1051 228 1088 ultus
247 1064 353 1088 sum:
383 1052 483 1089 ictus
505 1065 722 1102 pugnorum
742 1053 789 1089 ab
809 1064 855 1088 eo
876 1051 965 1087 mihi
983 1051 1151 1099 ingestos
1170 1048 1241 1098 ipsi
1264 1047 1406 1084 refudi:
1437 1046 1474 1083 in
1500 1046 1571 1084 hoc

127 1123 219 1148 num
250 1112 386 1161 injuste
416 1112 505 1162 egi?
560 1113 638 1149 Sed
673 1112 851 1162 procedo.
908 1110 1155 1147 Severitatem
1188 1119 1324 1156 nempe
1358 1106 1453 1155 legis
1481 1106 1573 1142 mihi

131 1178 314 1220 opponet,
345 1171 509 1209 vetantis
536 1184 753 1221 quenquam
792 1170 913 1208 occidi
943 1181 1172 1219 quocunque
1205 1166 1357 1202 nomine
1389 1166 1466 1202 sive
1487 1166 1574 1215 jure

129 1230 209 1267 sive
245 1230 392 1280 injuria,
421 1244 539 1281 eoque
574 1244 632 1268 me
665 1232 742 1268 aiet
777 1229 972 1268 homicidii
1010 1228 1132 1278 poenis
1169 1226 1393 1264 obstrictum
1431 1226 1572 1263 teneri:

129 1291 250 1327 virum
287 1290 386 1327 enim
418 1291 585 1340 perisse*
637 1291 720 1340 Ego
754 1303 842 1327 vero
877 1289 1013 1326 iterum
1048 1295 1162 1337 atque
1191 1287 1328 1323 iterum
1357 1298 1458 1335 nego
1487 1298 1574 1322 eum

128 1363 151 1388 a
174 1364 232 1388 me
256 1358 494 1401 peremptum
520 1364 618 1388 esse.
678 1352 776 1388 Nam
802 1352 832 1388 si
857 1350 1028 1400 protinus
1055 1350 1102 1385 ab
1132 1348 1205 1384 illis
1239 1347 1363 1398 plagis
1398 1348 1432 1384 ei
1463 1359 1485 1383 a
1514 1359 1575 1382 me

126 1411 281 1461 ingestis
314 1411 561 1461 exspirasset,
592 1412 672 1461 ipse
700 1424 852 1460 quoque
877 1411 1013 1448 faterer
1041 1421 1100 1445 me
1133 1408 1240 1444 illum
1271 1407 1577 1444 exanimasse—

124 1484 354 1521 quanquam‚
383 1471 413 1507 si
440 1471 627 1516 fecissem,
655 1472 711 1508 vel
741 1471 794 1508 sic
822 1483 974 1520 quoque
1007 1475 1109 1506 recte
1139 1468 1331 1511 fecissem,
1368 1474 1406 1507 et
1433 1466 1496 1503 ille
1527 1467 1578 1504 nil

129 1533 230 1570 aliud
255 1545 368 1582 quam
395 1545 461 1582 pro
483 1533 624 1570 meritis
650 1533 804 1574 luisset;
834 1545 902 1581 par
926 1531 1024 1568 enim
1051 1536 1122 1574 est,
1151 1529 1188 1565 id
1218 1528 1320 1577 quod
1343 1528 1478 1564 iterum
1503 1528 1574 1572 aio,

131 1605 374 1642 aggressores
402 1605 478 1629 non
505 1592 746 1629 solummodo
773 1592 889 1642 paria,
910 1590 976 1628 sed
1002 1591 1114 1627 etiam
1139 1588 1333 1625 acerbiora
1360 1595 1396 1624 et
1419 1601 1578 1625 numero

134 1652 385 1690 cumulatiora
412 1651 575 1689 invicem
607 1653 774 1702 pati—t
814 1651 876 1689 ille
906 1663 1010 1694 vero,
1043 1649 1218 1686 manibus
1251 1648 1386 1684 medici
1419 1648 1579 1698 imperiti

132 1713 369 1756 commissus,
398 1712 527 1749 multis
555 1713 689 1749 diebus
715 1720 804 1762 post
833 1711 957 1762 periit,
979 1723 1054 1747 non
1080 1722 1102 1746 a
1128 1708 1252 1759 plagis
1275 1720 1297 1745 a
1322 1720 1381 1744 me
1406 1708 1580 1757 ingestis,

136 1774 206 1811 sed
226 1773 313 1810 mali
333 1773 469 1810 medici
489 1773 624 1823 culpa:
655 1786 718 1810 vos
736 1774 810 1810 imo
830 1784 931 1816 vero,
948 1778 1190 1808 accusatores
1216 1769 1303 1813 mei,
1325 1774 1483 1805 mortem
1509 1769 1581 1817 ipsi

137 1833 346 1884 pertinacia
374 1839 413 1869 et
440 1833 649 1870 temeritate
674 1841 796 1871 vestra
823 1832 1084 1872 conscivistis;
1116 1829 1271 1878 reliquis
1298 1828 1398 1865 enim
1424 1828 1580 1865 medicis

138 1893 468 1941 denuntiantibus,
489 1893 562 1930 ista
581 1893 612 1929 si
630 1899 775 1943 aegroto
796 1892 1038 1930 adhiberetur
1059 1889 1233 1927 medendi
1254 1888 1348 1925 ratio
1365 1899 1477 1937 quam
1504 1902 1580 1925 me-

138 1952 247 1990 dicus
267 1953 348 2003 ejus
367 1953 401 1989 ei
421 1952 631 1997 adhiberet,
651 1953 833 1997 futurum,
857 1960 899 1989 ut
917 1952 1045 1996 homo,
1066 1950 1175 2000 cujus
1195 1948 1375 1985 valetudo
1400 1948 1493 1985 alias
1515 1961 1582 1997 per

141 2024 182 2049 se
203 2011 381 2049 sanabilis
402 2018 518 2055 esset,
533 2019 659 2048 tamen
680 2012 832 2062 periret,
848 2025 914 2050 vos
929 2024 1053 2049 errore
1072 2009 1218 2047 consilii
1239 2008 1350 2045 vestri
1371 2007 1484 2045 saluti
1500 2008 1583 2057 ejus

141 2072 343 2110 obstitistis
360 2084 368 2108 :
401 2071 502 2109 unde
521 2072 662 2110 crimen
681 2071 768 2109 mihi
788 2072 933 2109 exstitit
950 2071 1117 2120 impium.
1175 2069 1314 2105 Verum
1333 2080 1408 2105 non
1423 2068 1583 2117 aequitas

141 2132 381 2169 solummodo
408 2145 536 2169 causae
564 2145 623 2169 me
650 2132 823 2176 absolvit,
842 2131 909 2169 sed
935 2131 1045 2168 etiam
1068 2129 1208 2166 diserta
1229 2128 1324 2177 legis
1347 2127 1467 2164 oratio
1487 2127 1584 2163 illius

141 2192 261 2242 ipsius
281 2193 393 2243 cujus
414 2206 461 2229 ex
481 2194 705 2230 auctoritate
726 2200 969 2230 accusatores
991 2204 1049 2228 me
1070 2203 1174 2227 reum
1196 2198 1328 2238 agunt.
1386 2188 1464 2225 Lex
1485 2189 1585 2224 enirn

138 2252 207 2289 illa
234 2254 468 2302 pronuntiat,
496 2265 583 2289 eum
612 2259 784 2302 oportere
808 2251 1038 2289 homicidam
1063 2249 1207 2292 haberi,
1232 2249 1297 2297 qui
1323 2247 1479 2284 alterius
1499 2247 1585 2283 vitae

142 2312 340 2349 insidiatus
361 2319 471 2351 esset.
528 2312 644 2355 Quod
666 2312 696 2349 si
716 2325 806 2362 ergo
826 2311 1017 2348 homicida
1037 2323 1133 2351 sum,
1153 2321 1267 2358 quem
1288 2308 1325 2343 hi
1346 2321 1404 2344 me
1431 2308 1587 2352 faciunt,

144 2385 300 2409 necesse
321 2381 390 2417 est,
411 2379 454 2409 ut
477 2372 676 2409 insidiatus
698 2378 892 2422 perempto
918 2370 1067 2407 fuerim.
1123 2369 1237 2417 Atqui
1267 2380 1340 2417 quo
1370 2374 1485 2416 pacto
1514 2379 1586 2416 ego

145 2432 250 2469 dicar
268 2431 466 2468 insidiatus
487 2444 584 2474 esse,
605 2432 673 2468 nisi
694 2433 724 2468 si
745 2431 960 2468 concedant
982 2430 1095 2466 etiam
1122 2428 1225 2464 illum
1252 2427 1341 2464 mihi
1371 2426 1586 2462 insidiatum

147 2491 259 2528 esse?
314 2491 412 2527 Nam
429 2492 565 2540 quibus
585 2491 647 2528 ille
668 2504 727 2527 me
750 2491 871 2527 modis
898 2489 1205 2539 aggrediebatur,
1226 2487 1357 2523 iisdem
1385 2499 1456 2535 ego
1483 2485 1586 2521 illum

145 2552 305 2589 invicem
333 2552 584 2602 excipiebam,
613 2552 712 2588 mala
738 2564 820 2588 mea
846 2550 917 2600 ipsi
942 2549 1222 2598 rependebam:
1253 2547 1354 2596 quod
1377 2547 1406 2582 si
1427 2558 1517 2593 ergo
1539 2545 1589 2581 illi

145 2628 217 2664 ego
233 2614 430 2651 insidiatus
445 2627 544 2662 sum,
557 2614 619 2651 ille
633 2613 844 2650 necessario
854 2624 1004 2661 quoque
1016 2610 1102 2646 mihi
1118 2609 1319 2646 insidiatus
1337 2608 1419 2643 fuit.
1454 2606 1588 2655 [Quod

151 2674 182 2709 si
196 2687 287 2723 ergo
306 2686 378 2723 ego
396 2674 500 2710 illum
518 2674 655 2718 occidi,
671 2672 812 2710 occidit
825 2672 886 2709 ille
902 2684 960 2708 me
980 2682 1143 2720 quoque.
1197 2668 1339 2704 Verum
1357 2666 1493 2702 falsum
1515 2666 1589 2702 hoc

152 2740 224 2770 est.
261 2733 364 2783 Ergo
380 2741 418 2771 et
431 2734 570 2784 prius]
609 2733 860 2770 Adversarius
877 2739 1004 2769 autem
1020 2730 1049 2767 si
1066 2729 1151 2766 ideo
1167 2740 1226 2764 me
1243 2732 1352 2776 putat
1364 2725 1591 2762 homicidam

152 2798 253 2829 recte
280 2792 424 2839 haberi,
447 2794 550 2843 quod
575 2793 708 2843 plagas
735 2806 757 2830 a
778 2805 838 2829 me
862 2792 1025 2828 inflictas
1051 2802 1152 2826 mors
1171 2788 1343 2823 insecuta
1364 2786 1422 2830 sit,
1446 2793 1591 2829 contra,

151 2851 274 2897 velim,
293 2852 365 2889 hoc
386 2853 448 2891 ille
469 2866 599 2892 secum
618 2860 779 2904 reputet,
799 2865 858 2890 me
879 2852 927 2892 ad
946 2851 1081 2902 plagas
1101 2860 1175 2885 non
1197 2845 1313 2883 fuisse
1331 2858 1588 2889 excessurum,
