1822 3219
205 156 276 192 186
851 158 1026 195 LYSIAE

204 271 314 296 scuro
335 258 371 296 in
394 258 486 305 otio,
506 259 541 297 id
564 260 669 310 quod
691 273 778 298 eum
806 261 900 298 satis
928 261 1069 297 habere
1097 259 1260 296 decebat
1285 272 1399 309 quem
1428 260 1667 297 conscientia

207 327 263 358 tot
291 320 480 358 scelerum
505 321 759 372 perculisset;
791 321 859 359 sed
891 322 926 358 in
962 321 1048 357 luce
1079 321 1173 370 reip.
1192 320 1335 358 versari
1360 319 1456 365 vult,
1483 328 1667 370 tanquam

207 382 272 432 qui
292 381 433 433 piaculi
449 389 624 421 auctores
641 383 859 434 exploratos
875 382 1109 420 indicasset:
1145 381 1227 419 haec
1243 381 1364 432 agitat
1377 380 1548 427 consilia,
1561 381 1614 419 ita
1629 394 1670 419 se

206 450 330 494 parat,
350 443 435 482 haec
456 445 527 482 sibi
547 445 753 483 conscribit
777 443 932 488 auxilia,
955 450 996 480 ut
1022 442 1109 494 plus
1136 443 1220 481 aliis
1241 444 1276 479 in
1298 456 1377 494 rep.
1399 442 1541 488 valeat,
1559 442 1673 492 quasi

208 518 286 543 non
307 518 374 557 per
392 514 558 544 vestram
578 505 821 543 clementiam
842 505 1162 556 negotiorumque
1182 505 1322 555 quibus
1342 504 1442 555 septi
1462 503 1554 542 estis
1575 503 1672 554 spis·

210 567 362 605 sitatem
382 567 527 606 factum
548 567 610 615 sit,
631 575 672 604 ut
686 579 755 604 vos
775 567 824 605 de
838 580 885 605 eo
900 566 1097 617 puniendo
1115 566 1339 604 adhucdum
1359 565 1529 615 cogitare
1548 564 1674 603 minus

212 631 391 680 possetis,
412 631 561 668 tametsi
590 630 698 668 novis
718 643 786 668 vos
813 643 917 668 nunc
940 629 1044 667 haud
1072 631 1232 669 obscure
1255 629 1353 667 laesit
1376 628 1673 667 offensionibus:

211 699 252 729 at
265 692 473 737 enimvero,
491 705 569 742 qua
585 705 673 729 eum
689 692 861 730 oratione
875 692 950 729 hac
962 705 1069 729 reum
1087 704 1282 743 peragam,
1298 690 1432 729 eadem
1448 689 1676 728 effecturum

212 766 271 790 me
293 766 418 804 spero,
438 761 481 791 ut
500 754 706 792 damnetur
734 766 944 804 poenasque
972 753 1121 791 dudum
1148 753 1302 791 meritas
1321 753 1403 804 jam
1432 751 1588 790 tandem
1609 752 1677 790 ali-

213 814 369 863 quando
389 814 594 864 persolvat.

267 876 305 913 6.
337 875 490 913 Nitetur
510 876 602 914 item
622 876 696 914 hac
715 877 963 914 excusatione
980 889 988 913 :
1020 876 1134 914 video
1153 877 1253 914 enim
1273 888 1435 914 necesse
1460 875 1551 913 mihi
1578 887 1678 920 esse,

216 946 258 975 ut
277 938 404 975 onmia
425 950 492 975 vos
511 938 674 976 doceam
693 952 781 989 quae
800 939 863 976 hic
891 938 949 976 sui
978 937 1167 989 purgandi
1194 951 1315 976 causa
1339 938 1499 989 profert,
1517 949 1594 987 quo
1612 949 1680 975 vos

215 999 417 1050 peraudita
442 1000 621 1050 utrinque
647 1013 767 1038 causa
792 1000 933 1038 certius
953 1007 991 1037 et
1011 1000 1161 1050 aequius
1188 999 1462 1050 pronuncietis.
1519 998 1684 1037 Persua-

219 1060 308 1098 dere
342 1061 519 1100 nimirum
539 1062 649 1100 vobis
668 1062 755 1099 vult
785 1074 928 1112 magna
956 1074 979 1098 a
1008 1074 1050 1098 se
1077 1062 1115 1098 in
1141 1073 1261 1111 remp.
1289 1066 1518 1098 ornamenta
1542 1059 1686 1097 collata

218 1134 314 1168 esse,
338 1136 384 1160 eo
414 1123 535 1173 quod,
562 1125 703 1161 noxios
730 1122 954 1168 indicando,
980 1121 1053 1159 illis
1081 1135 1148 1159 vos
1174 1122 1383 1159 terroribus
1411 1111 1556 1171 illoque
1585 1126 1687 1158 aestu

220 1198 297 1234 quo
324 1193 404 1223 tum
435 1186 616 1237 temporis
641 1185 894 1234 jactabamini
918 1184 1098 1222 liberarit.
1156 1184 1300 1235 Ecquis
1334 1191 1465 1222 autem
1493 1190 1687 1221 tantorum

221 1253 306 1284 erat
324 1247 511 1285 malorum
532 1246 773 1286 concitator?
817 1246 906 1285 Non
925 1246 988 1284 hic
1009 1247 1104 1297 ipse,
1122 1259 1171 1284 ea
1186 1246 1374 1297 patrando
1390 1258 1479 1296 quae
1494 1243 1688 1296 patravit?

221 1307 378 1358 Ergone
399 1309 523 1346 meriti
542 1308 698 1359 quidem
724 1308 815 1346 huic
839 1308 1023 1346 habenda
1043 1308 1113 1345 erit
1132 1315 1170 1345 et
1189 1307 1391 1345 referenda
1410 1307 1547 1357 gratia,
1567 1313 1611 1344 ut
1629 1306 1688 1343 in-

222 1369 313 1414 dici,
338 1370 449 1421 cujus
477 1370 550 1421 ipsi
577 1371 739 1421 gratiam
759 1369 880 1407 meriti
906 1369 1061 1408 abunde
1081 1369 1263 1407 retulistis
1290 1367 1535 1407 decernenda
1557 1366 1690 1405 delicti

222 1431 335 1469 venia
352 1439 390 1469 et
409 1432 565 1483 spiritus
584 1432 853 1474 immunitate;
885 1431 1072 1468 tumultus
1093 1438 1221 1468 autem
1242 1430 1344 1467 illius
1364 1430 1594 1479 illarumque
1614 1428 1688 1466 sol-

223 1492 470 1530 licitudinum
491 1493 607 1544 culpa
624 1493 663 1530 in
685 1506 765 1538 vos,
787 1493 854 1542 qui
874 1492 912 1529 in
931 1491 1141 1529 sceleratos
1162 1489 1447 1541 inquisiveritis,
1467 1489 1539 1527 erit
1558 1489 1692 1527 confe-

224 1554 374 1592 renda?
422 1555 684 1606 Neutiquam:
716 1554 829 1606 plane
856 1560 991 1592 contra
1019 1552 1215 1591 civitatem
1242 1553 1290 1591 ab
1317 1551 1393 1590 hoc
1421 1551 1692 1589 conturbatam

228 1629 296 1655 vos
315 1629 449 1654 rursus
470 1616 688 1654 sedavistis.

282 1680 323 1716 7.
352 1678 428 1716 Sed
452 1677 527 1716 hoc
556 1690 714 1728 quoque
738 1690 827 1715 eum
852 1676 968 1715 audio
998 1689 1067 1727 pro
1094 1688 1135 1714 se
1163 1675 1369 1719 dicturum,
1397 1681 1514 1725 pacta
1542 1687 1565 1712 a
1583 1672 1696 1712 vobis

229 1753 318 1778 cum
337 1739 642 1778 Lacedaemoniis
671 1746 709 1777 et
728 1739 826 1778 inter
845 1745 997 1776 vosmet
1019 1737 1127 1784 inita,
1147 1737 1202 1775 nil
1230 1737 1356 1775 minus
1380 1736 1430 1774 ad
1458 1749 1500 1774 se
1523 1748 1696 1787 quoque,

230 1814 348 1853 quam
376 1802 426 1840 ad
454 1802 551 1840 alios
580 1814 834 1852 quoscunque
863 1800 1138 1846 Athenienses,
1161 1799 1374 1850 pertinere;
1418 1805 1624 1850 speratque
1653 1809 1698 1835 se

228 1871 540 1909 consecuturum,
563 1870 606 1900 ut
625 1863 700 1902 hoc
719 1871 800 1901 tam
820 1862 999 1913 specioso
1025 1868 1221 1913 praetextu
1247 1860 1402 1911 decepti
1422 1866 1593 1897 vestrum
1610 1872 1699 1910 per-

229 1925 340 1963 multi
362 1938 404 1964 se
423 1925 644 1971 absolvant,
661 1932 847 1974 metuque
864 1923 1076 1969 constricti,
1091 1936 1141 1960 ne
1159 1921 1408 1960 excludendo
1424 1921 1551 1972 ipsum
1570 1920 1701 1959 fructu

229 1993 432 2038 pactorum
454 1987 606 2024 illorum
624 1993 740 2038 pacta
758 1985 964 2024 violentur.
1022 1985 1187 2022 Planum
1203 1985 1336 2035 itaque
1353 1982 1493 2021 faciam
1507 1981 1702 2021 Andocidi

233 2062 321 2086 cum
342 2048 464 2099 pactis
484 2048 557 2086 illis
577 2048 631 2086 nil
650 2047 860 2100 quicquam
889 2060 1092 2086 commune
1121 2060 1221 2092 esse,
1251 2058 1379 2096 neque
1404 2045 1479 2090 his,
1501 2058 1589 2096 quae
1614 2057 1703 2083 cum

234 2110 539 2148 Lacedaemoniis
556 2110 789 2162 pepigimus,
805 2122 933 2160 neque
949 2109 1025 2147 illis
1041 2108 1185 2155 alteris,
1207 2121 1296 2159 quae
1313 2107 1522 2145 redeuntes
1542 2107 1702 2146 domum

235 2185 257 2210 e
279 2173 428 2210 Piraeeo
447 2172 550 2211 cives
570 2185 660 2210 cum
680 2179 787 2223 parte
807 2171 948 2210 civium
969 2184 1029 2219 ea,
1049 2184 1140 2221 quae
1161 2171 1233 2208 sub
1254 2168 1372 2207 XXX
1392 2168 1557 2206 virorum
1581 2166 1702 2204 domi-

235 2241 328 2272 natu
356 2234 395 2271 in
426 2235 519 2272 urbe
547 2241 755 2280 manserat,
776 2233 1019 2285 pepigerunt.
1077 2232 1218 2282 Neque
1247 2231 1349 2269 enim
1369 2242 1392 2267 a
1411 2234 1585 2267 nostrum
1606 2240 1702 2278 quo-

238 2310 368 2348 quam,
406 2303 465 2335 tot
503 2310 663 2335 numero
702 2309 792 2334 cum
830 2296 964 2340 simus,
997 2294 1134 2333 eadem
1173 2293 1381 2332 commissa
1418 2297 1510 2329 sunt
1545 2290 1706 2330 crimina

238 2365 354 2408 atque
384 2358 432 2395 ab
466 2357 693 2402 Andocide;
727 2371 788 2395 me
815 2358 1019 2395 miserum!
1063 2355 1199 2393 eadem
1231 2352 1453 2392 enimvero?
1493 2366 1541 2391 ne
1569 2351 1707 2390 similia

238 2419 418 2470 quidem:
449 2420 556 2469 quod
572 2420 602 2457 si
619 2426 736 2465 esset,
752 2424 883 2470 posset
896 2417 1121 2456 Andocides
1139 2415 1327 2454 nonnulla
1346 2415 1448 2466 aequi
1464 2414 1591 2465 specie
1605 2425 1709 2451 com-

239 2482 463 2521 munionem
484 2482 636 2520 illorum
653 2489 852 2533 pactorum
872 2482 1120 2531 fructumque
1139 2479 1337 2530 postulare
1355 2477 1488 2515 videri.
1545 2475 1705 2520 Verum,

239 2546 294 2583 ita
309 2558 368 2582 me
380 2544 534 2594 Jupiter
549 2551 664 2589 amet,
678 2557 801 2594 neque
813 2551 970 2595 propter
984 2542 1228 2581 Andocidem
1244 2542 1342 2578 inter
1355 2552 1426 2576 nos
1440 2535 1709 2582 dissensimus,

242 2619 368 2658 neque
396 2606 503 2657 prius
527 2605 729 2643 nobiscum
750 2606 790 2642 in
811 2606 977 2655 gratiam
1006 2604 1129 2642 redire
1153 2601 1429 2645 recusavimus,
1449 2601 1567 2648 quam
1586 2597 1710 2635 nomi-

243 2670 362 2707 natim
377 2668 428 2706 de
443 2666 644 2706 Andocide
658 2667 697 2704 in
713 2666 875 2718 pristina
887 2667 976 2717 jura
998 2664 1238 2704 restituendo
1254 2670 1294 2701 et
1311 2662 1361 2700 ad
1376 2659 1709 2713 participationem

242 2738 443 2782 pactorum
465 2728 706 2768 admittendo
726 2734 882 2766 cautum
904 2735 1022 2765 esset.
1080 2727 1167 2764 Non
1189 2726 1290 2763 enim
1310 2723 1425 2761 unius
1444 2721 1625 2767 hominis,
1641 2719 1709 2760 sed

245 2798 376 2830 nostra
396 2803 528 2837 causa,
549 2796 739 2841 quotquot
762 2802 908 2834 sumus,
927 2802 948 2826 e
969 2788 1117 2826 Piraeeo
1137 2794 1176 2825 et
1197 2786 1300 2823 Urbe
1321 2784 1468 2829 cuncti,
1486 2790 1599 2835 pacta
1616 2782 1712 2820 inita

244 2860 282 2890 et
297 2851 549 2903 jurisjurandi
566 2851 749 2902 religione
765 2850 913 2889 sancita
929 2856 1043 2887 sunt:
1075 2849 1174 2886 foret
1192 2847 1326 2897 utique
1345 2845 1561 2896 indignum,
1574 2843 1605 2882 si
1625 2856 1711 2890 nos,

248 2922 403 2965 propter
430 2913 645 2952 Andocidis
677 2913 879 2965 peregrino
913 2912 951 2950 in
987 2911 1068 2950 solo
1102 2922 1262 2955 erroreS,
1288 2909 1359 2960 ipsi
1389 2921 1513 2948 rerum
1543 2906 1712 2946 omnium

203 1790 222 1807 *A
