1822 3219
511 132 582 168 DE
612 130 776 184 BONIS
807 129 1040 167 FRATRIS
1071 129 1256 167 NICIAE.
1503 129 1580 165 275

126 231 307 268 moenium
335 239 550 269 vestrorum
576 234 705 271 ruinas
725 233 859 271 vestris
889 232 1063 269 manibus
1091 231 1384 281 discerptorum‚
1410 228 1579 267 classem

126 298 289 328 vestram
303 291 339 328 in
355 299 585 341 potestatem
603 294 771 330 hostium
792 293 984 330 deditione
1000 292 1232 336 venientem,
1246 292 1397 341 plebem
1412 297 1579 328 vestram

122 351 259 402 jugum
280 352 470 389 servitutis
491 353 732 389 subeuntem.

181 413 216 449 3.
248 412 336 449 Pari
355 412 469 450 modo
489 412 592 449 haud
612 413 732 450 multo
748 419 836 463 post
851 412 1056 450 Niceratus
1074 411 1195 448 Niciae
1212 410 1325 454 filius,
1341 410 1457 448 frater
1469 424 1577 449 meus

124 471 319 521 patruelis,
349 473 397 509 ob
426 471 730 510 benevolentiam
765 485 841 522 qua
876 473 1026 522 plebem
1063 478 1228 509 vestram
1264 470 1578 520 amplectebatur,

122 532 420 582 comprehensus
446 545 469 570 a
497 532 756 583 Trigintaviris
785 533 879 570 mori
909 539 1068 570 coactus
1098 537 1170 576 est,
1196 543 1273 567 non
1302 543 1380 580 quo
1408 531 1579 581 tyrannis

123 598 192 630 aut
210 594 257 630 ob
274 605 397 642 genus
417 599 484 630 aut
502 594 550 631 ob
570 594 774 632 facultates
795 599 863 631 aut
877 594 927 631 ob
942 600 1095 630 aetatem
1115 592 1294 641 indignus
1312 590 1581 628 communione

122 653 357 704 principatus
376 654 582 692 haberetur
601 668 610 698 ;
642 655 710 692 sed.
730 655 835 705 quod
856 666 901 691 ea
922 659 1053 691 essent
1071 660 1110 691 et
1128 652 1248 703 ipsius
1268 659 1307 690 et
1325 652 1511 702 majorum
1533 652 1581 689 de

123 713 234 762 plebe
255 721 380 752 vestra
405 716 551 761 merita,
569 722 624 760 ut,
645 728 693 753 ne
721 715 752 752 si
772 715 886 752 vellet
913 714 1081 764 quidem,
1108 714 1268 752 formam
1298 713 1583 763 gubernationis

123 780 308 812 mutatam
328 782 510 826 appetere
529 783 673 826 posset.
731 776 882 814 Norant
907 777 1005 813 enim
1034 776 1186 827 tyranni
1215 775 1434 812 universum
1456 773 1581 812 Niciae

122 845 244 882 genus
265 835 314 872 ob
336 842 480 885 partes,
501 849 599 886 quas
621 836 715 873 illud
735 849 858 886 genus
880 836 917 873 in
939 849 1020 886 rep.
1041 842 1214 874 secutum
1235 842 1351 880 esset,
1373 847 1523 884 semper
1543 834 1582 871 in

121 893 267 932 honore
288 902 404 945 atque
430 898 641 934 reverentia
658 897 780 934 fuisse
800 897 987 940 habitum,
1009 909 1111 946 saepe
1131 908 1202 946 pro
1223 895 1347 932 salute
1368 899 1495 931 vestra
1513 907 1581 944 pe-

121 954 242 993 ricula
257 956 395 1001 adisse,
413 957 578 1006 grandes
599 957 826 995 collationes
845 957 1085 1007 pecuniarias
1106 956 1154 993 de
1173 969 1241 993 suo
1260 955 1308 992 ad
1329 954 1582 992 necessitates

121 1015 218 1065 reip.
239 1015 462 1061 contulisse,
484 1029 642 1054 munera
670 1017 838 1054 edidisse
865 1016 1192 1067 splendidissima,
1213 1015 1339 1052 nullas
1360 1027 1532 1064 unquam
1560 1028 1583 1052 a

121 1089 201 1126 rep.
230 1076 302 1113 sibi
336 1076 588 1114 demandatas
626 1084 755 1127 partes
793 1077 990 1128 defugisse
1018 1078 1084 1115 sed
1115 1090 1247 1114 omnes
1275 1076 1424 1113 lubenti
1454 1076 1582 1114 animo

121 1143 325 1174 exsecutos
354 1149 452 1174 esse.
509 1137 595 1174 Jam
626 1138 783 1188 quinam
811 1138 873 1175 alii
902 1138 1013 1176 nobis
1043 1139 1119 1175 sint
1147 1137 1362 1174 miseriores
1390 1137 1523 1183 futuri,
1550 1136 1582 1174 si

120 1197 192 1234 sub
212 1197 386 1248 tyrannis
406 1197 561 1245 quidem
579 1199 860 1237 benevolentiae
880 1212 972 1250 erga
992 1199 1145 1249 plebem
1171 1211 1305 1249 poenas
1325 1204 1446 1235 morte
1465 1197 1582 1235 lueri-

117 1270 220 1302 mus,
251 1258 428 1297 restituta
456 1271 545 1296 vero
573 1259 676 1310 plebi
705 1260 882 1298 libertate
918 1260 1031 1298 bonis
1069 1260 1262 1310 privemur
1298 1258 1410 1308 quasi
1445 1270 1581 1309 poenas

117 1319 400 1356 malevolentiae
420 1320 553 1357 nescio
573 1320 685 1370 cujus
707 1320 912 1359 debentes.

170 1381 209 1417 4.
239 1379 457 1428 Diognetus
483 1380 565 1431 ipse
590 1394 760 1432 quoque,
780 1395 804 1419 a
827 1380 1170 1419 calumniatoribus
1199 1385 1317 1430 atque
1343 1379 1581 1416 delatoribus

117 1438 156 1475 in
195 1439 456 1489 suspicionem
495 1440 702 1491 odiumque
741 1448 989 1492 tyrannorum
1022 1441 1230 1486 adductus,
1261 1441 1394 1478 mortis
1427 1439 1582 1489 quidem

118 1501 330 1551 periculum
358 1502 452 1551 fuga
477 1503 604 1547 elusit,
629 1504 735 1541 nulla
761 1511 889 1543 tamen
919 1505 1033 1542 animi
1055 1503 1163 1542 vobis
1192 1503 1321 1540 infesti
1350 1501 1493 1540 indicia
1516 1501 1583 1539 illo

116 1561 156 1598 in
188 1561 324 1599 exsilio
357 1562 501 1604 edidit;
534 1574 614 1598 non
646 1575 734 1598 cum
765 1566 879 1600 sociis
910 1564 1048 1608 exsilii,
1083 1565 1148 1611 qui
1180 1564 1285 1599 haud
1317 1563 1429 1612 pauci
1462 1568 1584 1608 erant,

116 1628 281 1660 vestram
300 1623 435 1659 urbem
456 1627 722 1670 oppugnatum
742 1623 862 1666 venit,
881 1633 959 1657 non
979 1622 1190 1658 Deceleam
1215 1623 1442 1671 occupavit:
1473 1622 1583 1660 deni-

115 1695 190 1732 que
219 1682 367 1719 nullum
395 1694 566 1730 unquam
595 1681 645 1718 ad
674 1694 742 1718 vos
770 1681 1061 1719 incommodum
1096 1681 1144 1718 ab
1183 1693 1230 1718 eo
1268 1682 1486 1732 profectum
1526 1691 1583 1721 est

116 1754 243 1792 neque
263 1740 436 1779 exsilium
456 1741 644 1778 tolerante
663 1754 791 1791 neque
810 1741 967 1778 domum
987 1754 1154 1786 reverSO,
1173 1741 1239 1779 sed
1266 1747 1375 1780 tanta
1400 1742 1474 1780 fuit
1498 1745 1581 1793 ejus

118 1804 249 1848 virtus,
271 1808 316 1840 ut
342 1802 551 1840 sceleratos
579 1815 601 1840 a
628 1803 768 1852 quibus
798 1803 925 1840 vexati
947 1802 1085 1840 essetis
1113 1802 1320 1840 ardentiori
1349 1804 1463 1841 etiam
1493 1805 1582 1843 odio

115 1869 422 1915 prosequeretur,
443 1876 560 1913 quam
585 1863 745 1901 caritate
768 1863 1064 1914 amplecteretur
1092 1876 1158 1900 eos
1185 1863 1327 1913 quibus
1353 1864 1582 1902 beneficium

115 1924 260 1962 reditus
289 1924 326 1961 in
355 1923 518 1974 patriam
544 1923 714 1961 deberet.
773 1923 1050 1961 obtinentibus
1071 1924 1257 1974 tyrannis,
1277 1924 1444 1962 honores
1465 1925 1582 1975 gessit

115 1984 269 2027 nullos;
300 1990 344 2021 ut
375 1983 540 2034 primum
566 1990 694 2022 autem
722 1983 1011 2022 Lacedaemonii
1041 1984 1080 2021 in
1107 1984 1355 2021 Academiam
1380 1991 1581 2033 venerunt,

117 2044 314 2082 Pausania
343 2044 456 2089 duce,
485 2045 690 2095 assumptis
721 2045 895 2082 Nicer-ati
924 2044 1002 2082 filio
1032 2044 1221 2095 nobisque
1251 2044 1316 2094 qui
1341 2049 1422 2081 tum
1451 2045 1581 2083 adhuc

116 2106 225 2155 pueri
245 2117 410 2150 eramus,
432 2105 598 2143 accessit
619 2105 668 2143 ad
688 2105 935 2151 Pausaniam,
955 2105 1066 2155 cujus
1087 2105 1125 2142 in
1146 2117 1273 2155 genua
1300 2118 1389 2142 cum
1410 2105 1580 2144 Nicerati

117 2165 236 2203 filium
255 2166 519 2216 imposuisset,
537 2166 649 2204 nobis
668 2166 812 2204 circum
830 2166 983 2204 adstare
996 2166 1132 2216 jussis,
1147 2165 1351 2203 miserabili
1369 2165 1418 2203 ad
1439 2165 1582 2204 Pausa-

115 2226 216 2263 niam
243 2226 505 2276 reliquamque
533 2239 712 2264 coronam
736 2227 908 2265 oratione
927 2227 1103 2277 exposuit
1121 2233 1287 2277 quantas
1308 2226 1578 2265 tolerassemus

116 2285 272 2334 injurias
299 2293 338 2322 et
363 2293 545 2336 quautam
565 2288 676 2325 sortis
698 2287 890 2333 duritiem,
909 2287 1131 2337 rogavitque
1153 2287 1402 2334 Pausaniam,
1422 2294 1466 2325 ut
1484 2287 1579 2325 ami-

114 2347 215 2385 citiae
241 2359 386 2384 memor
410 2347 642 2398 hospitiique
666 2350 770 2399 quod
788 2349 861 2400 ipsi
880 2362 968 2387 cum
988 2349 1213 2387 necessariis
1233 2350 1374 2388 nostris
1394 2350 1577 2388 interces-

117 2407 244 2453 sisset,
264 2407 374 2445 nobis
400 2420 622 2446 succurrere
642 2416 756 2458 atque
776 2422 1023 2460 oppressores
1042 2409 1175 2447 ulcisci
1196 2410 1431 2461 dignaretur.
1489 2411 1578 2451 Qua

115 2467 293 2506 orationis
323 2467 511 2518 gravitate
535 2474 651 2519 atque
677 2469 964 2507 miserabilitate
983 2469 1126 2520 injecta
1144 2470 1216 2508 fuit
1235 2471 1439 2508 Pausaniae
1459 2475 1577 2512 menti

118 2528 297 2578 quaedam
324 2541 417 2579 erga
443 2529 598 2580 plebem
626 2536 794 2567 nostram
820 2530 1041 2580 propensio,
1062 2536 1105 2568 ut
1130 2531 1232 2568 mala
1259 2530 1364 2580 genti
1388 2535 1530 2566 nostrae
1554 2542 1577 2568 a

117 2590 290 2638 tyrannis
318 2590 451 2628 oblata
484 2590 822 2628 circumstantibus
857 2590 987 2629 amicis
1021 2604 1087 2641 pro
1120 2590 1297 2640 exemplo
1333 2595 1576 2640 proponeret,

117 2648 219 2686 unde
239 2649 434 2688 discerent
461 2664 577 2701 quam
604 2651 785 2702 flagitiosi
811 2659 851 2689 et
877 2651 1128 2690 conscelerati
1155 2650 1330 2688 homines
1359 2649 1398 2686 hi
1427 2652 1578 2701 tyranni

123 2716 265 2746 essent.
324 2711 434 2748 Clare
453 2712 554 2749 enim
572 2712 653 2763 jam
672 2712 951 2763 perspicueque
972 2712 1177 2750 constabat
1196 2710 1488 2760 Peloponnesiis
1508 2712 1575 2761 qui

122 2777 204 2808 turn
232 2783 310 2809 una
334 2784 421 2808 cum
450 2772 644 2812 Pausania
668 2781 836 2813 nostram
857 2773 906 2812 ad
928 2774 1060 2811 urbem
1079 2777 1274 2817 venerant,
1294 2784 1371 2809 non
1391 2771 1577 2822 pessimos

119 2831 256 2870 civium
277 2839 496 2884 peremptos
517 2834 649 2880 fuisse,
672 2835 741 2874 sed
760 2848 824 2874 eos
844 2848 941 2884 quos
962 2841 1001 2871 et
1022 2833 1169 2883 generis
1190 2837 1281 2883 ergo
1300 2838 1338 2870 et
1357 2832 1572 2872 divitiarum
