1822 3219
563 151 735 191 SUPER
766 152 1077 190 CHOREUTA.
1489 155 1539 191 73

99 257 182 309 plis,
214 257 253 295 in
287 257 383 303 foro,
421 256 525 295 domi
555 268 727 306 meaeque
762 255 1021 306 ipsorumque,
1050 263 1089 293 et
1114 254 1335 306 ubicunque
1372 257 1545 296 locorum

98 319 404 357 conveniremus,
462 317 673 361 Postremo,
702 329 725 353 o
752 316 903 367 Jupiter
929 316 1057 366 diique
1086 320 1241 353 omnes!
1272 316 1335 355 hic
1354 317 1434 369 ipse
1451 318 1544 357 Phi·

96 382 260 420 locrates
281 382 319 419 in
348 381 453 419 curia
478 391 605 417 coram
634 386 784 422 senatu,
818 385 926 416 stans
956 391 1106 415 mecum
1125 377 1162 414 in
1196 387 1398 428 suggestu,
1429 394 1545 419 manu

96 457 185 481 cum
214 456 298 482 mea
337 448 526 484 conserta,
557 439 778 477 nominatim
815 452 875 477 me
902 439 1118 490 appellans,
1147 452 1343 478 sermones
1371 442 1547 480 caedebat

96 518 260 551 mecum,
277 505 341 556 qui
362 503 500 555 pariter
524 514 610 540 eum
635 514 788 551 quoque
811 502 1035 539 nominatim
1057 502 1361 553 compellabam:
1393 516 1470 553 quo
1488 505 1544 542 fa-

95 575 213 613 ctum,
234 574 278 604 ut
296 564 456 603 senatus*
477 563 576 601 idem
595 562 842 614 postmodum
863 563 1024 601 audiens
1046 562 1138 600 mihi
1158 563 1424 602 denuntiatum
1445 578 1547 614 esse,

96 636 138 666 ut
155 629 242 667 loca
259 627 374 664 vetita
393 625 562 672 vitarem,
583 624 781 663 miraretur
815 624 1044 675 indigneque
1064 624 1180 662 ferret
1205 624 1243 662 id
1268 624 1413 663 factum
1434 627 1481 664 ab
1502 627 1546 665 iis

95 703 190 740 quos
220 689 373 726 vidisset
400 694 478 725 tam
514 686 750 724 familiariter
775 699 924 724 mecum
953 693 1238 724 conversantes.
1294 687 1548 727 Considerate

96 751 225 796 modo,
249 749 330 796 viri,
348 756 387 787 et
410 748 678 794 recordamini,
707 761 795 785 cum
825 748 975 785 illorum
1003 747 1292 798 impudentiam,
1321 755 1546 791 tummeam

93 813 315 863 aequitatem
334 817 374 849 et
391 810 672 848 innocentiam:
704 823 782 847 non
799 809 897 847 enim
914 823 934 847 e
953 808 1183 847 testimoniis
1200 809 1440 848 solummodo
1455 824 1546 849 con-

93 874 252 912 firmabo
278 886 364 923 quae
393 873 493 918 dico,
524 871 592 910 sed
620 871 734 909 etiam
763 883 813 909 ex
846 870 937 921 ipsis
958 870 1095 908 horum
1114 870 1547 916 adversariorumfactis

98 934 210 973 facile
224 934 443 985 intelligetis
460 946 520 971 me
539 945 630 970 vera
643 932 868 983 praedicare.

145 998 186 1035 9.
216 997 278 1035 De
293 1010 381 1047 rege
401 1008 610 1040 sacrorum,
625 1002 668 1033 ut
682 995 806 1046 primo
818 994 903 1033 loco
919 995 1060 1041 dicam,
1073 1009 1185 1046 quem
1202 997 1309 1034 aiunt
1328 997 1456 1035 studio
1474 998 1549 1035 mei

94 1071 236 1097 nomen
262 1072 389 1097 meum
407 1059 455 1096 ab
481 1057 575 1108 ipsis
597 1057 765 1095 delatum
785 1057 958 1107 accipere
977 1057 1157 1103 noluisse,
1177 1066 1349 1109 apertum
1367 1059 1404 1097 id
1424 1066 1483 1097 est
1510 1067 1549 1097 et

95 1120 340 1158 manifestum
355 1119 701 1169 mendaeium,quo
720 1125 803 1156 tota
818 1119 986 1169 ipsorum
1000 1131 1119 1157 causa
1134 1120 1365 1158 debilitatur.
1396 1121 1546 1172 Regem

96 1194 303 1228 sacrorum,
316 1180 485 1218 admissa
494 1180 568 1218 mei
580 1179 743 1217 nominis
757 1179 963 1224 delatione,
973 1180 1202 1230 oportuisset
1214 1187 1291 1219 tres
1303 1181 1546 1231 προδικασίας

95 1244 253 1282 totidem
268 1243 462 1280 mensibus
482 1241 684 1280 distinctas
703 1241 913 1286 instituere,
932 1248 970 1278 et
989 1248 1070 1278 tum
1088 1241 1243 1279 demum
1257 1249 1392 1292 quarto
1411 1256 1544 1282 mense

94 1311 182 1355 post
202 1303 370 1341 delatum
389 1315 527 1340 nomen
546 1308 674 1353 partes
701 1301 897 1353 litigantes
919 1302 968 1340 ad
983 1302 1159 1353 judicum
1183 1316 1413 1342 consessum
1431 1305 1546 1344 indu-

92 1379 192 1411 cere,
210 1364 535 1416 quemadmodum
556 1376 658 1402 nunc
678 1363 824 1401 factum
844 1370 905 1401 est
919 1376 928 1401 :
942 1364 1048 1414 atqui
1062 1364 1140 1401 duo
1158 1371 1308 1403 tantum
1323 1378 1475 1404 menses
1495 1367 1544 1405 de

92 1427 317 1477 magistratu
346 1426 419 1478 ipsi
450 1426 578 1464 adbuc
601 1431 839 1476 supererant,
871 1425 1104 1475 Thargelion
1144 1432 1184 1464 et
1213 1426 1544 1478 Scirrhophorion.

93 1490 337 1540 Quapropter
353 1500 480 1538 neque
509 1500 548 1524 se
569 1486 692 1524 adhuc
711 1487 896 1525 honorem
917 1494 1072 1538 gerente
1092 1487 1275 1525 inducere
1294 1501 1453 1527 causam
1472 1503 1542 1541 po-

91 1557 188 1589 terat
207 1551 245 1588 in
258 1550 459 1601 judicium,
481 1562 604 1598 neque
622 1548 843 1586 inchoatam
866 1549 1078 1587 successori
1105 1548 1283 1587 tradere:
1302 1563 1391 1588 nam
1418 1551 1540 1589 homi-

91 1611 181 1650 cidii
198 1624 355 1650 causam
379 1610 594 1648 inchoatam
615 1611 828 1648 successori
845 1610 995 1648 tradere
1016 1610 1292 1660 peragendam,
1313 1611 1371 1649 fas
1388 1625 1466 1650 non
1482 1620 1542 1651 est

89 1686 215 1725 neque
230 1673 332 1711 ullus
345 1685 512 1723 unquam
526 1672 610 1710 Rex
625 1684 819 1710 sacrorum
832 1671 889 1708 his
904 1672 942 1708 in
957 1672 1066 1709 ternis
1082 1672 1250 1709 tradidit.
1270 1673 1396 1715 Quam
1410 1673 1541 1726 itaque

91 1735 380 1774 accusationem
409 1746 534 1784 neque
566 1734 606 1771 in
636 1734 761 1771 forum
784 1746 897 1772 suum
926 1733 1109 1771 inducere
1139 1734 1237 1785 Regi
1257 1747 1449 1773 sacrorum
1477 1736 1542 1788 qui

90 1806 172 1836 tum
199 1804 279 1835 erat
304 1797 444 1834 licebat
472 1809 595 1846 neque
627 1796 843 1834 successori
874 1795 1038 1841 tradere,
1065 1808 1148 1832 eam
1178 1809 1226 1833 ne
1259 1796 1540 1836 admittendam

91 1859 246 1910 quidem
265 1858 336 1896 sibi
352 1870 432 1895 esse
450 1863 552 1895 recte
568 1856 832 1900 existimabat;
847 1870 935 1895 nam
951 1857 1046 1895 alias
1061 1857 1170 1907 leges
1185 1864 1329 1895 vestras
1345 1859 1542 1900 violasset.

93 1921 240 1970 Regem
265 1931 460 1957 sacrorum
482 1931 528 1956 ea
552 1918 589 1955 in
610 1931 648 1956 re
676 1918 885 1957 Philocrati
917 1919 1062 1956 nullam
1087 1918 1223 1956 fecisse
1250 1919 1438 1971 injuriam,
1456 1922 1540 1973 ipse

93 1980 327 2019 Philocrates
369 1986 534 2018 testatus
573 1987 646 2018 est.
716 1980 823 2018 Alios
863 1981 961 2018 enim
1000 1979 1284 2030 magistratibus
1319 1981 1539 2029 defunctos,

93 2050 288 2094 gestorum
319 2041 507 2079 honorum
532 2042 698 2079 rationes
729 2042 929 2087 debentes,
959 2050 1003 2079 ut
1035 2042 1312 2081 calumniarum
1347 2044 1539 2084 terricula-

92 2104 230 2143 mentis
251 2103 408 2141 mirifice
421 2103 620 2141 concussit
634 2109 748 2152 atque
766 2102 986 2153 exagitavit,
1006 2104 1058 2140 ita
1077 2103 1114 2139 in
1129 2103 1230 2141 hunc
1249 2118 1369 2142 unum
1387 2106 1540 2157 Regem

93 2179 288 2205 sacrorum
307 2165 462 2203 dentem
494 2178 572 2202 non
595 2164 812 2210 destrinxit,
839 2164 907 2202 sed
935 2165 1119 2202 intactum
1140 2166 1334 2216 praeteriit,
1355 2180 1378 2205 a
1395 2180 1472 2218 quo
1497 2182 1538 2207 se

91 2228 347 2267 atrocissimas
376 2226 576 2277 accepisse
610 2226 764 2278 injurias
793 2236 1027 2278 queruntur:
1058 2227 1162 2265 hunc
1196 2242 1316 2267 unum
1351 2230 1538 2271 laniatum

87 2290 264 2328 Athenas
292 2302 369 2327 non
398 2288 510 2327 venit.
568 2288 732 2339 Ecquod
760 2302 833 2340 ego
855 2289 936 2340 jam
966 2289 1069 2328 aliud
1107 2291 1226 2342 majus
1263 2291 1537 2332 documentum

88 2351 296 2402 protulero,
315 2363 393 2401 quo
412 2357 565 2388 constet
585 2350 840 2388 Philocratem
862 2365 988 2402 neque
1004 2365 1026 2389 a
1045 2366 1105 2391 me
1125 2366 1251 2403 neque
1268 2354 1316 2391 ab
1336 2354 1401 2393 illo
1424 2356 1533 2408 Rege

88 2426 284 2452 sacrorum
313 2411 414 2449 malo
443 2412 578 2450 laesum
608 2412 723 2450 esse?
780 2413 881 2451 Nam
912 2422 955 2451 ut
988 2414 1053 2459 illi,
1075 2415 1300 2465 magistratu
1334 2415 1534 2465 defuncto,

87 2475 153 2526 qui
172 2488 273 2512 nunc
293 2481 362 2519 est,
392 2474 476 2511 Rex
498 2486 691 2511 sacrorum
712 2475 912 2520 suecessit,
938 2475 1075 2514 licebat
1092 2477 1151 2514 his
1171 2490 1234 2527 per
1259 2484 1360 2515 totos
1379 2479 1535 2530 triginta

87 2537 169 2574 dies
202 2535 344 2574 mensis
377 2535 732 2580 Hecatombaeonis,
766 2535 830 2586 qui
862 2537 1001 2574 mensis
1031 2551 1130 2576 novo
1156 2538 1256 2590 Regi
1275 2540 1417 2590 primus
1439 2550 1534 2588 erat,

89 2611 315 2649 quocunque
335 2599 475 2636 mensis
508 2598 606 2635 illius
637 2598 697 2636 die
715 2597 901 2644 libuisset,
927 2612 1066 2638 nomen
1091 2614 1217 2639 meum
1247 2601 1417 2646 deferre;
1439 2610 1479 2640 at
1494 2604 1533 2642 hi

90 2666 214 2697 tamen
233 2659 339 2697 nullo
359 2659 602 2698 detulerunt:
625 2672 753 2697 rursus
768 2660 939 2710 proximo
955 2675 1086 2700 mense
1102 2662 1379 2713 Metagitnione
1395 2663 1537 2704 licebat

89 2718 165 2756 illis
184 2720 282 2757 idem
297 2721 434 2765 facere,
455 2733 683 2772 quocunque
702 2721 802 2760 illius
821 2723 962 2760 mensis
983 2724 1045 2762 die
1061 2726 1180 2762 visum
1194 2725 1331 2763 fuisset
1346 2739 1355 2770 ;
1370 2734 1408 2764 at
1428 2727 1465 2765 hi
1483 2743 1531 2768 ne

90 2788 167 2818 tum
190 2780 339 2831 quidem
361 2783 626 2821 sustinuerunt
642 2783 781 2829 facere,
809 2784 877 2822 sed
907 2784 1021 2836 hujus
1052 2799 1201 2836 quoque
1231 2788 1372 2825 mensis
1401 2789 1534 2841 viginti

89 2841 172 2879 dies
192 2843 541 2891 praetermittebant.
598 2846 685 2886 Quo
714 2845 871 2887 factum,
902 2854 942 2883 ut
973 2847 1154 2884 honorem
1176 2855 1329 2898 gerente
1353 2849 1440 2896 hoc,
1468 2854 1532 2903 qui

91 2918 190 2941 nunc
212 2904 322 2953 gerit,
355 2904 462 2954 Rege
483 2918 689 2946 sacrorum.
711 2906 794 2956 plus
814 2907 1091 2957 quinquaginta
1110 2908 1188 2946 dies
1209 2910 1379 2959 exierint,
1395 2914 1533 2963 quibus

800 2980 821 3004 x.
