<?xml version="1.0" encoding="UTF-8"?>
<!DOCTYPE html PUBLIC "-//W3C//DTD XHTML 1.0 Transitional//EN"
    "http://www.w3.org/TR/xhtml1/DTD/xhtml1-transitional.dtd">
<html xmlns="http://www.w3.org/1999/xhtml" xml:lang="en" lang="en">
 <head>
  <title>
</title>
<meta http-equiv="Content-Type" content="text/html;charset=utf-8" />
  <meta name='ocr-system' content='tesseract 3.04.00' />
  <meta name='ocr-capabilities' content='ocr_page ocr_carea ocr_par ocr_line ocrx_word'/>
</head>
<body>
  <div class='ocr_page' id='page_1' title='image "./oratoresatticie13dobs_0044.png"; bbox 0 0 1822 3219; ppageno 0'>
   <div class='ocr_carea' id='block_1_1' title="bbox 253 129 1378 172">
    <p class='ocr_par' dir='ltr' id='par_1_1' title="bbox 253 129 1378 172">
     <span class='ocr_line' id='line_1_1' title="bbox 253 129 1378 172; baseline -0.004 -1"><span class='ocrx_word' id='word_1_1' title='bbox 253 135 302 172; x_wconf 83' lang='lat'>32</span> <span class='ocrx_word' id='word_1_2' title='bbox 539 131 908 169; x_wconf 81' lang='lat' dir='ltr'>ANTIPHONTlS</span> <span class='ocrx_word' id='word_1_3' title='bbox 938 129 1292 168; x_wconf 86' lang='lat' dir='ltr'>TETRALOGlA</span> <span class='ocrx_word' id='word_1_4' title='bbox 1328 130 1378 167; x_wconf 85' lang='lat'>11.</span> 
     </span>
    </p>
   </div>
   <div class='ocr_carea' id='block_1_2' title="bbox 243 230 1692 1882">
    <p class='ocr_par' dir='ltr' id='par_1_2' title="bbox 243 230 1692 1882">
     <span class='ocr_line' id='line_1_2' title="bbox 252 230 1686 283; baseline -0.003 -10"><span class='ocrx_word' id='word_1_5' title='bbox 252 236 348 273; x_wconf 87' lang='lat' dir='ltr'>vitas</span> <span class='ocrx_word' id='word_1_6' title='bbox 372 232 550 283; x_wconf 86' lang='lat' dir='ltr'>quoedam</span> <span class='ocrx_word' id='word_1_7' title='bbox 570 239 609 270; x_wconf 91' lang='lat' dir='ltr'>et</span> <span class='ocrx_word' id='word_1_8' title='bbox 627 232 862 283; x_wconf 84' lang='lat' dir='ltr'>negligentia</span> <span class='ocrx_word' id='word_1_9' title='bbox 892 232 1093 270; x_wconf 85' lang='lat' dir='ltr'>cautionis.</span> <span class='ocrx_word' id='word_1_10' title='bbox 1152 230 1249 268; x_wconf 87' lang='lat' dir='ltr'>Nam</span> <span class='ocrx_word' id='word_1_11' title='bbox 1277 230 1498 270; x_wconf 75' lang='lat' dir='ltr'>adolescens</span> <span class='ocrx_word' id='word_1_12' title='bbox 1519 231 1686 283; x_wconf 89' lang='lat' dir='ltr'>quidem,</span> 
     </span>
     <span class='ocr_line' id='line_1_3' title="bbox 250 292 1687 344; baseline -0.003 -10"><span class='ocrx_word' id='word_1_13' title='bbox 250 295 441 334; x_wconf 88' lang='lat' dir='ltr'>neminem</span> <span class='ocrx_word' id='word_1_14' title='bbox 474 293 606 332; x_wconf 89' lang='lat' dir='ltr'>videns</span> <span class='ocrx_word' id='word_1_15' title='bbox 633 293 922 338; x_wconf 84' lang='lat' dir='ltr'><strong>discurrentem,</strong></span> <span class='ocrx_word' id='word_1_16' title='bbox 957 292 1149 344; x_wconf 91' lang='lat' dir='ltr'>quomodo</span> <span class='ocrx_word' id='word_1_17' title='bbox 1179 300 1327 343; x_wconf 84' lang='lat' dir='ltr'>poterat</span> <span class='ocrx_word' id='word_1_18' title='bbox 1355 304 1488 330; x_wconf 88' lang='lat' dir='ltr'>cavere</span> <span class='ocrx_word' id='word_1_19' title='bbox 1506 306 1553 331; x_wconf 90' lang='lat' dir='ltr'>ne</span> <span class='ocrx_word' id='word_1_20' title='bbox 1571 305 1687 343; x_wconf 88' lang='lat' dir='ltr'>quem</span> 
     </span>
     <span class='ocr_line' id='line_1_4' title="bbox 250 352 1686 404; baseline -0.004 -7"><span class='ocrx_word' id='word_1_21' title='bbox 250 356 407 397; x_wconf 78' lang='lat' dir='ltr'>feriret?</span> <span class='ocrx_word' id='word_1_22' title='bbox 463 355 562 393; x_wconf 78' lang='lat' dir='ltr'>Puer</span> <span class='ocrx_word' id='word_1_23' title='bbox 599 363 738 400; x_wconf 83' lang='lat' dir='ltr'>autem,</span> <span class='ocrx_word' id='word_1_24' title='bbox 772 355 904 392; x_wconf 87' lang='lat' dir='ltr'>videns</span> <span class='ocrx_word' id='word_1_25' title='bbox 940 355 1034 392; x_wconf 87' lang='lat' dir='ltr'>istos</span> <span class='ocrx_word' id='word_1_26' title='bbox 1071 354 1303 404; x_wconf 87' lang='lat' dir='ltr'>jaculantes,</span> <span class='ocrx_word' id='word_1_27' title='bbox 1345 352 1523 392; x_wconf 85' lang='lat' dir='ltr'>facillime</span> <span class='ocrx_word' id='word_1_28' title='bbox 1553 366 1686 392; x_wconf 88' lang='lat' dir='ltr'>cavere</span> 
     </span>
     <span class='ocr_line' id='line_1_5' title="bbox 249 414 1688 472; baseline -0.004 -14"><span class='ocrx_word' id='word_1_29' title='bbox 249 426 463 472; x_wconf 80' lang='lat' dir='ltr'>poteratne</span> <span class='ocrx_word' id='word_1_30' title='bbox 483 418 545 456; x_wconf 90' lang='lat' dir='ltr'>cui</span> <span class='ocrx_word' id='word_1_31' title='bbox 575 418 611 454; x_wconf 92' lang='lat' dir='ltr'>in</span> <span class='ocrx_word' id='word_1_32' title='bbox 630 419 846 467; x_wconf 85' lang='lat' dir='ltr'>conjectum</span> <span class='ocrx_word' id='word_1_33' title='bbox 875 417 938 454; x_wconf 87' lang='lat' dir='ltr'>teli</span> <span class='ocrx_word' id='word_1_34' title='bbox 971 417 1136 455; x_wconf 88' lang='lat' dir='ltr'>veniret:</span> <span class='ocrx_word' id='word_1_35' title='bbox 1168 417 1334 453; x_wconf 82' lang='lat' dir='ltr'>debebat</span> <span class='ocrx_word' id='word_1_36' title='bbox 1360 415 1613 464; x_wconf 86' lang='lat' dir='ltr'>solummodo,</span> <span class='ocrx_word' id='word_1_37' title='bbox 1648 414 1688 452; x_wconf 89' lang='lat' dir='ltr'>id</span> 
     </span>
     <span class='ocr_line' id='line_1_6' title="bbox 249 476 1689 533; baseline -0.004 -13"><span class='ocrx_word' id='word_1_38' title='bbox 249 481 352 533; x_wconf 92' lang='lat' dir='ltr'>quod</span> <span class='ocrx_word' id='word_1_39' title='bbox 373 493 489 532; x_wconf 87' lang='lat' dir='ltr'>penes</span> <span class='ocrx_word' id='word_1_40' title='bbox 512 479 633 530; x_wconf 92' lang='lat' dir='ltr'>ipsum</span> <span class='ocrx_word' id='word_1_41' title='bbox 653 487 746 525; x_wconf 87' lang='lat' dir='ltr'>erat,</span> <span class='ocrx_word' id='word_1_42' title='bbox 774 478 925 529; x_wconf 86' lang='lat' dir='ltr'>quietus</span> <span class='ocrx_word' id='word_1_43' title='bbox 945 478 981 515; x_wconf 90' lang='lat' dir='ltr'>in</span> <span class='ocrx_word' id='word_1_44' title='bbox 1003 478 1161 529; x_wconf 86' lang='lat' dir='ltr'>vestigio</span> <span class='ocrx_word' id='word_1_45' title='bbox 1181 486 1364 528; x_wconf 88' lang='lat' dir='ltr'>perstare.</span> <span class='ocrx_word' id='word_1_46' title='bbox 1419 476 1568 527; x_wconf 86' lang='lat' dir='ltr'>Legem</span> <span class='ocrx_word' id='word_1_47' title='bbox 1583 476 1689 527; x_wconf 89' lang='lat' dir='ltr'>quod</span> 
     </span>
     <span class='ocr_line' id='line_1_7' title="bbox 248 536 1692 592; baseline -0.005 -11"><span class='ocrx_word' id='word_1_48' title='bbox 248 544 398 588; x_wconf 84' lang='lat' dir='ltr'>attinet,</span> <span class='ocrx_word' id='word_1_49' title='bbox 419 554 532 592; x_wconf 83' lang='lat' dir='ltr'>quam</span> <span class='ocrx_word' id='word_1_50' title='bbox 549 541 683 585; x_wconf 81' lang='lat' dir='ltr'>citant,</span> <span class='ocrx_word' id='word_1_51' title='bbox 706 547 856 592; x_wconf 88' lang='lat' dir='ltr'>oportet</span> <span class='ocrx_word' id='word_1_52' title='bbox 869 540 997 590; x_wconf 89' lang='lat' dir='ltr'>utique</span> <span class='ocrx_word' id='word_1_53' title='bbox 1018 552 1100 577; x_wconf 90' lang='lat' dir='ltr'>eam</span> <span class='ocrx_word' id='word_1_54' title='bbox 1121 539 1289 577; x_wconf 85' lang='lat' dir='ltr'>laudare.</span> <span class='ocrx_word' id='word_1_55' title='bbox 1346 538 1466 576; x_wconf 86' lang='lat' dir='ltr'>Recte</span> <span class='ocrx_word' id='word_1_56' title='bbox 1485 537 1584 575; x_wconf 88' lang='lat' dir='ltr'>enim</span> <span class='ocrx_word' id='word_1_57' title='bbox 1599 536 1692 575; x_wconf 86' lang='lat' dir='ltr'>facit</span> 
     </span>
     <span class='ocr_line' id='line_1_8' title="bbox 243 602 1690 654; baseline 0 -14"><span class='ocrx_word' id='word_1_58' title='bbox 243 603 395 654; x_wconf 89' lang='lat' dir='ltr'>jurique</span> <span class='ocrx_word' id='word_1_59' title='bbox 428 602 713 652; x_wconf 88' lang='lat' dir='ltr'>convenienter,</span> <span class='ocrx_word' id='word_1_60' title='bbox 741 602 948 640; x_wconf 88' lang='lat' dir='ltr'>homicidas</span> <span class='ocrx_word' id='word_1_61' title='bbox 981 602 1253 640; x_wconf 86' lang='lat' dir='ltr'>involuntarios</span> <span class='ocrx_word' id='word_1_62' title='bbox 1286 603 1548 641; x_wconf 81' lang='lat' dir='ltr'>involuntariis</span> <span class='ocrx_word' id='word_1_63' title='bbox 1580 602 1690 641; x_wconf 84' lang='lat' dir='ltr'>malis</span> 
     </span>
     <span class='ocr_line' id='line_1_9' title="bbox 250 665 1692 718; baseline -0.001 -15"><span class='ocrx_word' id='word_1_64' title='bbox 250 666 424 718; x_wconf 88' lang='lat' dir='ltr'>puniens.</span> <span class='ocrx_word' id='word_1_65' title='bbox 479 665 716 702; x_wconf 86' lang='lat' dir='ltr'>Adolescens</span> <span class='ocrx_word' id='word_1_66' title='bbox 742 672 869 702; x_wconf 90' lang='lat' dir='ltr'>autem</span> <span class='ocrx_word' id='word_1_67' title='bbox 899 679 974 704; x_wconf 86' lang='lat' dir='ltr'>non</span> <span class='ocrx_word' id='word_1_68' title='bbox 1006 667 1201 716; x_wconf 87' lang='lat' dir='ltr'>peccavit;</span> <span class='ocrx_word' id='word_1_69' title='bbox 1233 679 1326 716; x_wconf 83' lang='lat' dir='ltr'>ergo</span> <span class='ocrx_word' id='word_1_70' title='bbox 1355 666 1488 717; x_wconf 89' lang='lat' dir='ltr'>injuria</span> <span class='ocrx_word' id='word_1_71' title='bbox 1507 666 1539 703; x_wconf 91' lang='lat' dir='ltr'>ei</span> <span class='ocrx_word' id='word_1_72' title='bbox 1559 666 1639 711; x_wconf 84' lang='lat' dir='ltr'>fiat,</span> <span class='ocrx_word' id='word_1_73' title='bbox 1659 665 1692 702; x_wconf 88' lang='lat' dir='ltr'>si</span> 
     </span>
     <span class='ocr_line' id='line_1_10' title="bbox 250 726 1692 778; baseline 0 -14"><span class='ocrx_word' id='word_1_74' title='bbox 250 727 440 778; x_wconf 84' lang='lat' dir='ltr'>plectatur</span> <span class='ocrx_word' id='word_1_75' title='bbox 474 727 552 776; x_wconf 90' lang='lat' dir='ltr'>ipse</span> <span class='ocrx_word' id='word_1_76' title='bbox 587 726 623 762; x_wconf 93' lang='lat' dir='ltr'>in</span> <span class='ocrx_word' id='word_1_77' title='bbox 649 726 770 764; x_wconf 81' lang='lat' dir='ltr'>vicem</span> <span class='ocrx_word' id='word_1_78' title='bbox 797 726 893 776; x_wconf 84' lang='lat' dir='ltr'>ejus,</span> <span class='ocrx_word' id='word_1_79' title='bbox 914 726 976 776; x_wconf 92' lang='lat' dir='ltr'>qui</span> <span class='ocrx_word' id='word_1_80' title='bbox 1001 739 1084 764; x_wconf 87' lang='lat' dir='ltr'>vere</span> <span class='ocrx_word' id='word_1_81' title='bbox 1104 727 1300 777; x_wconf 83' lang='lat' dir='ltr'>peccavit;</span> <span class='ocrx_word' id='word_1_82' title='bbox 1323 740 1409 764; x_wconf 89' lang='lat' dir='ltr'>nam</span> <span class='ocrx_word' id='word_1_83' title='bbox 1430 726 1521 764; x_wconf 87' lang='lat' dir='ltr'>satis</span> <span class='ocrx_word' id='word_1_84' title='bbox 1545 726 1615 778; x_wconf 89' lang='lat' dir='ltr'>ipsi</span> <span class='ocrx_word' id='word_1_85' title='bbox 1634 734 1692 764; x_wconf 89' lang='lat' dir='ltr'>est</span> 
     </span>
     <span class='ocr_line' id='line_1_11' title="bbox 249 787 1691 840; baseline -0.001 -14"><span class='ocrx_word' id='word_1_86' title='bbox 249 795 495 840; x_wconf 86' lang='lat' dir='ltr'>peccatorum</span> <span class='ocrx_word' id='word_1_87' title='bbox 529 800 681 825; x_wconf 88' lang='lat' dir='ltr'>suorum</span> <span class='ocrx_word' id='word_1_88' title='bbox 718 800 849 838; x_wconf 85' lang='lat' dir='ltr'>poenas</span> <span class='ocrx_word' id='word_1_89' title='bbox 882 787 1002 825; x_wconf 89' lang='lat' dir='ltr'>ferre:</span> <span class='ocrx_word' id='word_1_90' title='bbox 1033 801 1126 838; x_wconf 87' lang='lat' dir='ltr'>puer</span> <span class='ocrx_word' id='word_1_91' title='bbox 1156 795 1281 826; x_wconf 89' lang='lat' dir='ltr'>autem</span> <span class='ocrx_word' id='word_1_92' title='bbox 1313 801 1439 826; x_wconf 88' lang='lat' dir='ltr'>errore</span> <span class='ocrx_word' id='word_1_93' title='bbox 1470 801 1541 826; x_wconf 92' lang='lat' dir='ltr'>suo</span> <span class='ocrx_word' id='word_1_94' title='bbox 1574 787 1691 825; x_wconf 86' lang='lat' dir='ltr'>inter-</span> 
     </span>
     <span class='ocr_line' id='line_1_12' title="bbox 249 848 1690 901; baseline -0.001 -14"><span class='ocrx_word' id='word_1_95' title='bbox 249 856 414 901; x_wconf 88' lang='lat' dir='ltr'>emptus,</span> <span class='ocrx_word' id='word_1_96' title='bbox 449 848 560 886; x_wconf 89' lang='lat' dir='ltr'>simul</span> <span class='ocrx_word' id='word_1_97' title='bbox 590 849 776 899; x_wconf 85' lang='lat' dir='ltr'>peccavit,</span> <span class='ocrx_word' id='word_1_98' title='bbox 815 855 853 886; x_wconf 89' lang='lat' dir='ltr'>et</span> <span class='ocrx_word' id='word_1_99' title='bbox 884 861 906 886; x_wconf 92' lang='lat' dir='ltr'>a</span> <span class='ocrx_word' id='word_1_100' title='bbox 935 855 1056 886; x_wconf 91' lang='lat' dir='ltr'>semet</span> <span class='ocrx_word' id='word_1_101' title='bbox 1083 850 1163 900; x_wconf 90' lang='lat' dir='ltr'>ipso</span> <span class='ocrx_word' id='word_1_102' title='bbox 1205 850 1357 900; x_wconf 86' lang='lat' dir='ltr'>punitus</span> <span class='ocrx_word' id='word_1_103' title='bbox 1396 857 1468 887; x_wconf 90' lang='lat' dir='ltr'>est.</span> <span class='ocrx_word' id='word_1_104' title='bbox 1525 849 1690 886; x_wconf 91' lang='lat' dir='ltr'>Punitus</span> 
     </span>
     <span class='ocr_line' id='line_1_13' title="bbox 250 909 1690 961; baseline -0.001 -13"><span class='ocrx_word' id='word_1_105' title='bbox 250 918 378 948; x_wconf 90' lang='lat' dir='ltr'>autem</span> <span class='ocrx_word' id='word_1_106' title='bbox 394 910 585 948; x_wconf 85' lang='lat' dir='ltr'>homicida</span> <span class='ocrx_word' id='word_1_107' title='bbox 601 922 714 961; x_wconf 85' lang='lat' dir='ltr'>poena</span> <span class='ocrx_word' id='word_1_108' title='bbox 733 922 809 947; x_wconf 88' lang='lat' dir='ltr'>non</span> <span class='ocrx_word' id='word_1_109' title='bbox 829 917 955 950; x_wconf 88' lang='lat' dir='ltr'>caret:</span> <span class='ocrx_word' id='word_1_110' title='bbox 985 910 1104 947; x_wconf 86' lang='lat' dir='ltr'>habet</span> <span class='ocrx_word' id='word_1_111' title='bbox 1121 911 1218 948; x_wconf 90' lang='lat' dir='ltr'>enim</span> <span class='ocrx_word' id='word_1_112' title='bbox 1241 923 1392 961; x_wconf 88' lang='lat' dir='ltr'>poenam</span> <span class='ocrx_word' id='word_1_113' title='bbox 1412 909 1542 948; x_wconf 88' lang='lat' dir='ltr'>caedis.</span> <span class='ocrx_word' id='word_1_114' title='bbox 1600 910 1690 947; x_wconf 89' lang='lat' dir='ltr'>Non</span> 
     </span>
     <span class='ocr_line' id='line_1_14' title="bbox 248 970 1690 1023; baseline -0.002 -12"><span class='ocrx_word' id='word_1_115' title='bbox 248 985 341 1022; x_wconf 83' lang='lat' dir='ltr'>ergo</span> <span class='ocrx_word' id='word_1_116' title='bbox 372 971 594 1023; x_wconf 89' lang='lat' dir='ltr'>scrupulum</span> <span class='ocrx_word' id='word_1_117' title='bbox 632 971 822 1009; x_wconf 83' lang='lat' dir='ltr'>mentibus</span> <span class='ocrx_word' id='word_1_118' title='bbox 851 971 986 1009; x_wconf 88' lang='lat' dir='ltr'>vestris</span> <span class='ocrx_word' id='word_1_119' title='bbox 1022 971 1198 1022; x_wconf 87' lang='lat' dir='ltr'>injicietis</span> <span class='ocrx_word' id='word_1_120' title='bbox 1234 984 1295 1009; x_wconf 91' lang='lat' dir='ltr'>me</span> <span class='ocrx_word' id='word_1_121' title='bbox 1336 970 1588 1016; x_wconf 83' lang='lat' dir='ltr'>absolventes,</span> <span class='ocrx_word' id='word_1_122' title='bbox 1620 970 1690 1008; x_wconf 88' lang='lat' dir='ltr'>sed</span> 
     </span>
     <span class='ocr_line' id='line_1_15' title="bbox 247 1032 1691 1084; baseline -0.002 -11"><span class='ocrx_word' id='word_1_123' title='bbox 247 1034 565 1073; x_wconf 87' lang='lat' dir='ltr'>condemnantes.</span> <span class='ocrx_word' id='word_1_124' title='bbox 624 1033 723 1070; x_wconf 91' lang='lat' dir='ltr'>Nam</span> <span class='ocrx_word' id='word_1_125' title='bbox 761 1033 825 1083; x_wconf 90' lang='lat' dir='ltr'>qui</span> <span class='ocrx_word' id='word_1_126' title='bbox 857 1033 914 1070; x_wconf 91' lang='lat' dir='ltr'>sui</span> <span class='ocrx_word' id='word_1_127' title='bbox 934 1034 1086 1084; x_wconf 89' lang='lat' dir='ltr'>propria</span> <span class='ocrx_word' id='word_1_128' title='bbox 1102 1040 1262 1084; x_wconf 88' lang='lat' dir='ltr'>peccata</span> <span class='ocrx_word' id='word_1_129' title='bbox 1283 1034 1367 1079; x_wconf 86' lang='lat' dir='ltr'>luit,</span> <span class='ocrx_word' id='word_1_130' title='bbox 1401 1033 1432 1070; x_wconf 92' lang='lat' dir='ltr'>is</span> <span class='ocrx_word' id='word_1_131' title='bbox 1452 1032 1591 1070; x_wconf 87' lang='lat' dir='ltr'>nemini</span> <span class='ocrx_word' id='word_1_132' title='bbox 1609 1032 1691 1083; x_wconf 91' lang='lat' dir='ltr'>pia-</span> 
     </span>
     <span class='ocr_line' id='line_1_16' title="bbox 244 1092 1691 1145; baseline -0.003 -11"><span class='ocrx_word' id='word_1_133' title='bbox 244 1096 372 1135; x_wconf 92' lang='lat' dir='ltr'>culum</span> <span class='ocrx_word' id='word_1_134' title='bbox 402 1095 547 1132; x_wconf 92' lang='lat' dir='ltr'>ultione</span> <span class='ocrx_word' id='word_1_135' title='bbox 578 1093 808 1145; x_wconf 83' lang='lat' dir='ltr'>expiandum</span> <span class='ocrx_word' id='word_1_136' title='bbox 836 1093 1039 1143; x_wconf 88' lang='lat' dir='ltr'>relinquit:</span> <span class='ocrx_word' id='word_1_137' title='bbox 1070 1107 1186 1144; x_wconf 91' lang='lat' dir='ltr'>purus</span> <span class='ocrx_word' id='word_1_138' title='bbox 1207 1102 1331 1131; x_wconf 91' lang='lat' dir='ltr'>autem</span> <span class='ocrx_word' id='word_1_139' title='bbox 1352 1106 1375 1130; x_wconf 87' lang='lat' dir='ltr'>a</span> <span class='ocrx_word' id='word_1_140' title='bbox 1396 1094 1554 1131; x_wconf 87' lang='lat' dir='ltr'>crimine</span> <span class='ocrx_word' id='word_1_141' title='bbox 1570 1093 1600 1131; x_wconf 88' lang='lat' dir='ltr'>si</span> <span class='ocrx_word' id='word_1_142' title='bbox 1619 1092 1691 1130; x_wconf 90' lang='lat' dir='ltr'>tol-</span> 
     </span>
     <span class='ocr_line' id='line_1_17' title="bbox 244 1154 1691 1203; baseline -0.003 -8"><span class='ocrx_word' id='word_1_143' title='bbox 244 1158 357 1203; x_wconf 87' lang='lat' dir='ltr'>latur,</span> <span class='ocrx_word' id='word_1_144' title='bbox 378 1156 498 1194; x_wconf 88' lang='lat' dir='ltr'>multo</span> <span class='ocrx_word' id='word_1_145' title='bbox 517 1156 547 1192; x_wconf 90' lang='lat' dir='ltr'>is</span> <span class='ocrx_word' id='word_1_146' title='bbox 581 1155 814 1193; x_wconf 89' lang='lat' dir='ltr'>acerbiorem</span> <span class='ocrx_word' id='word_1_147' title='bbox 834 1155 950 1192; x_wconf 88' lang='lat' dir='ltr'>veluti</span> <span class='ocrx_word' id='word_1_148' title='bbox 976 1155 1135 1192; x_wconf 90' lang='lat' dir='ltr'>securim</span> <span class='ocrx_word' id='word_1_149' title='bbox 1155 1155 1400 1192; x_wconf 89' lang='lat' dir='ltr'>conscientiae</span> <span class='ocrx_word' id='word_1_150' title='bbox 1431 1154 1691 1193; x_wconf 88' lang='lat' dir='ltr'>condemnan-</span> 
     </span>
     <span class='ocr_line' id='line_1_18' title="bbox 247 1215 1692 1268; baseline -0.002 -13"><span class='ocrx_word' id='word_1_151' title='bbox 247 1218 340 1256; x_wconf 87' lang='lat' dir='ltr'>tium</span> <span class='ocrx_word' id='word_1_152' title='bbox 391 1217 577 1268; x_wconf 86' lang='lat' dir='ltr'>impingit.</span> <span class='ocrx_word' id='word_1_153' title='bbox 632 1215 744 1259; x_wconf 88' lang='lat' dir='ltr'>Quod</span> <span class='ocrx_word' id='word_1_154' title='bbox 785 1223 910 1253; x_wconf 87' lang='lat' dir='ltr'>autem</span> <span class='ocrx_word' id='word_1_155' title='bbox 947 1229 968 1253; x_wconf 89' lang='lat' dir='ltr'>e</span> <span class='ocrx_word' id='word_1_156' title='bbox 1011 1215 1272 1266; x_wconf 85' lang='lat' dir='ltr'>disputatione</span> <span class='ocrx_word' id='word_1_157' title='bbox 1316 1222 1446 1252; x_wconf 85' lang='lat' dir='ltr'>nostra</span> <span class='ocrx_word' id='word_1_158' title='bbox 1492 1215 1692 1262; x_wconf 86' lang='lat' dir='ltr'>elucescit,</span> 
     </span>
     <span class='ocr_line' id='line_1_19' title="bbox 245 1277 1689 1331; baseline -0.002 -14"><span class='ocrx_word' id='word_1_159' title='bbox 245 1292 405 1331; x_wconf 86' lang='lat' dir='ltr'>puerum</span> <span class='ocrx_word' id='word_1_160' title='bbox 437 1283 673 1329; x_wconf 89' lang='lat' dir='ltr'>peremptum</span> <span class='ocrx_word' id='word_1_161' title='bbox 704 1277 948 1322; x_wconf 88' lang='lat' dir='ltr'>homicidam,</span> <span class='ocrx_word' id='word_1_162' title='bbox 976 1277 1034 1314; x_wconf 89' lang='lat' dir='ltr'>sui</span> <span class='ocrx_word' id='word_1_163' title='bbox 1068 1290 1220 1327; x_wconf 88' lang='lat' dir='ltr'>nempe,</span> <span class='ocrx_word' id='word_1_164' title='bbox 1253 1290 1350 1322; x_wconf 91' lang='lat' dir='ltr'>esse,</span> <span class='ocrx_word' id='word_1_165' title='bbox 1377 1289 1453 1314; x_wconf 90' lang='lat' dir='ltr'>non</span> <span class='ocrx_word' id='word_1_166' title='bbox 1474 1290 1542 1315; x_wconf 89' lang='lat' dir='ltr'>nos</span> <span class='ocrx_word' id='word_1_167' title='bbox 1560 1290 1689 1315; x_wconf 87' lang='lat' dir='ltr'>sumus</span> 
     </span>
     <span class='ocr_line' id='line_1_20' title="bbox 246 1338 1691 1392; baseline -0.002 -13"><span class='ocrx_word' id='word_1_168' title='bbox 246 1341 285 1378; x_wconf 90' lang='lat' dir='ltr'>in</span> <span class='ocrx_word' id='word_1_169' title='bbox 315 1341 429 1392; x_wconf 90' lang='lat' dir='ltr'>culpa</span> <span class='ocrx_word' id='word_1_170' title='bbox 456 1347 534 1377; x_wconf 88' lang='lat' dir='ltr'>tam</span> <span class='ocrx_word' id='word_1_171' title='bbox 564 1339 762 1377; x_wconf 87' lang='lat' dir='ltr'>invidiosae</span> <span class='ocrx_word' id='word_1_172' title='bbox 788 1339 1065 1389; x_wconf 88' lang='lat' dir='ltr'>appellationis,</span> <span class='ocrx_word' id='word_1_173' title='bbox 1097 1339 1166 1376; x_wconf 92' lang='lat' dir='ltr'>sed</span> <span class='ocrx_word' id='word_1_174' title='bbox 1192 1346 1328 1376; x_wconf 84' lang='lat' dir='ltr'>natura</span> <span class='ocrx_word' id='word_1_175' title='bbox 1355 1338 1460 1376; x_wconf 84' lang='lat' dir='ltr'>facti.</span> <span class='ocrx_word' id='word_1_176' title='bbox 1517 1339 1632 1383; x_wconf 91' lang='lat' dir='ltr'>Quod</span> <span class='ocrx_word' id='word_1_177' title='bbox 1658 1339 1691 1376; x_wconf 89' lang='lat' dir='ltr'>si</span> 
     </span>
     <span class='ocr_line' id='line_1_21' title="bbox 244 1399 1688 1453; baseline -0.001 -13"><span class='ocrx_word' id='word_1_178' title='bbox 244 1415 336 1453; x_wconf 85' lang='lat' dir='ltr'>ergo</span> <span class='ocrx_word' id='word_1_179' title='bbox 362 1408 589 1453; x_wconf 84' lang='lat' dir='ltr'>argumenta</span> <span class='ocrx_word' id='word_1_180' title='bbox 616 1408 747 1439; x_wconf 85' lang='lat' dir='ltr'>nostra</span> <span class='ocrx_word' id='word_1_181' title='bbox 774 1413 933 1451; x_wconf 89' lang='lat' dir='ltr'>puerum</span> <span class='ocrx_word' id='word_1_182' title='bbox 961 1408 1105 1450; x_wconf 86' lang='lat' dir='ltr'>cogunt</span> <span class='ocrx_word' id='word_1_183' title='bbox 1124 1399 1350 1437; x_wconf 89' lang='lat' dir='ltr'>homicidam</span> <span class='ocrx_word' id='word_1_184' title='bbox 1372 1413 1471 1445; x_wconf 88' lang='lat' dir='ltr'>esse,</span> <span class='ocrx_word' id='word_1_185' title='bbox 1499 1408 1601 1438; x_wconf 87' lang='lat' dir='ltr'>recte</span> <span class='ocrx_word' id='word_1_186' title='bbox 1619 1414 1688 1438; x_wconf 88' lang='lat' dir='ltr'>nos</span> 
     </span>
     <span class='ocr_line' id='line_1_22' title="bbox 243 1461 1688 1514; baseline -0.001 -12"><span class='ocrx_word' id='word_1_187' title='bbox 243 1476 267 1502; x_wconf 86' lang='lat' dir='ltr'>a</span> <span class='ocrx_word' id='word_1_188' title='bbox 285 1464 435 1514; x_wconf 87' lang='lat' dir='ltr'>legibus</span> <span class='ocrx_word' id='word_1_189' title='bbox 456 1462 621 1500; x_wconf 86' lang='lat' dir='ltr'>absoluti</span> <span class='ocrx_word' id='word_1_190' title='bbox 643 1461 830 1500; x_wconf 87' lang='lat' dir='ltr'>abibimus</span> <span class='ocrx_word' id='word_1_191' title='bbox 852 1461 924 1499; x_wconf 86' lang='lat' dir='ltr'>hoc</span> <span class='ocrx_word' id='word_1_192' title='bbox 945 1462 1115 1507; x_wconf 88' lang='lat' dir='ltr'>crimine,</span> <span class='ocrx_word' id='word_1_193' title='bbox 1145 1474 1232 1498; x_wconf 89' lang='lat' dir='ltr'>eum</span> <span class='ocrx_word' id='word_1_194' title='bbox 1251 1474 1374 1511; x_wconf 88' lang='lat' dir='ltr'>poenae</span> <span class='ocrx_word' id='word_1_195' title='bbox 1397 1461 1688 1513; x_wconf 90' lang='lat' dir='ltr'>subjicientibus</span> 
     </span>
     <span class='ocr_line' id='line_1_23' title="bbox 243 1522 1688 1576; baseline -0.001 -12"><span class='ocrx_word' id='word_1_196' title='bbox 243 1526 308 1576; x_wconf 85' lang='lat' dir='ltr'>qui</span> <span class='ocrx_word' id='word_1_197' title='bbox 341 1525 489 1564; x_wconf 84' lang='lat' dir='ltr'>caedem</span> <span class='ocrx_word' id='word_1_198' title='bbox 517 1524 693 1576; x_wconf 89' lang='lat' dir='ltr'>patravit.</span> <span class='ocrx_word' id='word_1_199' title='bbox 750 1522 887 1573; x_wconf 88' lang='lat' dir='ltr'>Neque</span> <span class='ocrx_word' id='word_1_200' title='bbox 917 1535 987 1560; x_wconf 91' lang='lat' dir='ltr'>nos</span> <span class='ocrx_word' id='word_1_201' title='bbox 1023 1535 1114 1573; x_wconf 88' lang='lat' dir='ltr'>ergo</span> <span class='ocrx_word' id='word_1_202' title='bbox 1143 1522 1179 1559; x_wconf 90' lang='lat' dir='ltr'>in</span> <span class='ocrx_word' id='word_1_203' title='bbox 1214 1522 1451 1560; x_wconf 84' lang='lat' dir='ltr'>calamitates</span> <span class='ocrx_word' id='word_1_204' title='bbox 1481 1522 1688 1562; x_wconf 87' lang='lat' dir='ltr'>immeritas</span> 
     </span>
     <span class='ocr_line' id='line_1_24' title="bbox 245 1583 1688 1636; baseline -0.002 -11"><span class='ocrx_word' id='word_1_205' title='bbox 245 1594 284 1625; x_wconf 91' lang='lat' dir='ltr'>et</span> <span class='ocrx_word' id='word_1_206' title='bbox 302 1587 351 1625; x_wconf 87' lang='lat' dir='ltr'>ad</span> <span class='ocrx_word' id='word_1_207' title='bbox 368 1600 438 1624; x_wconf 90' lang='lat' dir='ltr'>nos</span> <span class='ocrx_word' id='word_1_208' title='bbox 459 1587 509 1624; x_wconf 92' lang='lat' dir='ltr'>nil</span> <span class='ocrx_word' id='word_1_209' title='bbox 530 1586 761 1636; x_wconf 89' lang='lat' dir='ltr'>pertinentes</span> <span class='ocrx_word' id='word_1_210' title='bbox 781 1584 1032 1636; x_wconf 70' lang='lat' dir='ltr'>praecipitate,</span> <span class='ocrx_word' id='word_1_211' title='bbox 1053 1597 1176 1634; x_wconf 90' lang='lat' dir='ltr'>neque</span> <span class='ocrx_word' id='word_1_212' title='bbox 1195 1596 1415 1622; x_wconf 86' lang='lat' dir='ltr'>succurrere</span> <span class='ocrx_word' id='word_1_213' title='bbox 1435 1583 1570 1621; x_wconf 90' lang='lat' dir='ltr'>horum</span> <span class='ocrx_word' id='word_1_214' title='bbox 1591 1584 1688 1622; x_wconf 90' lang='lat' dir='ltr'>infe-</span> 
     </span>
     <span class='ocr_line' id='line_1_25' title="bbox 244 1645 1690 1690; baseline -0.001 -5"><span class='ocrx_word' id='word_1_215' title='bbox 244 1647 378 1685; x_wconf 86' lang='lat' dir='ltr'>licitati</span> <span class='ocrx_word' id='word_1_216' title='bbox 404 1647 584 1685; x_wconf 91' lang='lat' dir='ltr'>divinitus</span> <span class='ocrx_word' id='word_1_217' title='bbox 613 1646 792 1683; x_wconf 89' lang='lat' dir='ltr'>immissae</span> <span class='ocrx_word' id='word_1_218' title='bbox 824 1653 1021 1690; x_wconf 87' lang='lat' dir='ltr'>conantes,</span> <span class='ocrx_word' id='word_1_219' title='bbox 1050 1645 1199 1683; x_wconf 90' lang='lat' dir='ltr'>sciscite</span> <span class='ocrx_word' id='word_1_220' title='bbox 1233 1645 1361 1683; x_wconf 89' lang='lat' dir='ltr'>divino</span> <span class='ocrx_word' id='word_1_221' title='bbox 1388 1645 1530 1682; x_wconf 89' lang='lat' dir='ltr'>numini</span> <span class='ocrx_word' id='word_1_222' title='bbox 1558 1645 1690 1684; x_wconf 87' lang='lat' dir='ltr'>adver-</span> 
     </span>
     <span class='ocr_line' id='line_1_26' title="bbox 247 1707 1687 1759; baseline -0.002 -12"><span class='ocrx_word' id='word_1_223' title='bbox 247 1709 384 1754; x_wconf 86' lang='lat' dir='ltr'>santia,</span> <span class='ocrx_word' id='word_1_224' title='bbox 417 1709 497 1755; x_wconf 89' lang='lat' dir='ltr'>sed,</span> <span class='ocrx_word' id='word_1_225' title='bbox 521 1717 634 1759; x_wconf 89' lang='lat' dir='ltr'>prout</span> <span class='ocrx_word' id='word_1_226' title='bbox 656 1714 830 1745; x_wconf 86' lang='lat' dir='ltr'>sanctum</span> <span class='ocrx_word' id='word_1_227' title='bbox 852 1714 891 1745; x_wconf 91' lang='lat' dir='ltr'>et</span> <span class='ocrx_word' id='word_1_228' title='bbox 911 1708 1055 1758; x_wconf 88' lang='lat' dir='ltr'>justum</span> <span class='ocrx_word' id='word_1_229' title='bbox 1078 1713 1149 1753; x_wconf 90' lang='lat' dir='ltr'>est,</span> <span class='ocrx_word' id='word_1_230' title='bbox 1177 1707 1360 1745; x_wconf 88' lang='lat' dir='ltr'>absolvite</span> <span class='ocrx_word' id='word_1_231' title='bbox 1379 1720 1463 1753; x_wconf 77' lang='lat' dir='ltr'>nQS‚</span> <span class='ocrx_word' id='word_1_232' title='bbox 1483 1707 1687 1753; x_wconf 86' lang='lat' dir='ltr'>recordati,</span> 
     </span>
     <span class='ocr_line' id='line_1_27' title="bbox 246 1768 1688 1820; baseline 0 -13"><span class='ocrx_word' id='word_1_233' title='bbox 246 1782 376 1808; x_wconf 88' lang='lat' dir='ltr'>casum</span> <span class='ocrx_word' id='word_1_234' title='bbox 410 1769 511 1807; x_wconf 81' lang='lat' dir='ltr'>hunc</span> <span class='ocrx_word' id='word_1_235' title='bbox 541 1783 588 1807; x_wconf 88' lang='lat' dir='ltr'>ex</span> <span class='ocrx_word' id='word_1_236' title='bbox 612 1768 867 1820; x_wconf 88' lang='lat' dir='ltr'>imprudentia</span> <span class='ocrx_word' id='word_1_237' title='bbox 892 1769 974 1819; x_wconf 88' lang='lat' dir='ltr'>ejus</span> <span class='ocrx_word' id='word_1_238' title='bbox 1004 1768 1196 1807; x_wconf 87' lang='lat' dir='ltr'>exstitisse</span> <span class='ocrx_word' id='word_1_239' title='bbox 1227 1768 1290 1819; x_wconf 87' lang='lat' dir='ltr'>qui</span> <span class='ocrx_word' id='word_1_240' title='bbox 1321 1769 1398 1807; x_wconf 91' lang='lat' dir='ltr'>telo</span> <span class='ocrx_word' id='word_1_241' title='bbox 1417 1769 1582 1808; x_wconf 90' lang='lat' dir='ltr'>venienti</span> <span class='ocrx_word' id='word_1_242' title='bbox 1601 1781 1688 1808; x_wconf 88' lang='lat' dir='ltr'>sese</span> 
     </span>
     <span class='ocr_line' id='line_1_28' title="bbox 246 1829 1399 1882; baseline -0.001 -13"><span class='ocrx_word' id='word_1_243' title='bbox 246 1832 328 1882; x_wconf 89' lang='lat' dir='ltr'>ipse</span> <span class='ocrx_word' id='word_1_244' title='bbox 347 1831 508 1870; x_wconf 83' lang='lat' dir='ltr'>obtulit:</span> <span class='ocrx_word' id='word_1_245' title='bbox 538 1843 607 1869; x_wconf 91' lang='lat' dir='ltr'>nos</span> <span class='ocrx_word' id='word_1_246' title='bbox 628 1829 725 1869; x_wconf 90' lang='lat' dir='ltr'>enim</span> <span class='ocrx_word' id='word_1_247' title='bbox 745 1830 917 1881; x_wconf 85' lang='lat' dir='ltr'>profecto</span> <span class='ocrx_word' id='word_1_248' title='bbox 937 1830 1051 1882; x_wconf 88' lang='lat' dir='ltr'>culpa</span> <span class='ocrx_word' id='word_1_249' title='bbox 1068 1830 1185 1869; x_wconf 83' lang='lat' dir='ltr'>caedis</span> <span class='ocrx_word' id='word_1_250' title='bbox 1204 1843 1399 1869; x_wconf 87' lang='lat' dir='ltr'>vacamus.</span> 
     </span>
    </p>
   </div>
  </div>
 </body>
</html>
