<?xml version="1.0" encoding="UTF-8"?>
<!DOCTYPE html PUBLIC "-//W3C//DTD XHTML 1.0 Transitional//EN"
    "http://www.w3.org/TR/xhtml1/DTD/xhtml1-transitional.dtd">
<html xmlns="http://www.w3.org/1999/xhtml" xml:lang="en" lang="en">
 <head>
  <title>
</title>
<meta http-equiv="Content-Type" content="text/html;charset=utf-8" />
  <meta name='ocr-system' content='tesseract 3.04.00' />
  <meta name='ocr-capabilities' content='ocr_page ocr_carea ocr_par ocr_line ocrx_word'/>
</head>
<body>
  <div class='ocr_page' id='page_1' title='image "./oratoresatticie13dobs_0345.png"; bbox 0 0 1822 3219; ppageno 0'>
   <div class='ocr_carea' id='block_1_1' title="bbox 538 112 1554 155">
    <p class='ocr_par' dir='ltr' id='par_1_1' title="bbox 538 112 1554 155">
     <span class='ocr_line' id='line_1_1' title="bbox 538 112 1554 155; baseline -0.009 0"><span class='ocrx_word' id='word_1_1' title='bbox 538 117 759 155; x_wconf 85' lang='lat' dir='ltr'>CONTRA</span> <span class='ocrx_word' id='word_1_2' title='bbox 791 114 1118 152; x_wconf 81' lang='lat' dir='ltr'><strong>EPICRATEM.</strong></span> <span class='ocrx_word' id='word_1_3' title='bbox 1478 112 1554 147; x_wconf 83' lang='lat'><strong>333</strong></span> 
     </span>
    </p>
   </div>
   <div class='ocr_carea' id='block_1_2' title="bbox 103 212 1583 2942">
    <p class='ocr_par' dir='ltr' id='par_1_2' title="bbox 103 212 1559 692">
     <span class='ocr_line' id='line_1_2' title="bbox 104 212 1554 269; baseline -0.004 -13"><span class='ocrx_word' id='word_1_4' title='bbox 104 218 172 257; x_wconf 89' lang='lat' dir='ltr'><strong>sed</strong></span> <span class='ocrx_word' id='word_1_5' title='bbox 191 231 277 256; x_wconf 86' lang='lat' dir='ltr'><strong>curn</strong></span> <span class='ocrx_word' id='word_1_6' title='bbox 299 233 320 257; x_wconf 83' lang='lat' dir='ltr'><strong>a</strong></span> <span class='ocrx_word' id='word_1_7' title='bbox 339 220 564 258; x_wconf 78' lang='lat' dir='ltr'>facinorosis</span> <span class='ocrx_word' id='word_1_8' title='bbox 584 220 658 257; x_wconf 81' lang='lat' dir='ltr'><strong>oris</strong></span> <span class='ocrx_word' id='word_1_9' title='bbox 679 217 915 269; x_wconf 84' lang='lat' dir='ltr'><strong>impudentia</strong></span> <span class='ocrx_word' id='word_1_10' title='bbox 927 216 1121 265; x_wconf 83' lang='lat' dir='ltr'><strong>etlinguae</strong></span> <span class='ocrx_word' id='word_1_11' title='bbox 1143 212 1377 251; x_wconf 76' lang='lat' dir='ltr'>volubilitate</span> <span class='ocrx_word' id='word_1_12' title='bbox 1398 212 1554 250; x_wconf 79' lang='lat' dir='ltr'><strong>armatis</strong></span> 
     </span>
     <span class='ocr_line' id='line_1_3' title="bbox 105 271 1558 330; baseline -0.006 -13"><span class='ocrx_word' id='word_1_13' title='bbox 105 280 258 319; x_wconf 82' lang='lat' dir='ltr'><strong>meritas</strong></span> <span class='ocrx_word' id='word_1_14' title='bbox 278 293 409 330; x_wconf 86' lang='lat' dir='ltr'><strong>poenas</strong></span> <span class='ocrx_word' id='word_1_15' title='bbox 430 280 595 330; x_wconf 83' lang='lat' dir='ltr'><strong>exigitis,</strong></span> <span class='ocrx_word' id='word_1_16' title='bbox 611 287 690 316; x_wconf 89' lang='lat' dir='ltr'><strong>tum</strong></span> <span class='ocrx_word' id='word_1_17' title='bbox 712 291 798 329; x_wconf 85' lang='lat' dir='ltr'><strong>spes</strong></span> <span class='ocrx_word' id='word_1_18' title='bbox 815 283 1007 328; x_wconf 79' lang='lat' dir='ltr'>superest,</span> <span class='ocrx_word' id='word_1_19' title='bbox 1025 275 1102 314; x_wconf 83' lang='lat' dir='ltr'><strong>fore</strong></span> <span class='ocrx_word' id='word_1_20' title='bbox 1122 272 1328 322; x_wconf 84' lang='lat' dir='ltr'><strong>aliquando</strong></span> <span class='ocrx_word' id='word_1_21' title='bbox 1349 278 1390 309; x_wconf 88' lang='lat' dir='ltr'><strong>ut</strong></span> <span class='ocrx_word' id='word_1_22' title='bbox 1408 272 1446 310; x_wconf 90' lang='lat' dir='ltr'><strong>hi</strong></span> <span class='ocrx_word' id='word_1_23' title='bbox 1466 271 1558 309; x_wconf 85' lang='lat' dir='ltr'><strong>faci-</strong></span> 
     </span>
     <span class='ocr_line' id='line_1_4' title="bbox 103 332 1559 388; baseline -0.006 -11"><span class='ocrx_word' id='word_1_24' title='bbox 103 340 232 378; x_wconf 88' lang='lat' dir='ltr'><strong>norosi</strong></span> <span class='ocrx_word' id='word_1_25' title='bbox 252 347 414 378; x_wconf 87' lang='lat' dir='ltr'><strong>conatus</strong></span> <span class='ocrx_word' id='word_1_26' title='bbox 435 352 523 377; x_wconf 90' lang='lat' dir='ltr'><strong>suos</strong></span> <span class='ocrx_word' id='word_1_27' title='bbox 543 346 706 376; x_wconf 83' lang='lat' dir='ltr'><strong>vestram</strong></span> <span class='ocrx_word' id='word_1_28' title='bbox 737 351 856 388; x_wconf 88' lang='lat' dir='ltr'><strong>remp.</strong></span> <span class='ocrx_word' id='word_1_29' title='bbox 874 335 1056 387; x_wconf 86' lang='lat' dir='ltr'><strong>carpendi</strong></span> <span class='ocrx_word' id='word_1_30' title='bbox 1081 334 1301 383; x_wconf 80' lang='lat' dir='ltr'><strong>reprimant.</strong></span> <span class='ocrx_word' id='word_1_31' title='bbox 1358 332 1446 370; x_wconf 77' lang='lat' dir='ltr'><strong>Jam</strong></span> <span class='ocrx_word' id='word_1_32' title='bbox 1465 344 1559 369; x_wconf 87' lang='lat' dir='ltr'><strong>vero</strong></span> 
     </span>
     <span class='ocr_line' id='line_1_5' title="bbox 103 393 1557 450; baseline -0.005 -14"><span class='ocrx_word' id='word_1_33' title='bbox 103 413 170 438; x_wconf 87' lang='lat' dir='ltr'><strong>vos</strong></span> <span class='ocrx_word' id='word_1_34' title='bbox 186 401 391 450; x_wconf 76' lang='lat' dir='ltr'><strong>compilare</strong></span> <span class='ocrx_word' id='word_1_35' title='bbox 410 400 580 450; x_wconf 87' lang='lat' dir='ltr'><strong>periculo</strong></span> <span class='ocrx_word' id='word_1_36' title='bbox 602 399 693 449; x_wconf 87' lang='lat' dir='ltr'><strong>ipsis</strong></span> <span class='ocrx_word' id='word_1_37' title='bbox 711 405 828 436; x_wconf 81' lang='lat' dir='ltr'><strong>caret.</strong></span> <span class='ocrx_word' id='word_1_38' title='bbox 886 397 1040 435; x_wconf 83' lang='lat' dir='ltr'><strong>Occulti</strong></span> <span class='ocrx_word' id='word_1_39' title='bbox 1059 395 1158 434; x_wconf 85' lang='lat' dir='ltr'><strong>enim</strong></span> <span class='ocrx_word' id='word_1_40' title='bbox 1179 394 1211 431; x_wconf 86' lang='lat' dir='ltr'><strong>si</strong></span> <span class='ocrx_word' id='word_1_41' title='bbox 1232 401 1427 437; x_wconf 82' lang='lat' dir='ltr'><strong>maneant,</strong></span> <span class='ocrx_word' id='word_1_42' title='bbox 1444 393 1557 430; x_wconf 85' lang='lat' dir='ltr'><strong>furtis</strong></span> 
     </span>
     <span class='ocr_line' id='line_1_6' title="bbox 105 456 1556 510; baseline -0.007 -12"><span class='ocrx_word' id='word_1_43' title='bbox 105 461 182 498; x_wconf 89' lang='lat' dir='ltr'><strong>suis</strong></span> <span class='ocrx_word' id='word_1_44' title='bbox 202 461 327 498; x_wconf 84' lang='lat' dir='ltr'><strong>securi</strong></span> <span class='ocrx_word' id='word_1_45' title='bbox 346 461 616 510; x_wconf 84' lang='lat' dir='ltr'><strong>perfruuntur:</strong></span> <span class='ocrx_word' id='word_1_46' title='bbox 647 460 703 496; x_wconf 88' lang='lat' dir='ltr'><strong>sin</strong></span> <span class='ocrx_word' id='word_1_47' title='bbox 725 466 852 495; x_wconf 86' lang='lat' dir='ltr'><strong>autern</strong></span> <span class='ocrx_word' id='word_1_48' title='bbox 872 456 1225 508; x_wconf 80' lang='lat' dir='ltr'><strong>deprehendantur,</strong></span> <span class='ocrx_word' id='word_1_49' title='bbox 1246 460 1313 491; x_wconf 86' lang='lat' dir='ltr'><strong>aut</strong></span> <span class='ocrx_word' id='word_1_50' title='bbox 1334 460 1442 502; x_wconf 79' lang='lat' dir='ltr'><strong>parte</strong></span> <span class='ocrx_word' id='word_1_51' title='bbox 1461 466 1556 503; x_wconf 85' lang='lat' dir='ltr'><strong>qua-</strong></span> 
     </span>
     <span class='ocr_line' id='line_1_7' title="bbox 104 514 1558 570; baseline -0.006 -11"><span class='ocrx_word' id='word_1_52' title='bbox 104 521 193 559; x_wconf 85' lang='lat' dir='ltr'><strong>dam</strong></span> <span class='ocrx_word' id='word_1_53' title='bbox 213 521 400 559; x_wconf 87' lang='lat' dir='ltr'><strong>furtorum</strong></span> <span class='ocrx_word' id='word_1_54' title='bbox 421 520 630 570; x_wconf 86' lang='lat' dir='ltr'><strong>periculum</strong></span> <span class='ocrx_word' id='word_1_55' title='bbox 653 519 857 561; x_wconf 86' lang='lat' dir='ltr'><strong>redimunt,</strong></span> <span class='ocrx_word' id='word_1_56' title='bbox 879 526 958 563; x_wconf 84' lang='lat' dir='ltr'><strong>aut,</strong></span> <span class='ocrx_word' id='word_1_57' title='bbox 979 516 1269 555; x_wconf 83' lang='lat' dir='ltr'><strong>accusatoribus</strong></span> <span class='ocrx_word' id='word_1_58' title='bbox 1289 514 1479 563; x_wconf 83' lang='lat' dir='ltr'><strong>corrumpi</strong></span> <span class='ocrx_word' id='word_1_59' title='bbox 1501 527 1558 552; x_wconf 81' lang='lat' dir='ltr'><strong>re·</strong></span> 
     </span>
     <span class='ocr_line' id='line_1_8' title="bbox 105 578 1558 632; baseline -0.004 -13"><span class='ocrx_word' id='word_1_60' title='bbox 105 582 345 628; x_wconf 80' lang='lat' dir='ltr'><strong>cusantibus‚</strong></span> <span class='ocrx_word' id='word_1_61' title='bbox 362 582 401 619; x_wconf 90' lang='lat' dir='ltr'><strong>in</strong></span> <span class='ocrx_word' id='word_1_62' title='bbox 421 581 611 632; x_wconf 87' lang='lat' dir='ltr'><strong>judicium</strong></span> <span class='ocrx_word' id='word_1_63' title='bbox 637 579 812 631; x_wconf 81' lang='lat' dir='ltr'><strong>perducti</strong></span> <span class='ocrx_word' id='word_1_64' title='bbox 839 580 1013 630; x_wconf 83' lang='lat' dir='ltr'><strong>potentia</strong></span> <span class='ocrx_word' id='word_1_65' title='bbox 1033 591 1103 615; x_wconf 85' lang='lat' dir='ltr'><strong>sua</strong></span> <span class='ocrx_word' id='word_1_66' title='bbox 1120 578 1250 627; x_wconf 85' lang='lat' dir='ltr'><strong>legum</strong></span> <span class='ocrx_word' id='word_1_67' title='bbox 1278 587 1450 614; x_wconf 78' lang='lat' dir='ltr'><strong>carceres</strong></span> <span class='ocrx_word' id='word_1_68' title='bbox 1474 587 1558 627; x_wconf 87' lang='lat' dir='ltr'><strong>per-</strong></span> 
     </span>
     <span class='ocr_line' id='line_1_9' title="bbox 104 639 1110 692; baseline -0.004 -13"><span class='ocrx_word' id='word_1_69' title='bbox 104 642 292 692; x_wconf 80' lang='lat' dir='ltr'><strong>fringunt,</strong></span> <span class='ocrx_word' id='word_1_70' title='bbox 312 649 352 680; x_wconf 89' lang='lat' dir='ltr'><strong>et</strong></span> <span class='ocrx_word' id='word_1_71' title='bbox 371 642 425 680; x_wconf 90' lang='lat' dir='ltr'><strong>sic</strong></span> <span class='ocrx_word' id='word_1_72' title='bbox 444 642 551 680; x_wconf 88' lang='lat' dir='ltr'><strong>liberi</strong></span> <span class='ocrx_word' id='word_1_73' title='bbox 573 648 686 690; x_wconf 89' lang='lat' dir='ltr'><strong>atque</strong></span> <span class='ocrx_word' id='word_1_74' title='bbox 706 640 873 678; x_wconf 89' lang='lat' dir='ltr'><strong>absoluti</strong></span> <span class='ocrx_word' id='word_1_75' title='bbox 892 639 1110 678; x_wconf 79' lang='lat' dir='ltr'><strong>discedunt.</strong></span> 
     </span>
    </p>

    <p class='ocr_par' dir='ltr' id='par_1_3' title="bbox 106 696 1583 2942">
     <span class='ocr_line' id='line_1_10' title="bbox 160 696 1558 753; baseline -0.006 -13"><span class='ocrx_word' id='word_1_76' title='bbox 160 705 197 740; x_wconf 80' lang='lat'><strong>2.</strong></span> <span class='ocrx_word' id='word_1_77' title='bbox 229 703 342 753; x_wconf 75' lang='lat' dir='ltr'><strong>Agite</strong></span> <span class='ocrx_word' id='word_1_78' title='bbox 362 716 467 753; x_wconf 82' lang='lat' dir='ltr'><strong>ergo,</strong></span> <span class='ocrx_word' id='word_1_79' title='bbox 480 702 647 753; x_wconf 82' lang='lat' dir='ltr'><strong>judices,</strong></span> <span class='ocrx_word' id='word_1_80' title='bbox 667 714 770 739; x_wconf 88' lang='lat' dir='ltr'><strong>nunc</strong></span> <span class='ocrx_word' id='word_1_81' title='bbox 790 700 1000 750; x_wconf 80' lang='lat' dir='ltr'><strong>repetendo</strong></span> <span class='ocrx_word' id='word_1_82' title='bbox 1022 711 1154 750; x_wconf 86' lang='lat' dir='ltr'><strong>poenas</strong></span> <span class='ocrx_word' id='word_1_83' title='bbox 1174 698 1224 736; x_wconf 84' lang='lat' dir='ltr'><strong>ab</strong></span> <span class='ocrx_word' id='word_1_84' title='bbox 1249 697 1324 741; x_wconf 80' lang='lat' dir='ltr'><strong>his,</strong></span> <span class='ocrx_word' id='word_1_85' title='bbox 1347 696 1558 735; x_wconf 80' lang='lat' dir='ltr'><strong>documen-</strong></span> 
     </span>
     <span class='ocr_line' id='line_1_11' title="bbox 106 756 1561 814; baseline -0.005 -12"><span class='ocrx_word' id='word_1_86' title='bbox 106 772 189 805; x_wconf 82' lang='lat' dir='ltr'><strong>tum</strong></span> <span class='ocrx_word' id='word_1_87' title='bbox 207 765 310 802; x_wconf 86' lang='lat' dir='ltr'><strong>edite</strong></span> <span class='ocrx_word' id='word_1_88' title='bbox 329 763 524 814; x_wconf 87' lang='lat' dir='ltr'><strong>publicum</strong></span> <span class='ocrx_word' id='word_1_89' title='bbox 544 762 647 800; x_wconf 87' lang='lat' dir='ltr'><strong>unde</strong></span> <span class='ocrx_word' id='word_1_90' title='bbox 666 761 802 811; x_wconf 83' lang='lat' dir='ltr'><strong>reliqui</strong></span> <span class='ocrx_word' id='word_1_91' title='bbox 827 761 977 798; x_wconf 82' lang='lat' dir='ltr'><strong>discant</strong></span> <span class='ocrx_word' id='word_1_92' title='bbox 995 759 1157 810; x_wconf 80' lang='lat' dir='ltr'><strong>justitiae</strong></span> <span class='ocrx_word' id='word_1_93' title='bbox 1177 765 1291 808; x_wconf 85' lang='lat' dir='ltr'><strong>atque</strong></span> <span class='ocrx_word' id='word_1_94' title='bbox 1312 756 1561 795; x_wconf 68' lang='lat' dir='ltr'><strong>continentiae</strong></span> 
     </span>
     <span class='ocr_line' id='line_1_12' title="bbox 106 820 1569 873; baseline -0.006 -10"><span class='ocrx_word' id='word_1_95' title='bbox 106 825 276 863; x_wconf 87' lang='lat' dir='ltr'><strong>studere.</strong></span> <span class='ocrx_word' id='word_1_96' title='bbox 335 824 563 873; x_wconf 86' lang='lat' dir='ltr'><strong>Quicunque</strong></span> <span class='ocrx_word' id='word_1_97' title='bbox 591 824 629 860; x_wconf 90' lang='lat' dir='ltr'><strong>in</strong></span> <span class='ocrx_word' id='word_1_98' title='bbox 660 822 830 873; x_wconf 80' lang='lat' dir='ltr'><strong>gerenda</strong></span> <span class='ocrx_word' id='word_1_99' title='bbox 849 830 1049 860; x_wconf 77' lang='lat' dir='ltr'><strong>versantur</strong></span> <span class='ocrx_word' id='word_1_100' title='bbox 1077 820 1271 871; x_wconf 76' lang='lat' dir='ltr'><strong>rep.,l1uc</strong></span> <span class='ocrx_word' id='word_1_101' title='bbox 1299 824 1569 856; x_wconf 37' lang='lat' dir='ltr'><strong>convenerant.</strong></span> 
     </span>
     <span class='ocr_line' id='line_1_13' title="bbox 108 880 1564 936; baseline -0.006 -11"><span class='ocrx_word' id='word_1_102' title='bbox 108 900 257 931; x_wconf 86' lang='lat' dir='ltr'><strong>omnes,</strong></span> <span class='ocrx_word' id='word_1_103' title='bbox 277 899 353 923; x_wconf 93' lang='lat' dir='ltr'><strong>non</strong></span> <span class='ocrx_word' id='word_1_104' title='bbox 375 899 451 936; x_wconf 91' lang='lat' dir='ltr'><strong>quo</strong></span> <span class='ocrx_word' id='word_1_105' title='bbox 471 892 623 924; x_wconf 83' lang='lat' dir='ltr'><strong>nostras</strong></span> <span class='ocrx_word' id='word_1_106' title='bbox 651 885 811 923; x_wconf 87' lang='lat' dir='ltr'><strong>audiant</strong></span> <span class='ocrx_word' id='word_1_107' title='bbox 837 883 1043 927; x_wconf 73' lang='lat' dir='ltr'><strong>orationes,</strong></span> <span class='ocrx_word' id='word_1_108' title='bbox 1064 882 1132 920; x_wconf 85' lang='lat' dir='ltr'><strong>sed</strong></span> <span class='ocrx_word' id='word_1_109' title='bbox 1159 894 1237 931; x_wconf 91' lang='lat' dir='ltr'><strong>quo</strong></span> <span class='ocrx_word' id='word_1_110' title='bbox 1260 880 1479 928; x_wconf 80' lang='lat' dir='ltr'><strong>intelligant</strong></span> <span class='ocrx_word' id='word_1_111' title='bbox 1498 881 1564 930; x_wconf 91' lang='lat' dir='ltr'><strong>qui</strong></span> 
     </span>
     <span class='ocr_line' id='line_1_14' title="bbox 107 940 1567 996; baseline -0.005 -12"><span class='ocrx_word' id='word_1_112' title='bbox 107 947 218 984; x_wconf 85' lang='lat' dir='ltr'><strong>vobis</strong></span> <span class='ocrx_word' id='word_1_113' title='bbox 246 947 294 984; x_wconf 78' lang='lat' dir='ltr'><strong>sit</strong></span> <span class='ocrx_word' id='word_1_114' title='bbox 321 959 414 996; x_wconf 85' lang='lat' dir='ltr'><strong>erga</strong></span> <span class='ocrx_word' id='word_1_115' title='bbox 439 945 655 995; x_wconf 77' lang='lat' dir='ltr'><strong>flagitiosos</strong></span> <span class='ocrx_word' id='word_1_116' title='bbox 686 945 851 983; x_wconf 81' lang='lat' dir='ltr'><strong>animus.</strong></span> <span class='ocrx_word' id='word_1_117' title='bbox 912 942 1028 986; x_wconf 86' lang='lat' dir='ltr'><strong>Quod</strong></span> <span class='ocrx_word' id='word_1_118' title='bbox 1058 942 1089 980; x_wconf 86' lang='lat' dir='ltr'><strong>si</strong></span> <span class='ocrx_word' id='word_1_119' title='bbox 1115 955 1208 991; x_wconf 81' lang='lat' dir='ltr'><strong>ergo</strong></span> <span class='ocrx_word' id='word_1_120' title='bbox 1236 941 1304 979; x_wconf 87' lang='lat' dir='ltr'><strong>hos</strong></span> <span class='ocrx_word' id='word_1_121' title='bbox 1325 940 1567 991; x_wconf 83' lang='lat' dir='ltr'><strong>[Epicratem</strong></span> 
     </span>
     <span class='ocr_line' id='line_1_15' title="bbox 109 1001 1569 1057; baseline -0.004 -13"><span class='ocrx_word' id='word_1_122' title='bbox 109 1019 197 1044; x_wconf 88' lang='lat' dir='ltr'><strong>cum</strong></span> <span class='ocrx_word' id='word_1_123' title='bbox 223 1006 405 1057; x_wconf 84' lang='lat' dir='ltr'><strong>collegis]</strong></span> <span class='ocrx_word' id='word_1_124' title='bbox 430 1006 652 1051; x_wconf 75' lang='lat' dir='ltr'><strong>absolvatis,</strong></span> <span class='ocrx_word' id='word_1_125' title='bbox 678 1006 731 1043; x_wconf 89' lang='lat' dir='ltr'><strong>nil</strong></span> <span class='ocrx_word' id='word_1_126' title='bbox 756 1005 988 1043; x_wconf 83' lang='lat' dir='ltr'><strong>dubitabunt</strong></span> <span class='ocrx_word' id='word_1_127' title='bbox 1012 1004 1065 1041; x_wconf 92' lang='lat' dir='ltr'><strong>illi</strong></span> <span class='ocrx_word' id='word_1_128' title='bbox 1092 1003 1201 1041; x_wconf 82' lang='lat' dir='ltr'><strong>vobis</strong></span> <span class='ocrx_word' id='word_1_129' title='bbox 1225 1001 1460 1053; x_wconf 83' lang='lat' dir='ltr'><strong>imponendo</strong></span> <span class='ocrx_word' id='word_1_130' title='bbox 1486 1015 1569 1040; x_wconf 85' lang='lat' dir='ltr'><strong>rem</strong></span> 
     </span>
     <span class='ocr_line' id='line_1_16' title="bbox 109 1063 1566 1117; baseline -0.003 -13"><span class='ocrx_word' id='word_1_131' title='bbox 109 1080 220 1105; x_wconf 89' lang='lat' dir='ltr'><strong>suam</strong></span> <span class='ocrx_word' id='word_1_132' title='bbox 242 1068 370 1105; x_wconf 85' lang='lat' dir='ltr'><strong>facere</strong></span> <span class='ocrx_word' id='word_1_133' title='bbox 397 1067 642 1117; x_wconf 89' lang='lat' dir='ltr'><strong>ampliorem;</strong></span> <span class='ocrx_word' id='word_1_134' title='bbox 672 1068 730 1104; x_wconf 86' lang='lat' dir='ltr'><strong>sin</strong></span> <span class='ocrx_word' id='word_1_135' title='bbox 751 1073 881 1104; x_wconf 84' lang='lat' dir='ltr'><strong>autem</strong></span> <span class='ocrx_word' id='word_1_136' title='bbox 904 1066 1022 1103; x_wconf 85' lang='lat' dir='ltr'><strong>hosce</strong></span> <span class='ocrx_word' id='word_1_137' title='bbox 1051 1078 1133 1103; x_wconf 87' lang='lat' dir='ltr'><strong>reos</strong></span> <span class='ocrx_word' id='word_1_138' title='bbox 1163 1076 1265 1101; x_wconf 87' lang='lat' dir='ltr'><strong>nunc</strong></span> <span class='ocrx_word' id='word_1_139' title='bbox 1290 1063 1418 1101; x_wconf 79' lang='lat' dir='ltr'><strong>factos</strong></span> <span class='ocrx_word' id='word_1_140' title='bbox 1442 1070 1566 1101; x_wconf 88' lang='lat' dir='ltr'><strong>morte</strong></span> 
     </span>
     <span class='ocr_line' id='line_1_17' title="bbox 110 1124 1571 1177; baseline -0.003 -12"><span class='ocrx_word' id='word_1_141' title='bbox 110 1126 355 1174; x_wconf 83' lang='lat' dir='ltr'><strong>damnabitis,</strong></span> <span class='ocrx_word' id='word_1_142' title='bbox 368 1140 446 1164; x_wconf 85' lang='lat' dir='ltr'><strong>una</strong></span> <span class='ocrx_word' id='word_1_143' title='bbox 462 1127 653 1165; x_wconf 88' lang='lat' dir='ltr'><strong>sententia</strong></span> <span class='ocrx_word' id='word_1_144' title='bbox 670 1126 864 1177; x_wconf 87' lang='lat' dir='ltr'><strong>geminum</strong></span> <span class='ocrx_word' id='word_1_145' title='bbox 879 1124 1166 1175; x_wconf 86' lang='lat' dir='ltr'><strong>consequemini</strong></span> <span class='ocrx_word' id='word_1_146' title='bbox 1182 1126 1344 1162; x_wconf 87' lang='lat' dir='ltr'><strong>bonum:</strong></span> <span class='ocrx_word' id='word_1_147' title='bbox 1375 1137 1452 1174; x_wconf 86' lang='lat' dir='ltr'><strong>qua</strong></span> <span class='ocrx_word' id='word_1_148' title='bbox 1465 1124 1571 1161; x_wconf 79' lang='lat' dir='ltr'><strong>enim</strong></span> 
     </span>
     <span class='ocr_line' id='line_1_18' title="bbox 109 1185 1570 1239; baseline -0.003 -13"><span class='ocrx_word' id='word_1_149' title='bbox 109 1189 299 1227; x_wconf 84' lang='lat' dir='ltr'><strong>sententia</strong></span> <span class='ocrx_word' id='word_1_150' title='bbox 318 1189 471 1227; x_wconf 88' lang='lat' dir='ltr'><strong>meritas</strong></span> <span class='ocrx_word' id='word_1_151' title='bbox 491 1189 564 1226; x_wconf 89' lang='lat' dir='ltr'><strong>illis</strong></span> <span class='ocrx_word' id='word_1_152' title='bbox 585 1202 718 1239; x_wconf 88' lang='lat' dir='ltr'><strong>poenas</strong></span> <span class='ocrx_word' id='word_1_153' title='bbox 748 1188 978 1238; x_wconf 80' lang='lat' dir='ltr'><strong>irrogabitis,</strong></span> <span class='ocrx_word' id='word_1_154' title='bbox 996 1186 1133 1225; x_wconf 86' lang='lat' dir='ltr'><strong>eadem</strong></span> <span class='ocrx_word' id='word_1_155' title='bbox 1152 1186 1322 1224; x_wconf 86' lang='lat' dir='ltr'><strong>reddetis</strong></span> <span class='ocrx_word' id='word_1_156' title='bbox 1343 1185 1509 1235; x_wconf 85' lang='lat' dir='ltr'><strong>reliquos</strong></span> <span class='ocrx_word' id='word_1_157' title='bbox 1529 1185 1570 1222; x_wconf 76' lang='lat' dir='ltr'><strong>iu</strong></span> 
     </span>
     <span class='ocr_line' id='line_1_19' title="bbox 108 1246 1573 1302; baseline -0.005 -13"><span class='ocrx_word' id='word_1_158' title='bbox 108 1258 306 1302; x_wconf 86' lang='lat' dir='ltr'><strong>posterum</strong></span> <span class='ocrx_word' id='word_1_159' title='bbox 337 1264 453 1301; x_wconf 88' lang='lat' dir='ltr'><strong>quam</strong></span> <span class='ocrx_word' id='word_1_160' title='bbox 484 1264 587 1288; x_wconf 90' lang='lat' dir='ltr'><strong>nunc</strong></span> <span class='ocrx_word' id='word_1_161' title='bbox 618 1258 709 1289; x_wconf 90' lang='lat' dir='ltr'><strong>sunt</strong></span> <span class='ocrx_word' id='word_1_162' title='bbox 741 1249 1053 1287; x_wconf 86' lang='lat' dir='ltr'><strong>continentiores.</strong></span> <span class='ocrx_word' id='word_1_163' title='bbox 1111 1247 1269 1284; x_wconf 84' lang='lat' dir='ltr'><strong>Etiamsi</strong></span> <span class='ocrx_word' id='word_1_164' title='bbox 1293 1246 1480 1294; x_wconf 85' lang='lat' dir='ltr'><strong>judicium</strong></span> <span class='ocrx_word' id='word_1_165' title='bbox 1508 1246 1573 1282; x_wconf 76' lang='lat' dir='ltr'><strong>his</strong></span> 
     </span>
     <span class='ocr_line' id='line_1_20' title="bbox 109 1306 1572 1360; baseline -0.003 -13"><span class='ocrx_word' id='word_1_166' title='bbox 109 1311 234 1360; x_wconf 80' lang='lat' dir='ltr'><strong>sortiri</strong></span> <span class='ocrx_word' id='word_1_167' title='bbox 253 1311 446 1356; x_wconf 83' lang='lat' dir='ltr'><strong>recusetis,</strong></span> <span class='ocrx_word' id='word_1_168' title='bbox 467 1317 534 1348; x_wconf 85' lang='lat' dir='ltr'><strong>aut</strong></span> <span class='ocrx_word' id='word_1_169' title='bbox 553 1316 740 1349; x_wconf 84' lang='lat' dir='ltr'><strong>conantes</strong></span> <span class='ocrx_word' id='word_1_170' title='bbox 764 1309 902 1360; x_wconf 85' lang='lat' dir='ltr'><strong>capitis</strong></span> <span class='ocrx_word' id='word_1_171' title='bbox 926 1321 1082 1347; x_wconf 81' lang='lat' dir='ltr'><strong>causam</strong></span> <span class='ocrx_word' id='word_1_172' title='bbox 1109 1307 1234 1346; x_wconf 86' lang='lat' dir='ltr'><strong>dicere</strong></span> <span class='ocrx_word' id='word_1_173' title='bbox 1255 1306 1483 1357; x_wconf 79' lang='lat' dir='ltr'><strong>explodatis,</strong></span> <span class='ocrx_word' id='word_1_174' title='bbox 1503 1319 1572 1343; x_wconf 56' lang='lat' dir='ltr'><strong>au«</strong></span> 
     </span>
     <span class='ocr_line' id='line_1_21' title="bbox 111 1367 1574 1420; baseline -0.003 -12"><span class='ocrx_word' id='word_1_175' title='bbox 111 1370 295 1409; x_wconf 88' lang='lat' dir='ltr'><strong>dientiam</strong></span> <span class='ocrx_word' id='word_1_176' title='bbox 325 1371 577 1420; x_wconf 78' lang='lat' dir='ltr'><strong>denegantes,</strong></span> <span class='ocrx_word' id='word_1_177' title='bbox 611 1370 679 1409; x_wconf 89' lang='lat' dir='ltr'><strong>sed</strong></span> <span class='ocrx_word' id='word_1_178' title='bbox 713 1370 843 1408; x_wconf 77' lang='lat' dir='ltr'><strong>statim</strong></span> <span class='ocrx_word' id='word_1_179' title='bbox 878 1369 1141 1408; x_wconf 84' lang='lat' dir='ltr'><strong>condemnetis</strong></span> <span class='ocrx_word' id='word_1_180' title='bbox 1181 1368 1446 1419; x_wconf 82' lang='lat' dir='ltr'><strong>suppliciaque</strong></span> <span class='ocrx_word' id='word_1_181' title='bbox 1478 1367 1574 1417; x_wconf 73' lang='lat' dir='ltr'><strong>ipsis</strong></span> 
     </span>
     <span class='ocr_line' id='line_1_22' title="bbox 110 1429 1573 1482; baseline -0.003 -12"><span class='ocrx_word' id='word_1_182' title='bbox 110 1438 285 1472; x_wconf 84' lang='lat' dir='ltr'><strong>extrema</strong></span> <span class='ocrx_word' id='word_1_183' title='bbox 302 1444 466 1482; x_wconf 85' lang='lat' dir='ltr'><strong>quaeque</strong></span> <span class='ocrx_word' id='word_1_184' title='bbox 487 1438 602 1480; x_wconf 86' lang='lat' dir='ltr'><strong>atq-ue</strong></span> <span class='ocrx_word' id='word_1_185' title='bbox 628 1431 816 1471; x_wconf 82' lang='lat' dir='ltr'><strong>dirissima</strong></span> <span class='ocrx_word' id='word_1_186' title='bbox 840 1430 1031 1480; x_wconf 80' lang='lat' dir='ltr'><strong>irrogetis,</strong></span> <span class='ocrx_word' id='word_1_187' title='bbox 1051 1441 1152 1478; x_wconf 85' lang='lat' dir='ltr'><strong>nego</strong></span> <span class='ocrx_word' id='word_1_188' title='bbox 1171 1435 1305 1466; x_wconf 85' lang='lat' dir='ltr'><strong>tamen</strong></span> <span class='ocrx_word' id='word_1_189' title='bbox 1320 1441 1402 1474; x_wconf 82' lang='lat' dir='ltr'><strong>eos,</strong></span> <span class='ocrx_word' id='word_1_190' title='bbox 1421 1429 1470 1466; x_wconf 87' lang='lat' dir='ltr'><strong>de</strong></span> <span class='ocrx_word' id='word_1_191' title='bbox 1490 1441 1573 1477; x_wconf 37' lang='lat' dir='ltr'><strong>quo.</strong></span> 
     </span>
     <span class='ocr_line' id='line_1_23' title="bbox 112 1489 1573 1542; baseline -0.003 -11"><span class='ocrx_word' id='word_1_192' title='bbox 112 1498 335 1542; x_wconf 83' lang='lat' dir='ltr'><strong>querantur,</strong></span> <span class='ocrx_word' id='word_1_193' title='bbox 354 1492 569 1536; x_wconf 85' lang='lat' dir='ltr'><strong>habituros,</strong></span> <span class='ocrx_word' id='word_1_194' title='bbox 591 1498 658 1528; x_wconf 89' lang='lat' dir='ltr'><strong>aut</strong></span> <span class='ocrx_word' id='word_1_195' title='bbox 687 1491 792 1541; x_wconf 88' lang='lat' dir='ltr'><strong>quod</strong></span> <span class='ocrx_word' id='word_1_196' title='bbox 821 1492 924 1529; x_wconf 80' lang='lat' dir='ltr'><strong>aiant</strong></span> <span class='ocrx_word' id='word_1_197' title='bbox 951 1491 1096 1529; x_wconf 87' lang='lat' dir='ltr'><strong>indicta</strong></span> <span class='ocrx_word' id='word_1_198' title='bbox 1121 1503 1242 1527; x_wconf 84' lang='lat' dir='ltr'><strong>causa</strong></span> <span class='ocrx_word' id='word_1_199' title='bbox 1261 1503 1301 1527; x_wconf 86' lang='lat' dir='ltr'><strong>se</strong></span> <span class='ocrx_word' id='word_1_200' title='bbox 1319 1489 1477 1540; x_wconf 86' lang='lat' dir='ltr'><strong>perisse,</strong></span> <span class='ocrx_word' id='word_1_201' title='bbox 1498 1490 1573 1526; x_wconf 69' lang='lat' dir='ltr'><strong>sed</strong></span> 
     </span>
     <span class='ocr_line' id='line_1_24' title="bbox 110 1550 1575 1603; baseline -0.002 -12"><span class='ocrx_word' id='word_1_202' title='bbox 110 1552 373 1591; x_wconf 82' lang='lat' dir='ltr'><strong>confitendum</strong></span> <span class='ocrx_word' id='word_1_203' title='bbox 394 1553 486 1603; x_wconf 81' lang='lat' dir='ltr'><strong>ipsis</strong></span> <span class='ocrx_word' id='word_1_204' title='bbox 507 1553 578 1590; x_wconf 89' lang='lat' dir='ltr'><strong>erit</strong></span> <span class='ocrx_word' id='word_1_205' title='bbox 598 1565 728 1602; x_wconf 87' lang='lat' dir='ltr'><strong>poenas</strong></span> <span class='ocrx_word' id='word_1_206' title='bbox 749 1565 788 1591; x_wconf 86' lang='lat' dir='ltr'><strong>se</strong></span> <span class='ocrx_word' id='word_1_207' title='bbox 809 1552 964 1589; x_wconf 86' lang='lat' dir='ltr'><strong>meritas</strong></span> <span class='ocrx_word' id='word_1_208' title='bbox 990 1551 1121 1588; x_wconf 85' lang='lat' dir='ltr'><strong>luisse.</strong></span> <span class='ocrx_word' id='word_1_209' title='bbox 1179 1551 1269 1587; x_wconf 88' lang='lat' dir='ltr'><strong>Non</strong></span> <span class='ocrx_word' id='word_1_210' title='bbox 1296 1551 1398 1587; x_wconf 86' lang='lat' dir='ltr'><strong>enim</strong></span> <span class='ocrx_word' id='word_1_211' title='bbox 1425 1550 1575 1588; x_wconf 73' lang='lat' dir='ltr'><strong>indicta</strong></span> 
     </span>
     <span class='ocr_line' id='line_1_25' title="bbox 110 1610 1571 1665; baseline -0.003 -13"><span class='ocrx_word' id='word_1_212' title='bbox 110 1627 230 1663; x_wconf 80' lang='lat' dir='ltr'><strong>causa</strong></span> <span class='ocrx_word' id='word_1_213' title='bbox 242 1620 406 1665; x_wconf 85' lang='lat' dir='ltr'><strong>pereunt</strong></span> <span class='ocrx_word' id='word_1_214' title='bbox 421 1613 489 1661; x_wconf 75' lang='lat' dir='ltr'><strong>illi,</strong></span> <span class='ocrx_word' id='word_1_215' title='bbox 504 1614 568 1663; x_wconf 89' lang='lat' dir='ltr'><strong>qui</strong></span> <span class='ocrx_word' id='word_1_216' title='bbox 589 1626 611 1650; x_wconf 86' lang='lat' dir='ltr'><strong>a</strong></span> <span class='ocrx_word' id='word_1_217' title='bbox 625 1613 733 1650; x_wconf 83' lang='lat' dir='ltr'><strong>vobis</strong></span> <span class='ocrx_word' id='word_1_218' title='bbox 755 1612 1003 1650; x_wconf 82' lang='lat' dir='ltr'><strong>condemnati</strong></span> <span class='ocrx_word' id='word_1_219' title='bbox 1021 1617 1196 1661; x_wconf 84' lang='lat' dir='ltr'><strong>pereunt,</strong></span> <span class='ocrx_word' id='word_1_220' title='bbox 1214 1618 1433 1661; x_wconf 80' lang='lat' dir='ltr'><strong>apertorum</strong></span> <span class='ocrx_word' id='word_1_221' title='bbox 1450 1610 1571 1648; x_wconf 88' lang='lat' dir='ltr'><strong>scele-</strong></span> 
     </span>
     <span class='ocr_line' id='line_1_26' title="bbox 115 1671 1573 1725; baseline -0.003 -12"><span class='ocrx_word' id='word_1_222' title='bbox 115 1689 197 1713; x_wconf 88' lang='lat' dir='ltr'><strong>rum</strong></span> <span class='ocrx_word' id='word_1_223' title='bbox 222 1675 293 1720; x_wconf 85' lang='lat' dir='ltr'><strong>rei,</strong></span> <span class='ocrx_word' id='word_1_224' title='bbox 315 1688 403 1725; x_wconf 77' lang='lat' dir='ltr'><strong>quae</strong></span> <span class='ocrx_word' id='word_1_225' title='bbox 430 1674 578 1711; x_wconf 85' lang='lat' dir='ltr'><strong>scelera</strong></span> <span class='ocrx_word' id='word_1_226' title='bbox 597 1686 664 1710; x_wconf 84' lang='lat' dir='ltr'><strong>vos</strong></span> <span class='ocrx_word' id='word_1_227' title='bbox 692 1674 745 1710; x_wconf 88' lang='lat' dir='ltr'><strong>ita</strong></span> <span class='ocrx_word' id='word_1_228' title='bbox 772 1679 877 1710; x_wconf 86' lang='lat' dir='ltr'><strong>certo</strong></span> <span class='ocrx_word' id='word_1_229' title='bbox 905 1680 1104 1723; x_wconf 87' lang='lat' dir='ltr'><strong>comperta</strong></span> <span class='ocrx_word' id='word_1_230' title='bbox 1129 1678 1168 1709; x_wconf 88' lang='lat' dir='ltr'><strong>et</strong></span> <span class='ocrx_word' id='word_1_231' title='bbox 1194 1671 1341 1721; x_wconf 82' lang='lat' dir='ltr'><strong>liquido</strong></span> <span class='ocrx_word' id='word_1_232' title='bbox 1367 1679 1573 1722; x_wconf 85' lang='lat' dir='ltr'><strong>perspecta</strong></span> 
     </span>
     <span class='ocr_line' id='line_1_27' title="bbox 112 1731 1570 1783; baseline -0.003 -9"><span class='ocrx_word' id='word_1_233' title='bbox 112 1736 283 1781; x_wconf 64' lang='lat' dir='ltr'><strong>habetis,</strong></span> <span class='ocrx_word' id='word_1_234' title='bbox 298 1743 342 1773; x_wconf 91' lang='lat' dir='ltr'><strong>ut</strong></span> <span class='ocrx_word' id='word_1_235' title='bbox 366 1735 419 1772; x_wconf 90' lang='lat' dir='ltr'><strong>nil</strong></span> <span class='ocrx_word' id='word_1_236' title='bbox 442 1734 492 1771; x_wconf 89' lang='lat' dir='ltr'><strong>sit</strong></span> <span class='ocrx_word' id='word_1_237' title='bbox 517 1747 584 1772; x_wconf 88' lang='lat' dir='ltr'><strong>cur</strong></span> <span class='ocrx_word' id='word_1_238' title='bbox 603 1746 627 1770; x_wconf 84' lang='lat' dir='ltr'><strong>a</strong></span> <span class='ocrx_word' id='word_1_239' title='bbox 644 1746 839 1783; x_wconf 89' lang='lat' dir='ltr'><strong>quoquam</strong></span> <span class='ocrx_word' id='word_1_240' title='bbox 866 1733 1104 1775; x_wconf 76' lang='lat' dir='ltr'><strong>doceamini3</strong></span> <span class='ocrx_word' id='word_1_241' title='bbox 1136 1732 1205 1770; x_wconf 91' lang='lat' dir='ltr'><strong>sed</strong></span> <span class='ocrx_word' id='word_1_242' title='bbox 1232 1732 1285 1776; x_wconf 86' lang='lat' dir='ltr'><strong>hi,</strong></span> <span class='ocrx_word' id='word_1_243' title='bbox 1305 1733 1336 1769; x_wconf 88' lang='lat' dir='ltr'><strong>si</strong></span> <span class='ocrx_word' id='word_1_244' title='bbox 1364 1732 1444 1782; x_wconf 81' lang='lat' dir='ltr'><strong>qui,</strong></span> <span class='ocrx_word' id='word_1_245' title='bbox 1462 1731 1570 1770; x_wconf 79' lang='lat' dir='ltr'><strong>calu&gt;-</strong></span> 
     </span>
     <span class='ocr_line' id='line_1_28' title="bbox 114 1792 1572 1839; baseline -0.003 -5"><span class='ocrx_word' id='word_1_246' title='bbox 114 1798 227 1835; x_wconf 89' lang='lat' dir='ltr'><strong>mniis</strong></span> <span class='ocrx_word' id='word_1_247' title='bbox 248 1796 486 1833; x_wconf 87' lang='lat' dir='ltr'><strong>inimicorum</strong></span> <span class='ocrx_word' id='word_1_248' title='bbox 507 1795 648 1839; x_wconf 78' lang='lat' dir='ltr'><strong>obruti,</strong></span> <span class='ocrx_word' id='word_1_249' title='bbox 663 1807 685 1830; x_wconf 84' lang='lat' dir='ltr'><strong>a</strong></span> <span class='ocrx_word' id='word_1_250' title='bbox 704 1795 810 1831; x_wconf 88' lang='lat' dir='ltr'><strong>vobis</strong></span> <span class='ocrx_word' id='word_1_251' title='bbox 831 1806 961 1831; x_wconf 75' lang='lat' dir='ltr'><strong>causae</strong></span> <span class='ocrx_word' id='word_1_252' title='bbox 981 1793 1076 1830; x_wconf 89' lang='lat' dir='ltr'><strong>nihil</strong></span> <span class='ocrx_word' id='word_1_253' title='bbox 1095 1792 1314 1830; x_wconf 88' lang='lat' dir='ltr'><strong>tenentibus</strong></span> <span class='ocrx_word' id='word_1_254' title='bbox 1336 1793 1572 1830; x_wconf 88' lang='lat' dir='ltr'><strong>audientiam</strong></span> 
     </span>
     <span class='ocr_line' id='line_1_29' title="bbox 116 1853 1571 1909; baseline -0.004 -14"><span class='ocrx_word' id='word_1_255' title='bbox 116 1858 316 1909; x_wconf 87' lang='lat' dir='ltr'><strong>impetrare</strong></span> <span class='ocrx_word' id='word_1_256' title='bbox 331 1857 433 1894; x_wconf 88' lang='lat' dir='ltr'><strong>haud</strong></span> <span class='ocrx_word' id='word_1_257' title='bbox 447 1856 674 1906; x_wconf 80' lang='lat' dir='ltr'><strong>potuissent.</strong></span> <span class='ocrx_word' id='word_1_258' title='bbox 717 1855 798 1892; x_wconf 90' lang='lat' dir='ltr'><strong>Hos</strong></span> <span class='ocrx_word' id='word_1_259' title='bbox 812 1862 936 1892; x_wconf 85' lang='lat' dir='ltr'><strong>autern</strong></span> <span class='ocrx_word' id='word_1_260' title='bbox 951 1854 1122 1894; x_wconf 85' lang='lat' dir='ltr'><strong>facinora</strong></span> <span class='ocrx_word' id='word_1_261' title='bbox 1136 1866 1206 1891; x_wconf 89' lang='lat' dir='ltr'><strong>sua·</strong></span> <span class='ocrx_word' id='word_1_262' title='bbox 1221 1859 1422 1897; x_wconf 82' lang='lat' dir='ltr'><strong>accusant,</strong></span> <span class='ocrx_word' id='word_1_263' title='bbox 1433 1853 1571 1903; x_wconf 88' lang='lat' dir='ltr'><strong>quibus</strong></span> 
     </span>
     <span class='ocr_line' id='line_1_30' title="bbox 113 1914 1576 1967; baseline -0.005 -7"><span class='ocrx_word' id='word_1_264' title='bbox 113 1919 345 1960; x_wconf 83' lang='lat' dir='ltr'><strong>facinoribus</strong></span> <span class='ocrx_word' id='word_1_265' title='bbox 367 1919 472 1956; x_wconf 85' lang='lat' dir='ltr'><strong>aliud</strong></span> <span class='ocrx_word' id='word_1_266' title='bbox 500 1918 592 1954; x_wconf 85' lang='lat' dir='ltr'><strong>nihil</strong></span> <span class='ocrx_word' id='word_1_267' title='bbox 619 1929 691 1954; x_wconf 89' lang='lat' dir='ltr'><strong>nos</strong></span> <span class='ocrx_word' id='word_1_268' title='bbox 720 1924 974 1967; x_wconf 73' lang='lat' dir='ltr'><strong>praeterquam</strong></span> <span class='ocrx_word' id='word_1_269' title='bbox 996 1915 1202 1954; x_wconf 82' lang='lat' dir='ltr'><strong>testimonii</strong></span> <span class='ocrx_word' id='word_1_270' title='bbox 1224 1914 1490 1953; x_wconf 86' lang='lat' dir='ltr'><strong>auctoritatem</strong></span> <span class='ocrx_word' id='word_1_271' title='bbox 1511 1928 1576 1953; x_wconf 90' lang='lat' dir='ltr'><strong>ac-</strong></span> 
     </span>
     <span class='ocr_line' id='line_1_31' title="bbox 117 1976 1572 2027; baseline -0.003 -9"><span class='ocrx_word' id='word_1_272' title='bbox 117 1980 423 2018; x_wconf 85' lang='lat' dir='ltr'><strong>commodamus.</strong></span> <span class='ocrx_word' id='word_1_273' title='bbox 482 1979 622 2027; x_wconf 89' lang='lat' dir='ltr'><strong>Neque</strong></span> <span class='ocrx_word' id='word_1_274' title='bbox 648 1978 723 2015; x_wconf 82' lang='lat' dir='ltr'><strong>hoc</strong></span> <span class='ocrx_word' id='word_1_275' title='bbox 741 1991 887 2023; x_wconf 86' lang='lat' dir='ltr'><strong>vereor,</strong></span> <span class='ocrx_word' id='word_1_276' title='bbox 909 1990 955 2015; x_wconf 87' lang='lat' dir='ltr'><strong>ne</strong></span> <span class='ocrx_word' id='word_1_277' title='bbox 975 1990 1044 2015; x_wconf 81' lang='lat' dir='ltr'><strong>vos</strong></span> <span class='ocrx_word' id='word_1_278' title='bbox 1071 1989 1137 2015; x_wconf 86' lang='lat' dir='ltr'><strong>eos</strong></span> <span class='ocrx_word' id='word_1_279' title='bbox 1164 1977 1318 2014; x_wconf 84' lang='lat' dir='ltr'><strong>auditos</strong></span> <span class='ocrx_word' id='word_1_280' title='bbox 1339 1976 1572 2019; x_wconf 83' lang='lat' dir='ltr'><strong>absolvatis;</strong></span> 
     </span>
     <span class='ocr_line' id='line_1_32' title="bbox 117 2037 1573 2090; baseline -0.003 -11"><span class='ocrx_word' id='word_1_281' title='bbox 117 2041 186 2079; x_wconf 85' lang='lat' dir='ltr'><strong>sed</strong></span> <span class='ocrx_word' id='word_1_282' title='bbox 212 2041 308 2077; x_wconf 86' lang='lat' dir='ltr'><strong>illud</strong></span> <span class='ocrx_word' id='word_1_283' title='bbox 329 2053 485 2085; x_wconf 83' lang='lat' dir='ltr'><strong>censeo,</strong></span> <span class='ocrx_word' id='word_1_284' title='bbox 506 2052 640 2090; x_wconf 88' lang='lat' dir='ltr'><strong>poenas</strong></span> <span class='ocrx_word' id='word_1_285' title='bbox 663 2051 728 2076; x_wconf 89' lang='lat' dir='ltr'><strong>eos</strong></span> <span class='ocrx_word' id='word_1_286' title='bbox 750 2051 836 2076; x_wconf 88' lang='lat' dir='ltr'><strong>esse</strong></span> <span class='ocrx_word' id='word_1_287' title='bbox 858 2051 934 2075; x_wconf 91' lang='lat' dir='ltr'><strong>non</strong></span> <span class='ocrx_word' id='word_1_288' title='bbox 955 2045 1017 2075; x_wconf 83' lang='lat' dir='ltr'><strong>sat</strong></span> <span class='ocrx_word' id='word_1_289' title='bbox 1036 2051 1198 2088; x_wconf 84' lang='lat' dir='ltr'><strong>magnas</strong></span> <span class='ocrx_word' id='word_1_290' title='bbox 1219 2037 1393 2078; x_wconf 62' lang='lat' dir='ltr'><strong>daturos,</strong></span> <span class='ocrx_word' id='word_1_291' title='bbox 1408 2038 1444 2075; x_wconf 88' lang='lat' dir='ltr'><strong>si.</strong></span> <span class='ocrx_word' id='word_1_292' title='bbox 1459 2038 1573 2074; x_wconf 88' lang='lat' dir='ltr'><strong>mori-</strong></span> 
     </span>
     <span class='ocr_line' id='line_1_33' title="bbox 117 2099 1574 2149; baseline -0.003 -10"><span class='ocrx_word' id='word_1_293' title='bbox 117 2108 230 2139; x_wconf 81' lang='lat' dir='ltr'><strong>antur</strong></span> <span class='ocrx_word' id='word_1_294' title='bbox 251 2114 274 2139; x_wconf 91' lang='lat' dir='ltr'><strong>a</strong></span> <span class='ocrx_word' id='word_1_295' title='bbox 292 2101 400 2138; x_wconf 89' lang='lat' dir='ltr'><strong>vobis</strong></span> <span class='ocrx_word' id='word_1_296' title='bbox 427 2100 557 2138; x_wconf 82' lang='lat' dir='ltr'><strong>auditi.</strong></span> <span class='ocrx_word' id='word_1_297' title='bbox 616 2100 768 2149; x_wconf 87' lang='lat' dir='ltr'><strong>Indigni</strong></span> <span class='ocrx_word' id='word_1_298' title='bbox 788 2107 879 2137; x_wconf 91' lang='lat' dir='ltr'><strong>sunt</strong></span> <span class='ocrx_word' id='word_1_299' title='bbox 896 2099 1041 2137; x_wconf 89' lang='lat' dir='ltr'><strong>honore</strong></span> <span class='ocrx_word' id='word_1_300' title='bbox 1060 2106 1195 2136; x_wconf 78' lang='lat' dir='ltr'><strong>vestrae</strong></span> <span class='ocrx_word' id='word_1_301' title='bbox 1215 2099 1432 2144; x_wconf 86' lang='lat' dir='ltr'><strong>audientiae,</strong></span> <span class='ocrx_word' id='word_1_302' title='bbox 1452 2099 1574 2136; x_wconf 84' lang='lat' dir='ltr'><strong>mani-</strong></span> 
     </span>
     <span class='ocr_line' id='line_1_34' title="bbox 116 2158 1582 2212; baseline -0.005 -12"><span class='ocrx_word' id='word_1_303' title='bbox 116 2162 205 2200; x_wconf 89' lang='lat' dir='ltr'><strong>festi</strong></span> <span class='ocrx_word' id='word_1_304' title='bbox 224 2161 289 2212; x_wconf 90' lang='lat' dir='ltr'><strong>qui</strong></span> <span class='ocrx_word' id='word_1_305' title='bbox 310 2162 387 2199; x_wconf 90' lang='lat' dir='ltr'><strong>sint</strong></span> <span class='ocrx_word' id='word_1_306' title='bbox 407 2161 548 2205; x_wconf 85' lang='lat' dir='ltr'><strong>inimici</strong></span> <span class='ocrx_word' id='word_1_307' title='bbox 567 2161 680 2198; x_wconf 85' lang='lat' dir='ltr'><strong>vestri</strong></span> <span class='ocrx_word' id='word_1_308' title='bbox 702 2168 817 2210; x_wconf 82' lang='lat' dir='ltr'><strong>atque</strong></span> <span class='ocrx_word' id='word_1_309' title='bbox 845 2160 935 2210; x_wconf 84' lang='lat' dir='ltr'><strong>reip.</strong></span> <span class='ocrx_word' id='word_1_310' title='bbox 994 2159 1097 2202; x_wconf 87' lang='lat' dir='ltr'><strong>Quid</strong></span> <span class='ocrx_word' id='word_1_311' title='bbox 1118 2158 1244 2198; x_wconf 72' lang='lat' dir='ltr'><strong>enim?</strong></span> <span class='ocrx_word' id='word_1_312' title='bbox 1292 2159 1443 2197; x_wconf 82' lang='lat' dir='ltr'><strong>[nimici</strong></span> <span class='ocrx_word' id='word_1_313' title='bbox 1460 2160 1582 2196; x_wconf 22' lang='lat' dir='ltr'><strong>vestr-i.</strong></span> 
     </span>
     <span class='ocr_line' id='line_1_35' title="bbox 118 2220 1581 2273; baseline -0.002 -12"><span class='ocrx_word' id='word_1_314' title='bbox 118 2236 196 2270; x_wconf 86' lang='lat' dir='ltr'><strong>non</strong></span> <span class='ocrx_word' id='word_1_315' title='bbox 215 2224 304 2268; x_wconf 87' lang='lat' dir='ltr'><strong>sint,</strong></span> <span class='ocrx_word' id='word_1_316' title='bbox 319 2236 483 2273; x_wconf 79' lang='lat' dir='ltr'><strong>quorum</strong></span> <span class='ocrx_word' id='word_1_317' title='bbox 502 2222 643 2266; x_wconf 87' lang='lat' dir='ltr'><strong>studia,</strong></span> <span class='ocrx_word' id='word_1_318' title='bbox 658 2235 761 2272; x_wconf 87' lang='lat' dir='ltr'><strong>spes,</strong></span> <span class='ocrx_word' id='word_1_319' title='bbox 777 2220 981 2259; x_wconf 85' lang='lat' dir='ltr'><strong>commoda</strong></span> <span class='ocrx_word' id='word_1_320' title='bbox 999 2227 1115 2270; x_wconf 85' lang='lat' dir='ltr'><strong>atque</strong></span> <span class='ocrx_word' id='word_1_321' title='bbox 1133 2221 1365 2258; x_wconf 87' lang='lat' dir='ltr'><strong>detrimenta</strong></span> <span class='ocrx_word' id='word_1_322' title='bbox 1380 2226 1461 2258; x_wconf 82' lang='lat' dir='ltr'><strong>toto</strong></span> <span class='ocrx_word' id='word_1_323' title='bbox 1477 2221 1581 2258; x_wconf 87' lang='lat' dir='ltr'><strong>coelo·</strong></span> 
     </span>
     <span class='ocr_line' id='line_1_36' title="bbox 118 2282 1574 2325; baseline -0.003 -3"><span class='ocrx_word' id='word_1_324' title='bbox 118 2296 142 2322; x_wconf 85' lang='lat' dir='ltr'><strong>a</strong></span> <span class='ocrx_word' id='word_1_325' title='bbox 159 2285 294 2321; x_wconf 84' lang='lat' dir='ltr'><strong>vestris</strong></span> <span class='ocrx_word' id='word_1_326' title='bbox 314 2284 504 2325; x_wconf 87' lang='lat' dir='ltr'><strong>dissident</strong></span> <span class='ocrx_word' id='word_1_327' title='bbox 515 2284 537 2324; x_wconf 65' lang='lat' dir='ltr'>Z</span> <span class='ocrx_word' id='word_1_328' title='bbox 572 2283 674 2320; x_wconf 90' lang='lat' dir='ltr'><strong>Num</strong></span> <span class='ocrx_word' id='word_1_329' title='bbox 695 2282 930 2321; x_wconf 84' lang='lat' dir='ltr'><strong>contendere</strong></span> <span class='ocrx_word' id='word_1_330' title='bbox 949 2282 1159 2324; x_wconf 84' lang='lat' dir='ltr'><strong>audebunt,</strong></span> <span class='ocrx_word' id='word_1_331' title='bbox 1179 2283 1274 2320; x_wconf 90' lang='lat' dir='ltr'><strong>fines</strong></span> <span class='ocrx_word' id='word_1_332' title='bbox 1296 2283 1482 2319; x_wconf 82' lang='lat' dir='ltr'><strong>bonorum</strong></span> <span class='ocrx_word' id='word_1_333' title='bbox 1502 2282 1574 2320; x_wconf 92' lang='lat' dir='ltr'><strong>sibi</strong></span> 
     </span>
     <span class='ocr_line' id='line_1_37' title="bbox 118 2342 1582 2394; baseline -0.001 -12"><span class='ocrx_word' id='word_1_334' title='bbox 118 2345 275 2382; x_wconf 88' lang='lat' dir='ltr'><strong>eosdem</strong></span> <span class='ocrx_word' id='word_1_335' title='bbox 296 2351 414 2394; x_wconf 85' lang='lat' dir='ltr'><strong>atque</strong></span> <span class='ocrx_word' id='word_1_336' title='bbox 433 2344 542 2384; x_wconf 86' lang='lat' dir='ltr'><strong>vobis</strong></span> <span class='ocrx_word' id='word_1_337' title='bbox 564 2345 682 2384; x_wconf 78' lang='lat' dir='ltr'><strong>fuisse</strong></span> <span class='ocrx_word' id='word_1_338' title='bbox 702 2344 947 2394; x_wconf 72' lang='lat' dir='ltr'><strong>propositos?</strong></span> <span class='ocrx_word' id='word_1_339' title='bbox 993 2342 1132 2381; x_wconf 86' lang='lat' dir='ltr'><strong>Videte</strong></span> <span class='ocrx_word' id='word_1_340' title='bbox 1152 2342 1281 2379; x_wconf 88' lang='lat' dir='ltr'><strong>modo.</strong></span> <span class='ocrx_word' id='word_1_341' title='bbox 1339 2343 1391 2379; x_wconf 89' lang='lat' dir='ltr'><strong>Hi</strong></span> <span class='ocrx_word' id='word_1_342' title='bbox 1410 2343 1448 2379; x_wconf 90' lang='lat' dir='ltr'><strong>in</strong></span> <span class='ocrx_word' id='word_1_343' title='bbox 1468 2343 1582 2380; x_wconf 88' lang='lat' dir='ltr'><strong>bellis.</strong></span> 
     </span>
     <span class='ocr_line' id='line_1_38' title="bbox 118 2403 1573 2455; baseline -0.002 -13"><span class='ocrx_word' id='word_1_344' title='bbox 118 2405 294 2443; x_wconf 87' lang='lat' dir='ltr'><strong>civilibus</strong></span> <span class='ocrx_word' id='word_1_345' title='bbox 309 2419 328 2442; x_wconf 91' lang='lat' dir='ltr'><strong>e</strong></span> <span class='ocrx_word' id='word_1_346' title='bbox 344 2405 576 2455; x_wconf 71' lang='lat' dir='ltr'><strong>pauperibus</strong></span> <span class='ocrx_word' id='word_1_347' title='bbox 596 2411 753 2454; x_wconf 85' lang='lat' dir='ltr'><strong>repente</strong></span> <span class='ocrx_word' id='word_1_348' title='bbox 775 2404 914 2442; x_wconf 89' lang='lat' dir='ltr'><strong>divites</strong></span> <span class='ocrx_word' id='word_1_349' title='bbox 931 2418 951 2441; x_wconf 88' lang='lat' dir='ltr'><strong>e</strong></span> <span class='ocrx_word' id='word_1_350' title='bbox 964 2403 1074 2441; x_wconf 85' lang='lat' dir='ltr'><strong>bonis</strong></span> <span class='ocrx_word' id='word_1_351' title='bbox 1094 2403 1227 2440; x_wconf 86' lang='lat' dir='ltr'><strong>vestris</strong></span> <span class='ocrx_word' id='word_1_352' title='bbox 1247 2403 1487 2447; x_wconf 82' lang='lat' dir='ltr'><strong>exstiterunt,</strong></span> <span class='ocrx_word' id='word_1_353' title='bbox 1504 2416 1573 2440; x_wconf 88' lang='lat' dir='ltr'><strong>vos</strong></span> 
     </span>
     <span class='ocr_line' id='line_1_39' title="bbox 120 2463 1572 2515; baseline -0.004 -11"><span class='ocrx_word' id='word_1_354' title='bbox 120 2472 246 2504; x_wconf 85' lang='lat' dir='ltr'><strong>autem</strong></span> <span class='ocrx_word' id='word_1_355' title='bbox 278 2466 417 2503; x_wconf 88' lang='lat' dir='ltr'><strong>horum</strong></span> <span class='ocrx_word' id='word_1_356' title='bbox 450 2465 566 2515; x_wconf 89' lang='lat' dir='ltr'><strong>culpa</strong></span> <span class='ocrx_word' id='word_1_357' title='bbox 595 2472 806 2507; x_wconf 78' lang='lat' dir='ltr'><strong>extremam</strong></span> <span class='ocrx_word' id='word_1_358' title='bbox 837 2464 886 2502; x_wconf 87' lang='lat' dir='ltr'><strong>ad</strong></span> <span class='ocrx_word' id='word_1_359' title='bbox 919 2470 1131 2515; x_wconf 80' lang='lat' dir='ltr'><strong>egestatem</strong></span> <span class='ocrx_word' id='word_1_360' title='bbox 1165 2463 1376 2501; x_wconf 85' lang='lat' dir='ltr'><strong>decidistis.</strong></span> <span class='ocrx_word' id='word_1_361' title='bbox 1448 2463 1572 2511; x_wconf 88' lang='lat' dir='ltr'><strong>Atqui</strong></span> 
     </span>
     <span class='ocr_line' id='line_1_40' title="bbox 119 2524 1571 2577; baseline -0.002 -14"><span class='ocrx_word' id='word_1_362' title='bbox 119 2527 243 2577; x_wconf 82' lang='lat' dir='ltr'><strong>bonos</strong></span> <span class='ocrx_word' id='word_1_363' title='bbox 273 2526 395 2577; x_wconf 84' lang='lat' dir='ltr'><strong>plebis</strong></span> <span class='ocrx_word' id='word_1_364' title='bbox 422 2525 659 2564; x_wconf 84' lang='lat' dir='ltr'><strong>consiliarios</strong></span> <span class='ocrx_word' id='word_1_365' title='bbox 686 2525 789 2564; x_wconf 79' lang='lat' dir='ltr'><strong>hand</strong></span> <span class='ocrx_word' id='word_1_366' title='bbox 820 2525 935 2563; x_wconf 86' lang='lat' dir='ltr'><strong>decet</strong></span> <span class='ocrx_word' id='word_1_367' title='bbox 960 2538 1028 2562; x_wconf 86' lang='lat' dir='ltr'><strong>vos</strong></span> <span class='ocrx_word' id='word_1_368' title='bbox 1055 2524 1340 2563; x_wconf 82' lang='lat' dir='ltr'><strong>calamitatibus</strong></span> <span class='ocrx_word' id='word_1_369' title='bbox 1366 2536 1571 2573; x_wconf 87' lang='lat' dir='ltr'><strong>oppressos</strong></span> 
     </span>
     <span class='ocr_line' id='line_1_41' title="bbox 120 2584 1572 2637; baseline -0.003 -13"><span class='ocrx_word' id='word_1_370' title='bbox 120 2586 302 2637; x_wconf 85' lang='lat' dir='ltr'><strong>expilare,</strong></span> <span class='ocrx_word' id='word_1_371' title='bbox 323 2587 392 2624; x_wconf 90' lang='lat' dir='ltr'><strong>sed</strong></span> <span class='ocrx_word' id='word_1_372' title='bbox 411 2588 512 2627; x_wconf 83' lang='lat' dir='ltr'><strong>bona</strong></span> <span class='ocrx_word' id='word_1_373' title='bbox 532 2600 602 2624; x_wconf 83' lang='lat' dir='ltr'><strong>sua</strong></span> <span class='ocrx_word' id='word_1_374' title='bbox 619 2587 728 2625; x_wconf 90' lang='lat' dir='ltr'><strong>vobis</strong></span> <span class='ocrx_word' id='word_1_375' title='bbox 750 2586 984 2625; x_wconf 87' lang='lat' dir='ltr'><strong>condonare.</strong></span> <span class='ocrx_word' id='word_1_376' title='bbox 1042 2585 1183 2623; x_wconf 91' lang='lat' dir='ltr'><strong>Videte</strong></span> <span class='ocrx_word' id='word_1_377' title='bbox 1202 2585 1300 2622; x_wconf 85' lang='lat' dir='ltr'><strong>enim</strong></span> <span class='ocrx_word' id='word_1_378' title='bbox 1323 2597 1399 2633; x_wconf 90' lang='lat' dir='ltr'><strong>quo</strong></span> <span class='ocrx_word' id='word_1_379' title='bbox 1419 2584 1492 2621; x_wconf 81' lang='lat' dir='ltr'><strong>loci</strong></span> <span class='ocrx_word' id='word_1_380' title='bbox 1512 2596 1572 2621; x_wconf 88' lang='lat' dir='ltr'><strong>res</strong></span> 
     </span>
     <span class='ocr_line' id='line_1_42' title="bbox 121 2645 1575 2698; baseline -0.003 -12"><span class='ocrx_word' id='word_1_381' title='bbox 121 2654 264 2686; x_wconf 85' lang='lat' dir='ltr'><strong>nostrae</strong></span> <span class='ocrx_word' id='word_1_382' title='bbox 290 2648 524 2689; x_wconf 84' lang='lat' dir='ltr'><strong>devenerint.</strong></span> <span class='ocrx_word' id='word_1_383' title='bbox 595 2648 671 2690; x_wconf 77' lang='lat' dir='ltr'><strong>Qui</strong></span> <span class='ocrx_word' id='word_1_384' title='bbox 701 2648 864 2687; x_wconf 78' lang='lat' dir='ltr'><strong>antehac</strong></span> <span class='ocrx_word' id='word_1_385' title='bbox 892 2648 931 2686; x_wconf 88' lang='lat' dir='ltr'><strong>in</strong></span> <span class='ocrx_word' id='word_1_386' title='bbox 958 2660 1054 2698; x_wconf 81' lang='lat' dir='ltr'><strong>pace</strong></span> <span class='ocrx_word' id='word_1_387' title='bbox 1079 2659 1126 2683; x_wconf 87' lang='lat' dir='ltr'><strong>ne</strong></span> <span class='ocrx_word' id='word_1_388' title='bbox 1154 2659 1194 2683; x_wconf 93' lang='lat' dir='ltr'><strong>se</strong></span> <span class='ocrx_word' id='word_1_389' title='bbox 1222 2645 1378 2695; x_wconf 84' lang='lat' dir='ltr'><strong>quidem</strong></span> <span class='ocrx_word' id='word_1_390' title='bbox 1405 2658 1575 2695; x_wconf 84' lang='lat' dir='ltr'><strong>suosque</strong></span> 
     </span>
     <span class='ocr_line' id='line_1_43' title="bbox 121 2706 1575 2758; baseline -0.001 -13"><span class='ocrx_word' id='word_1_391' title='bbox 121 2708 224 2751; x_wconf 79' lang='lat' dir='ltr'><strong>alere</strong></span> <span class='ocrx_word' id='word_1_392' title='bbox 243 2714 436 2758; x_wconf 66' lang='lat' dir='ltr'><strong>poterant,</strong></span> <span class='ocrx_word' id='word_1_393' title='bbox 450 2709 489 2751; x_wconf 83' lang='lat' dir='ltr'><strong>bi</strong></span> <span class='ocrx_word' id='word_1_394' title='bbox 508 2723 610 2748; x_wconf 86' lang='lat' dir='ltr'><strong>nunc</strong></span> <span class='ocrx_word' id='word_1_395' title='bbox 631 2709 939 2749; x_wconf 83' lang='lat' dir='ltr'><strong>contributiones</strong></span> <span class='ocrx_word' id='word_1_396' title='bbox 955 2708 1158 2747; x_wconf 85' lang='lat' dir='ltr'><strong>conferunt</strong></span> <span class='ocrx_word' id='word_1_397' title='bbox 1176 2715 1214 2744; x_wconf 88' lang='lat' dir='ltr'><strong>et</strong></span> <span class='ocrx_word' id='word_1_398' title='bbox 1231 2706 1419 2756; x_wconf 84' lang='lat' dir='ltr'><strong>eboregiis</strong></span> <span class='ocrx_word' id='word_1_399' title='bbox 1439 2706 1575 2744; x_wconf 85' lang='lat' dir='ltr'><strong>defun-</strong></span> 
     </span>
     <span class='ocr_line' id='line_1_44' title="bbox 117 2766 1573 2820; baseline 0 -17"><span class='ocrx_word' id='word_1_400' title='bbox 117 2775 268 2818; x_wconf 85' lang='lat' dir='ltr'><strong>guntur</strong></span> <span class='ocrx_word' id='word_1_401' title='bbox 292 2775 330 2806; x_wconf 90' lang='lat' dir='ltr'><strong>et</strong></span> <span class='ocrx_word' id='word_1_402' title='bbox 355 2769 393 2806; x_wconf 76' lang='lat' dir='ltr'><strong>in</strong></span> <span class='ocrx_word' id='word_1_403' title='bbox 419 2783 458 2807; x_wconf 83' lang='lat' dir='ltr'><strong>re</strong></span> <span class='ocrx_word' id='word_1_404' title='bbox 484 2770 659 2809; x_wconf 82' lang='lat' dir='ltr'><strong>familiari</strong></span> <span class='ocrx_word' id='word_1_405' title='bbox 687 2778 782 2809; x_wconf 86' lang='lat' dir='ltr'><strong>sunt</strong></span> <span class='ocrx_word' id='word_1_406' title='bbox 802 2770 1037 2820; x_wconf 78' lang='lat' dir='ltr'><strong>amplissima</strong></span> <span class='ocrx_word' id='word_1_407' title='bbox 1063 2774 1183 2816; x_wconf 80' lang='lat' dir='ltr'><strong>atque</strong></span> <span class='ocrx_word' id='word_1_408' title='bbox 1210 2766 1444 2809; x_wconf 73' lang='lat' dir='ltr'><strong>lautissima:</strong></span> <span class='ocrx_word' id='word_1_409' title='bbox 1486 2780 1573 2816; x_wconf 83' lang='lat' dir='ltr'><strong>quae</strong></span> 
     </span>
     <span class='ocr_line' id='line_1_45' title="bbox 123 2826 1583 2880; baseline -0.003 -13"><span class='ocrx_word' id='word_1_410' title='bbox 123 2830 259 2867; x_wconf 86' lang='lat' dir='ltr'><strong>eadem</strong></span> <span class='ocrx_word' id='word_1_411' title='bbox 276 2830 480 2880; x_wconf 84' lang='lat' dir='ltr'><strong>agentibus</strong></span> <span class='ocrx_word' id='word_1_412' title='bbox 495 2831 723 2880; x_wconf 88' lang='lat' dir='ltr'><strong>quibusdam</strong></span> <span class='ocrx_word' id='word_1_413' title='bbox 739 2837 922 2874; x_wconf 87' lang='lat' dir='ltr'><strong>vestrum,</strong></span> <span class='ocrx_word' id='word_1_414' title='bbox 940 2828 1091 2866; x_wconf 83' lang='lat' dir='ltr'><strong>tametsi</strong></span> <span class='ocrx_word' id='word_1_415' title='bbox 1108 2841 1127 2864; x_wconf 88' lang='lat' dir='ltr'><strong>e</strong></span> <span class='ocrx_word' id='word_1_416' title='bbox 1138 2826 1378 2878; x_wconf 76' lang='lat' dir='ltr'><strong>‚patrimoniis</strong></span> <span class='ocrx_word' id='word_1_417' title='bbox 1394 2839 1583 2877; x_wconf 80' lang='lat' dir='ltr'><strong>perquam·</strong></span> 
     </span>
     <span class='ocr_line' id='line_1_46' title="bbox 124 2888 1577 2942; baseline -0.002 -15"><span class='ocrx_word' id='word_1_418' title='bbox 124 2890 350 2940; x_wconf 85' lang='lat' dir='ltr'><strong>splendidis,</strong></span> <span class='ocrx_word' id='word_1_419' title='bbox 383 2904 474 2929; x_wconf 86' lang='lat' dir='ltr'><strong>usus</strong></span> <span class='ocrx_word' id='word_1_420' title='bbox 507 2891 638 2929; x_wconf 86' lang='lat' dir='ltr'><strong>docuit</strong></span> <span class='ocrx_word' id='word_1_421' title='bbox 673 2904 787 2942; x_wconf 84' lang='lat' dir='ltr'><strong>qnam</strong></span> <span class='ocrx_word' id='word_1_422' title='bbox 822 2904 924 2940; x_wconf 66' lang='lat' dir='ltr'><strong>soepe</strong></span> <span class='ocrx_word' id='word_1_423' title='bbox 961 2888 1166 2926; x_wconf 83' lang='lat' dir='ltr'><strong>invideritis</strong></span> <span class='ocrx_word' id='word_1_424' title='bbox 1200 2901 1340 2937; x_wconf 83' lang='lat' dir='ltr'><strong>eosque</strong></span> <span class='ocrx_word' id='word_1_425' title='bbox 1372 2888 1577 2925; x_wconf 78' lang='lat' dir='ltr'><strong>acerbitate</strong></span> 
     </span>
    </p>
   </div>
  </div>
 </body>
</html>
