1822 3219
575 112 862 151 ADVERSUS
894 111 1167 149 SIMONEM.
1528 110 1596 146 171

139 229 231 268 pore
250 217 388 262 tenuit,
403 216 484 268 ipse
501 215 571 254 sibi
590 221 793 252 metuens:
823 220 866 251 ut
884 220 1010 251 autem
1031 213 1218 262 comperit
1235 213 1271 249 in
1292 224 1412 249 causa
1431 211 1600 262 quadam

138 279 300 328 privata,
328 291 416 328 quae
447 277 538 314 mihi
557 290 578 314 e
607 276 846 313 fortunarum
877 274 1157 325 permutatione
1193 286 1280 310 cum
1311 272 1387 310 alio
1419 272 1602 322 quopiam

137 341 318 380 facienda
338 347 443 386 esset
463 339 647 383 conflata,
668 351 729 376 me
749 350 827 375 rem
849 337 1001 375 sinistre
1022 336 1199 387 gessisse,
1221 336 1272 372 ita
1293 347 1352 371 me
1372 335 1488 385 coepit
1506 348 1600 372 con-

139 408 324 448 temnere,
352 409 407 447 ut,
433 413 511 449 qua
541 406 600 437 est
632 398 835 449 protervia,
855 398 985 435 nullus
1007 398 1200 435 dubitaret
1220 397 1256 433 in
1277 395 1349 432 hoc
1370 409 1428 432 me
1450 395 1601 433 forense

139 471 333 502 certamen
352 462 554 513 conjicere.
612 460 714 497 Haec
732 460 815 510 ipsa
834 473 989 510 quoque
1006 471 1091 496 vere
1107 471 1129 495 a
1146 471 1205 495 me
1222 456 1414 500 affirmari,
1430 469 1507 506 quo
1524 469 1602 493 cer-

139 525 254 563 tiores
275 525 371 569 sitis‚
393 532 604 569 senatores,
626 530 746 560 testes
775 521 824 558 ad
845 535 913 559 vos
935 521 1126 558 adducam
1160 533 1227 557 eos
1259 518 1322 569 qui
1357 518 1418 555 his
1447 531 1600 568 quoque

139 585 406 624 interfuerunt.

762 643 978 680 TESTES.

191 717 229 753 5.
258 715 355 751 Rem
372 714 454 765 jam
484 720 526 752 ut
558 721 670 764 gesta
699 712 772 750 fuit
803 712 955 757 tenetis,
974 719 1014 750 et
1032 725 1055 749 a
1076 724 1135 749 me
1152 718 1191 749 et
1211 724 1235 749 a
1253 711 1416 748 testibus
1450 709 1602 747 edocti:

134 789 265 814 verum
297 775 457 819 Simoni,
479 782 688 819 senatores,
710 788 733 812 o
759 787 876 824 quam
909 773 1022 812 velim
1056 773 1219 811 eandem
1248 785 1331 811 esse
1363 779 1481 822 atque
1509 771 1602 808 mihi

136 844 304 875 mentem
321 850 331 880 ;
363 837 419 874 sic
439 836 537 874 enim
559 836 670 874 facile
692 837 773 881 fiat,
794 844 837 873 ut
853 848 921 873 vos
943 848 966 873 a
983 835 1093 873 nobis
1113 835 1301 872 ambobus
1322 846 1412 871 vera
1431 833 1535 870 docti
1555 846 1600 870 ex

133 911 247 949 aequo
262 905 301 936 et
312 898 422 950 justo
438 897 670 936 sententiam
690 896 970 949 pronuncietis.
1016 896 1210 939 Quoniam
1225 908 1317 934 vero
1338 893 1470 932 Simon
1485 894 1600 945 juris-

127 959 287 1010 jurandi
305 972 370 997 ore
392 972 462 997 suo
483 959 576 997 dicti
596 959 703 996 nulla
723 959 875 996 ducitur
890 958 1088 1009 religione,
1104 958 1275 996 conabor
1293 956 1378 1007 ejus
1398 955 1603 994 mendacia

134 1021 300 1059 refutare
329 1027 446 1071 atque
473 1034 543 1059 vos
575 1020 732 1058 meliora
759 1020 915 1058 docere.
975 1021 1211 1057 Asseverare
1242 1031 1380 1069 nempe
1409 1018 1516 1055 illum
1547 1017 1601 1055 nil

134 1082 289 1131 puduit,
307 1082 512 1120 drachmas
533 1088 726 1120 trecentas
746 1094 768 1119 a
789 1094 830 1119 se
850 1081 1053 1119 Theodoto
1072 1094 1158 1118 esse
1174 1080 1287 1118 datas
1307 1092 1356 1117 ex
1379 1085 1492 1129 pacto
1512 1092 1601 1116 cum

135 1142 202 1180 illo
222 1143 331 1188 inito,
362 1156 424 1180 me
444 1150 574 1181 autem
593 1143 763 1180 animum
783 1143 892 1193 pueri
913 1142 1092 1192 malignis
1113 1149 1150 1179 et
1168 1141 1362 1179 insidiosis
1383 1141 1602 1191 suggestio-

133 1205 249 1242 nibus
269 1218 294 1243 a
313 1218 355 1243 se
385 1205 639 1243 abalienasse.
698 1205 831 1254 Atqui,
862 1205 893 1241 si
912 1217 1043 1241 verum
1072 1204 1146 1241 hoc
1176 1210 1270 1248 erat,
1291 1203 1497 1253 oportebat
1515 1215 1602 1239 eum

133 1265 332 1304 advocatis
351 1268 514 1304 testibus
534 1265 826 1317 quamplurimis
851 1265 952 1303 hanc
974 1278 1127 1303 causam
1153 1265 1240 1316 jure
1262 1263 1476 1301 secundum
1496 1263 1602 1314 leges

133 1328 307 1378 exsequi.
365 1327 512 1366 Verum
533 1336 656 1380 paret,
677 1340 765 1365 eum
790 1326 928 1367 horum
949 1327 1044 1364 nihil
1064 1326 1217 1369 fecisse,
1237 1333 1373 1363 contra
1392 1338 1482 1363 vero
1502 1324 1602 1375 inju-

131 1387 207 1426 rias
240 1388 332 1426 mihi
363 1401 481 1439 quarn
512 1388 699 1426 maximas
733 1387 920 1426 obtulisse
954 1400 1017 1432 eo,
1050 1387 1157 1438 quod
1195 1387 1328 1425 ambos
1366 1399 1438 1423 nos
1477 1386 1601 1423 modis

130 1449 284 1500 excepit
309 1450 613 1494 contumeliosis,
635 1449 740 1500 quod
759 1449 919 1486 verbera
944 1449 1056 1486 nobis
1087 1448 1263 1498 ingessit,
1284 1446 1389 1497 quod
1419 1447 1601 1484 comissa-

131 1513 288 1551 bundus
307 1514 345 1550 in
373 1525 442 1551 nos
462 1519 660 1564 grassatus
681 1518 753 1556 est,
774 1510 879 1561 quod
910 1509 1008 1548 fores
1029 1523 1125 1547 meae
1154 1509 1292 1547 domus
1312 1507 1476 1558 effregit,
1497 1507 1602 1557 quod

132 1580 250 1612 noctu
284 1575 324 1612 in
353 1574 460 1612 aedes
492 1574 694 1612 mulierum
724 1573 982 1622 ingenuarum
1016 1572 1163 1622 irrupit.
1235 1569 1333 1613 Quae
1370 1568 1498 1606 omnia
1532 1581 1599 1606 vos

131 1642 294 1686 oportet,
314 1643 527 1680 senatores,
549 1647 617 1686 pro
645 1633 760 1672 certis
781 1633 925 1671 habere
944 1632 1181 1683 argumentis
1209 1644 1295 1668 eum
1319 1630 1392 1667 hoc
1412 1642 1539 1680 agere,
1559 1637 1603 1667 ut

131 1697 344 1735 mendaciis
369 1710 438 1735 vos
468 1696 758 1735 circumveniat.
823 1694 961 1732 Totam
989 1707 1099 1732 suam
1126 1691 1384 1731 substantiam
1414 1691 1497 1742 ipse
1529 1699 1602 1729 tre-

131 1756 255 1794 centis
283 1756 476 1795 drachmis
506 1756 726 1806 aestimavit,
746 1755 845 1794 tanti
875 1755 925 1793 ad
955 1768 1136 1794 censores
1156 1754 1379 1805 professus;
1409 1760 1599 1802 ecquotus

125 1818 208 1869 jam
227 1819 298 1856 erit
316 1819 382 1869 qui
410 1832 490 1857 non
509 1820 678 1864 miretur,
709 1831 799 1856 eum
820 1817 955 1868 pluris,
974 1830 1090 1868 quarn
1111 1815 1298 1854 universis
1326 1815 1364 1853 in
1385 1814 1496 1852 bonis
1515 1815 1598 1865 ipse

129 1881 284 1927 habeat,
310 1894 473 1932 puerum
503 1880 739 1919 conduxisse
769 1879 937 1917 sodalitii
967 1887 1006 1917 et
1025 1879 1164 1917 amoris
1195 1890 1301 1928 ergo.
1357 1876 1501 1914 Verum
1522 1889 1598 1912 non

129 1941 248 1980 habet
277 1942 370 1980 satis
390 1942 465 1980 hoc
485 1941 738 1986 comminisci,
766 1941 814 1978 de
835 1940 927 1978 dato
947 1946 1133 1992 argento;
1164 1951 1210 1977 eo
1238 1951 1392 1989 quoque
1422 1937 1600 1987 procedit

132 2002 318 2047 audaciae,
339 2010 383 2040 ut
401 2003 442 2041 id
463 2010 666 2054 argentum
687 2015 728 2040 se
749 2001 826 2039 aiat
846 2014 869 2039 a
890 2015 948 2039 me
969 2013 1243 2052 recuperasse:
1275 2000 1394 2050 atqui,
1419 1998 1484 2049 qui
1505 2012 1597 2036 con-

131 2070 356 2102 sentaneum
379 2071 454 2110 est,
480 2071 563 2102 tum
584 2064 741 2115 quidem
761 2076 833 2101 nos
853 2070 1004 2101 tantum
1032 2063 1183 2100 facinus
1203 2062 1441 2100 commisisse
1462 2061 1597 2111 quanti

128 2137 199 2163 nos
215 2126 348 2164 Simon
361 2127 573 2173 insimulat,
590 2133 633 2164 ut
645 2126 829 2164 trecentis
845 2138 932 2163 eum
948 2124 1140 2163 drachmis
1154 2123 1331 2162 fraudare
1347 2135 1594 2165 conaremur;

128 2199 233 2224 nunc
253 2195 396 2232 autem,
424 2201 558 2240 pugna
578 2188 818 2239 depugnata,
844 2187 1003 2225 tandem
1032 2186 1233 2237 pecuniam
1253 2184 1429 2230 reddere,
1450 2198 1528 2221 non
1550 2198 1596 2222 ea

129 2262 220 2286 usos
240 2251 432 2296 cautione,
462 2258 505 2290 ut
525 2252 722 2290 Simonem
750 2250 1010 2302 syngrapham
1030 2262 1290 2300 posceremus,
1319 2261 1397 2299 qua
1416 2248 1447 2286 is
1476 2254 1594 2286 testa-

129 2320 234 2350 retur
252 2313 322 2351 sibi
342 2327 364 2352 a
377 2315 487 2352 nobis
507 2328 595 2353 esse
611 2315 854 2353 satisfactum
871 2325 1100 2363 omnemque
1115 2325 1155 2350 se
1170 2312 1270 2349 inter
1283 2320 1322 2349 et
1335 2324 1406 2348 nos
1418 2311 1593 2348 obortam

130 2375 365 2413 simultatem
394 2384 433 2413 et
455 2377 731 2427 querimoniam
753 2375 959 2420 sublatam,
986 2374 1171 2424 nullaque
1200 2379 1358 2411 coactos
1383 2372 1593 2410 reddendae

126 2437 304 2486 pecuniae
328 2437 574 2475 necessitate.
632 2436 777 2474 Verum
809 2436 1017 2479 enimvero,
1051 2442 1263 2480 senatores,
1292 2434 1470 2472 versutiae
1502 2440 1593 2469 sunt

129 2496 191 2533 hae
218 2510 354 2535 omnes
387 2497 554 2536 Simonis
582 2506 699 2548 atque
731 2498 969 2548 imposturae,
999 2496 1139 2533 callide
1168 2497 1216 2534 ab
1243 2497 1328 2546 ipso
1362 2494 1592 2543 excogitatae

133 2564 247 2607 atque
274 2566 534 2597 constructae:
566 2559 720 2597 dedisse
749 2559 802 2597 ait
831 2558 1051 2609 pecuniam,
1085 2571 1160 2608 quo
1197 2556 1357 2594 infanda
1390 2554 1515 2591 facere
1544 2567 1593 2591 ne

132 2616 335 2667 videretur,
355 2621 398 2667 si,
414 2634 503 2659 cum
520 2621 670 2658 nullum
686 2620 955 2658 intervenisset
969 2621 1055 2657 aeris
1072 2627 1206 2657 mutuo
1222 2617 1359 2656 crediti
1376 2616 1591 2666 negotium,

132 2685 259 2716 tamen
289 2680 327 2717 in
355 2695 516 2732 puerum
545 2682 666 2721 modis
697 2683 863 2733 grassari
884 2689 962 2719 tarn
991 2681 1160 2731 indignis
1187 2679 1372 2721 auderet;
1401 2685 1440 2715 et
1460 2691 1590 2715 rursus

132 2748 392 2790 recuperatam
408 2743 562 2781 simulat
579 2743 800 2794 pecuniam,
821 2744 912 2794 quia
931 2743 1031 2780 inter
1052 2753 1186 2779 omnes
1207 2746 1374 2784 constat,
1390 2752 1591 2789 nunquam

131 2812 191 2837 me
211 2802 259 2838 ab
277 2802 362 2852 ipso
379 2804 553 2853 pecuniae
575 2804 693 2842 fuisse
713 2805 950 2855 postulatum
982 2815 1107 2853 neque
1129 2802 1250 2853 ipsum
1272 2807 1442 2852 unquam
1461 2801 1548 2838 aeris
1569 2813 1593 2839 a

135 2874 196 2900 me
216 2863 287 2900 sibi
307 2864 425 2902 debiti
442 2866 674 2905 mentionem
695 2867 847 2905 fecisse.

183 2924 223 2962 6.
250 2925 369 2964 Porro
397 2927 566 2977 queritur
592 2927 654 2966 ille
679 2929 849 2979 quidem,
881 2941 922 2966 se
950 2926 1171 2965 verberibus
1200 2933 1288 2964 ante
1316 2925 1419 2964 fores
1448 2923 1589 2963 aedium
