1822 3219
666 133 734 170 DE
765 130 1066 170 MYSTERIIS.
1515 130 1586 167 103

149 235 288 273 finibus
317 235 534 286 imposuisti
564 235 719 286 tuismet
747 234 936 276 manibus,
973 233 1074 270 unde
1106 244 1312 271 excurrens
1337 244 1471 283 agrum
1503 232 1586 283 ejus

149 296 412 347 pervastares?
467 297 550 346 Ego
569 309 668 346 nego
696 308 756 332 me
775 294 925 332 fecisse.
981 294 1034 331 At
1061 306 1195 344 agrum
1229 301 1356 331 tamen
1376 294 1586 345 depopula-

149 364 210 396 tus
228 371 283 404 es,
304 365 340 396 et
366 358 404 395 in
435 359 534 396 cives
561 365 646 394 tuos
666 356 864 394 latrocinia
883 356 1088 394 exercuisti
1106 355 1184 393 sive
1208 355 1248 392 in
1268 356 1486 393 continente
1507 355 1586 394 sive

147 431 216 470 per
237 419 372 457 mare?
401 419 576 457 Profecto
591 431 666 455 non
687 418 772 455 feci.
827 418 935 454 Tune
955 418 992 454 in
1012 416 1142 468 praello
1164 416 1342 467 quopiam
1371 416 1496 454 navali
1525 417 1591 454 ad-

149 493 282 518 versus
304 481 461 531 patriam
475 492 552 517 non
570 478 755 516 dimicasti
771 478 786 514 ?
815 491 937 528 neque
951 491 1105 529 operam
1131 478 1278 516 navasti
1299 477 1438 514 moenia
1455 479 1589 528 patriae

149 539 469 579 demolientibus?
498 552 621 589 neque
640 538 856 590 adjutorem
875 546 914 576 te
934 539 1143 589 praestitisti
1165 546 1306 576 statum
1324 537 1473 576 civilem
1487 551 1590 576 ever-

150 601 350 640 tentibus?
377 613 453 638 non
487 599 616 638 redisti
652 600 690 637 in
720 602 851 638 urbem
885 613 950 651 per
980 599 1083 637 vim?
1128 598 1275 637 Horum
1302 599 1394 637 nihil
1411 598 1588 651 patravi?

149 662 280 700 Nihil?
301 662 431 713 jamne
454 668 583 699 tamen
613 668 656 699 tu
680 674 810 712 speras
837 668 874 699 te
903 660 991 699 hinc
1009 674 1030 698 e
1050 669 1262 712 conspectu
1282 668 1415 699 nostro
1438 660 1584 699 salvum

146 721 366 761 abiturum?
394 735 471 760 non
489 723 614 773 capite
633 730 700 760 tuo
721 723 900 760 daturum
918 735 1052 773 poenas
1073 722 1231 774 perinde
1250 729 1366 773 atque
1396 722 1458 760 alii
1481 723 1589 761 multi

148 783 227 821 suis
248 782 466 821 dederunt?
522 783 817 829 Exisfimafisne,
849 783 932 830 viri,
958 783 1032 821 alia
1062 797 1124 822 me
1159 785 1338 835 quapiam
1367 784 1592 822 secundiore

146 850 262 890 sorte,
282 856 358 882 non
378 844 465 890 hac,
485 857 644 882 usurum
657 845 788 890 fuisse,
808 845 839 882 si
860 857 933 895 ego
953 851 1034 882 tum
1053 846 1100 882 ab
1116 844 1189 882 illis
1210 845 1365 896 triginta
1384 845 1473 883 viris
1485 858 1590 884 com-

145 904 358 954 prehensus
372 904 557 942 fuissem?
613 905 847 943 Evenissent
882 905 1015 957 utique
1044 905 1136 943 mihi
1168 906 1266 952 haec,
1299 920 1387 958 quae
1419 906 1519 954 dico,
1552 914 1590 945 et

147 965 262 1003 vestri
280 965 434 1016 quidem
452 979 582 1005 causa.
621 967 710 1005 Jam
730 967 795 1018 qui
816 980 929 1019 grave
949 974 988 1004 et
1006 968 1186 1005 acerbum
1200 980 1276 1005 non
1294 968 1355 1014 sit,
1369 968 1510 1006 avobis
1530 981 1591 1006 me

145 1040 251 1065 nunc
264 1027 493 1078 judicatum,
515 1041 613 1078 quos
639 1028 745 1066 nulla
773 1041 941 1079 unquam
972 1029 1109 1077 injuria
1135 1029 1313 1074 laeserim,
1335 1042 1411 1068 non
1430 1029 1590 1077 absolvi,

145 1088 224 1138 qui,
239 1088 269 1126 si
281 1089 432 1126 illorum
444 1089 482 1126 in
491 1089 637 1140 judicio
650 1097 751 1128 stare
762 1090 993 1137 debuissem,
1002 1091 1159 1141 triginta
1172 1091 1336 1130 virorum
1348 1098 1454 1143 puta,
1470 1099 1590 1130 morte

147 1148 350 1188 damnatus
367 1150 537 1197 fuissem,
552 1150 669 1202 idque
686 1150 761 1189 alia
774 1151 878 1188 nulla
897 1151 945 1189 de
961 1164 1079 1189 causa
1093 1165 1209 1202 quam
1230 1152 1335 1202 quod
1354 1153 1392 1189 in
1410 1165 1478 1190 vos
1498 1153 1592 1191 nihil

146 1210 423 1261 deliquissem?
479 1211 563 1261 Ego
582 1225 671 1250 vero
697 1218 802 1250 certo
831 1213 970 1250 certius
990 1225 1012 1250 a
1031 1213 1139 1251 vobis
1158 1213 1343 1258 absolvar,
1365 1220 1432 1251 aut
1461 1215 1492 1252 si
1518 1227 1592 1265 ego

148 1272 270 1317 minus
290 1272 479 1316 absolvar,
493 1273 616 1311 multo
637 1273 751 1311 etiam
769 1273 894 1311 minus
916 1273 1013 1311 alius
1034 1273 1225 1325 quispiam
1240 1274 1473 1312 absolvetur.
1514 1276 1591 1314 Ve-

147 1345 245 1378 rum,
261 1346 284 1370 o
296 1333 376 1379 viri,
390 1333 582 1371 actionem
596 1334 634 1372 hi
649 1334 806 1385 quidem
822 1335 858 1371 in
871 1347 932 1372 me
946 1334 1191 1373 instituerunt
1201 1335 1312 1374 titulo
1325 1335 1517 1383 ἐνδείξεως,
1531 1351 1593 1376 se-

144 1394 315 1432 cundum
334 1395 463 1446 legem
484 1395 611 1434 adhuc
630 1395 668 1433 in
685 1409 764 1447 rep.
782 1395 1028 1442 obtinentem,
1048 1396 1329 1435 accusationem
1358 1405 1487 1436 autem
1506 1399 1592 1437 fun-

144 1455 288 1493 darunt
303 1468 417 1507 super
433 1457 588 1508 antiquo
607 1457 864 1508 psephismate
880 1456 984 1507 quod
997 1456 1079 1508 jam
1098 1456 1246 1495 dudum
1265 1464 1353 1496 ante
1374 1471 1435 1496 me
1453 1459 1490 1496 in
1509 1459 1592 1498 aliis

145 1517 388 1568 antiquatum
406 1517 490 1556 fuit.
547 1517 697 1561 Quodsi
717 1531 808 1568 ergo
829 1525 962 1556 contra
988 1531 1048 1556 me
1074 1518 1174 1556 detis
1194 1519 1434 1564 sententiam,
1454 1520 1592 1567 videte,

146 1590 193 1616 ne
208 1579 467 1624 committatis,
485 1585 530 1616 ut
547 1592 623 1616 non
643 1578 734 1616 mihi
754 1578 821 1616 uni
841 1579 1010 1616 omnium
1037 1587 1250 1617 vestrorum
1268 1580 1407 1618 civium
1427 1582 1592 1621 maxime

145 1639 276 1678 danda
306 1640 353 1677 sit
377 1654 507 1679 eorum
538 1653 624 1690 quae
656 1639 803 1678 dudum
828 1647 1037 1678 evenerunt
1069 1641 1180 1686 ratio,
1216 1641 1284 1680 sed
1321 1642 1441 1680 multo
1475 1643 1590 1681 etiam

147 1701 268 1751 magis
289 1702 417 1739 multis
435 1702 531 1747 aliis,
547 1714 709 1751 quorum
725 1701 787 1738 alii
806 1713 893 1738 cum
913 1701 1045 1739 hostes
1061 1700 1150 1739 facti
1169 1702 1275 1739 vobis
1291 1701 1456 1741 fuissent
1470 1706 1591 1755 aperti

146 1769 186 1798 et
203 1762 362 1800 adversa
382 1762 460 1800 acie
477 1763 676 1800 vobiscum
694 1762 892 1810 congressi
912 1762 1173 1807 dimicassent,
1195 1763 1439 1813 postmodum
1461 1771 1590 1803 tamen

146 1823 326 1860 cumillis
354 1823 391 1861 in
420 1823 579 1874 gratiam
608 1823 759 1861 redistis
790 1824 972 1874 legesque
1003 1824 1258 1862 reconciliatae
1282 1826 1414 1875 gratiae
1444 1835 1589 1865 mutuae

141 1884 392 1934 jurejurando
411 1892 544 1922 mutuo
564 1884 743 1922 sanxistis
761 1897 770 1920 τ
798 1898 959 1935 quarum
987 1898 1113 1923 rerum
1133 1898 1249 1924 causa
1262 1899 1331 1924 vos
1353 1900 1522 1939 quoque,
1543 1903 1590 1928 ne

148 1958 224 1995 qua
242 1952 460 1996 superesset
486 1945 738 1983 offensionum
767 1946 960 1991 memoria,
992 1946 1088 1997 pilas
1120 1946 1217 1991 illas,
1250 1947 1389 1997 quibus
1419 1948 1482 1986 isti
1512 1950 1589 1988 sive

147 2006 278 2044 hostes
297 2007 429 2057 patriae
449 2006 631 2044 declarati
650 2007 812 2045 fuissent
831 2007 909 2045 sive
938 2007 1071 2045 exsilio
1091 2008 1264 2046 mulctati
1284 2010 1363 2046 sive
1383 2009 1525 2049 honore
1554 2018 1592 2049 et

141 2067 228 2116 jure
248 2067 346 2105 civili
368 2068 486 2113 exuti,
510 2067 731 2113 sustulistis,
751 2068 947 2119 legesque,
965 2081 1033 2119 per
1051 2081 1147 2119 quas
1168 2069 1244 2106 illae
1263 2082 1389 2120 poenae
1409 2071 1483 2108 illis
1499 2072 1591 2110 irro-

148 2134 248 2178 gatae
261 2128 436 2174 fuissent,
458 2129 685 2180 abrogastis,
716 2136 754 2167 et
786 2129 984 2180 plebiscita
1010 2129 1264 2181 expunxistis.
1321 2132 1470 2174 Quodsi
1499 2146 1591 2184 ergo

147 2188 186 2226 hi
215 2202 317 2226 nunc
347 2188 563 2240 intelligent
597 2203 664 2228 vos
702 2191 902 2228 admittere
934 2191 1201 2230 accusationes
1229 2205 1345 2244 super
1373 2193 1592 2234 criminibus

148 2250 292 2300 pridem
310 2251 534 2296 commissis,
555 2265 669 2302 quem
687 2251 829 2303 putatis
850 2252 922 2289 illis
943 2253 1125 2300 animum,
1145 2266 1263 2304 quam
1284 2254 1331 2292 de
1351 2262 1471 2293 semet
1497 2255 1589 2306 ipsis

147 2324 253 2361 spem
274 2318 387 2362 atque
401 2312 584 2350 fiduciam
603 2313 714 2351 fore?
743 2320 809 2352 aut
823 2326 1030 2364 quemnam
1044 2327 1174 2352 eorum
1190 2316 1352 2354 censetis
1372 2317 1421 2354 ob
1440 2324 1592 2357 vetusta

147 2373 213 2411 illa
228 2373 330 2411 facta
354 2386 536 2411 ausurum
555 2374 594 2411 in
612 2375 822 2414 certamina
841 2375 1006 2413 forensia
1024 2375 1293 2415 descendere?
1341 2378 1456 2415 Multi
1487 2380 1589 2416 enim

147 2442 241 2479 tum,
270 2448 330 2471 nae
362 2448 546 2485 perquam
572 2435 681 2473 multi
714 2436 790 2474 sint
825 2437 862 2473 in
893 2437 996 2486 ipsos
1018 2438 1184 2474 coorturi
1202 2438 1341 2476 inimici
1361 2445 1476 2489 atque
1497 2453 1589 2490 qua·

146 2496 400 2547 druplatores,
422 2497 486 2547 qui
505 2509 636 2534 eorum
652 2510 964 2548 unumquemque
984 2499 1023 2535 in
1043 2507 1235 2537 certamen
1265 2500 1340 2539 sint
1369 2501 1590 2551 conjecturi.

149 2558 201 2594 Hi
214 2561 294 2605 jam
314 2571 423 2596 nunc
438 2559 549 2596 ambo
570 2557 646 2596 huc
666 2558 740 2596 hoc
770 2559 819 2597 ad
843 2559 1030 2610 judicium
1060 2568 1334 2607 convenerunt,
1354 2574 1483 2599 verum
1512 2575 1591 2601 non

148 2619 306 2656 eandem
320 2620 432 2657 ambo
452 2626 620 2657 mentem
635 2619 854 2659 afferentes:
887 2635 975 2659 nam
994 2622 1099 2660 alteri
1119 2622 1271 2673 quidem
1292 2636 1359 2673 per
1376 2622 1448 2660 hoc
1468 2623 1515 2662 de
1528 2638 1589 2662 me

150 2677 366 2717 habendum
397 2680 582 2731 judicium
610 2681 787 2720 certiores
817 2683 896 2720 fieri
930 2683 1103 2734 cupiunt,
1143 2697 1234 2721 num
1260 2684 1410 2733 legibus
1442 2685 1480 2722 in
1508 2698 1588 2738 rep.

149 2740 407 2778 obtinentibus
436 2742 629 2780 confidere
659 2743 825 2781 debeant
855 2744 1103 2795 religionique
1133 2744 1382 2795 jurisjurandi
1415 2757 1493 2796 quo
1520 2760 1589 2786 vos

150 2808 279 2837 mutuo
299 2801 519 2851 obligastis;
550 2804 655 2842 alteri
688 2813 813 2842 autem
841 2805 1055 2856 periculum
1083 2805 1206 2842 facere
1226 2805 1359 2843 volunt
1375 2813 1587 2845 vestrorum

150 2862 374 2907 animorum,
403 2876 493 2901 num
513 2865 664 2904 veniam
692 2865 762 2905 sibi
782 2866 863 2904 sitis
891 2867 1017 2905 daturi
1035 2865 1305 2905 calumniando
1324 2873 1362 2905 et
1381 2867 1589 2908 deferendo
