1911 3248
276 193 326 229 22
799 193 1184 231 ANTIPHONTIS

276 301 347 339 sta,
368 293 542 332 incidens
577 295 614 331 in
641 307 802 346 corpora
822 296 1099 337 contruc³data,
1122 294 1247 332 adhuc
1276 293 1519 344 palpitantia,
1540 294 1576 331 in
1598 293 1720 332 homi-

278 353 382 391 cidas
403 354 609 404 inquireret
627 369 748 406 eoque
768 357 847 407 ipse
865 369 972 394 suam
992 357 1108 394 vitam
1127 356 1164 392 in
1187 355 1390 392 discrimen
1417 354 1547 399 daret;
1574 354 1722 392 videtur

278 414 470 452 enimvero
493 415 555 452 ille
571 415 691 454 multo
713 417 825 454 citius
846 424 946 454 retro
966 417 1103 467 pedem
1124 415 1301 453 retulisse
1321 415 1512 464 citamque
1533 416 1570 452 in
1592 415 1721 464 fugam

278 486 318 510 se
341 474 563 525 conjecisse.
621 476 735 519 Quod
769 477 798 514 si
833 490 925 527 ergo
958 477 1124 514 latrones
1156 477 1192 513 in
1228 476 1300 513 hoc
1337 488 1491 525 quoque
1523 482 1722 526 perempto

275 535 408 573 eadem
429 536 618 581 fecerunt,
637 550 723 587 quae
742 537 961 588 hujusmodi
982 537 1153 574 homines
1174 538 1210 573 in
1241 535 1351 573 simili
1375 535 1458 573 loco
1491 542 1606 584 atque
1625 542 1722 572 tem-

275 607 366 644 pore
380 596 505 634 facere
520 609 587 646 par
605 603 676 641 est,
705 597 814 634 locus
834 598 965 647 utique
994 603 1053 634 est
1081 597 1302 647 suspicioni,
1326 602 1563 645 grassatores
1593 594 1723 632 nescio

275 668 373 706 quos
392 658 554 694 vestium
586 669 706 695 causa
732 659 845 696 etiarn
874 658 910 695 in
938 658 1005 695 lios
1036 657 1218 694 insultum
1239 657 1403 699 fecisse3
1434 656 1569 707 injuria
1594 655 1723 706 itaque

275 715 402 761 fuerit,
424 730 489 755 eos
509 731 531 755 a
550 718 765 768 suspicione
793 719 904 770 hujus
935 718 1054 756 caedis
1086 718 1294 755 absolvere.
1353 716 1456 753 Num
1488 724 1615 754 autem
1645 727 1721 754 una

277 789 365 814 cum
385 778 493 816 caede
521 779 569 816 ab
603 779 662 816 his
692 779 904 818 latronibus
931 786 1095 829 patrata,
1115 779 1189 816 alia
1217 791 1372 828 quoque
1398 777 1535 815 similia
1553 777 1724 814 facinora

276 837 434 876 aliorum
464 846 720 889 grassatorum
740 853 832 878 voce
862 840 1049 891 praeconis
1076 839 1244 877 indicata
1264 839 1416 884 fuerint,
1450 851 1521 876 nec
1556 850 1618 882 ne,
1639 839 1723 888 quis

276 897 409 934 novit?
465 898 589 936 Nemo
605 899 705 937 enirn
726 901 822 937 tanti
842 900 932 938 fecit
950 900 986 937 id
1005 912 1190 949 quaerere.
1247 899 1464 936 Obscurum
1481 905 1609 936 autem
1635 911 1722 935 curn

277 957 327 994 sit
344 947 592 1007 praeconium',
613 972 660 997 ue
688 960 735 997 ab
768 960 826 997 his
857 959 1013 1010 quidem
1041 958 1321 1010 grassatoribus
1348 965 1584 1009 peremptum
1605 957 1724 995 fuisse

277 1024 452 1056 nostrum
496 1019 689 1058 hominem
730 1020 949 1067 incredibile
997 1027 1071 1058 est.
1140 1020 1291 1058 Famuli
1336 1027 1463 1057 autem
1508 1019 1725 1066 testimonio

276 1078 385 1128 ecqui
414 1085 591 1129 oporteat
618 1080 802 1131 majorem
837 1080 1104 1119 auctoritatem
1134 1081 1326 1131 fidemque
1354 1080 1572 1123 attribuere,
1606 1092 1721 1129 quarn

276 1139 493 1177 testimonio
511 1140 793 1190 ingenuorum?
821 1141 967 1178 famulo
988 1141 1116 1191 utique
1146 1145 1263 1188 major
1293 1148 1376 1178 erat
1399 1141 1602 1191 impunitas
1622 1152 1726 1177 men-

277 1199 408 1243 tiendi,
431 1213 543 1250 quam
563 1201 636 1238 his.
694 1201 871 1252 Ingenui,
891 1201 920 1238 si
943 1214 1019 1252 qua
1039 1201 1087 1240 de
1106 1215 1146 1239 re
1166 1202 1202 1238 in
1219 1201 1365 1252 judicio
1383 1201 1510 1239 testati
1532 1200 1616 1238 falsi
1633 1199 1725 1238 dicti

277 1260 483 1297 testimonii
503 1260 668 1298 convicti
701 1261 790 1307 sint,
820 1261 979 1299 infamia
1010 1269 1191 1299 notantur
1213 1269 1251 1299 et
1270 1262 1439 1311 pecuniis
1460 1261 1720 1299 mulctantur:
1762 1276 1763 1279 ¹

278 1321 446 1358 famulus
466 1328 593 1360 autem
613 1322 673 1359 hic
702 1322 810 1360 nullo
830 1323 991 1360 tolerato
1011 1323 1199 1367 examine,
1225 1322 1340 1359 nullis
1367 1322 1529 1360 admotis
1547 1321 1725 1366 fidiculis,

278 1381 500 1442 exspiravit.
556 1382 723 1420 Ubinam
746 1396 838 1433 ergo
858 1396 959 1420 nunc
980 1383 1088 1420 dabit
1106 1382 1266 1432 poenas?
1318 1382 1550 1420 Scrutinium
1571 1381 1722 1432 ecquod

281 1441 454 1479 subibit?
510 1442 574 1479 Nil
604 1443 730 1492 itaque
761 1444 897 1481 mirum
918 1450 988 1488 est,
1020 1443 1051 1481 si
1079 1443 1208 1488 homo,
1229 1442 1457 1479 cuinullum
1489 1443 1723 1494 propositum

281 1510 384 1540 esset
402 1516 421 1540 e
442 1503 642 1541 mendacio
660 1503 889 1553 periculum,
910 1504 1099 1554 impulsus
1119 1504 1167 1541 ab
1185 1503 1346 1541 inimicis
1372 1504 1479 1547 meis,
1504 1516 1662 1553 quorum
1686 1503 1723 1540 in

278 1570 471 1613 potestate
492 1571 608 1610 esset,
627 1563 724 1601 falso
740 1577 801 1601 me
817 1565 1011 1602 indicavit.
1070 1564 1219 1602 Famuli
1240 1577 1333 1614 ergo
1355 1564 1612 1602 testimonium
1631 1563 1721 1601 mihi

278 1623 492 1670 adversum,
511 1624 588 1662 fide
609 1625 710 1662 omni
731 1638 816 1662 cum
843 1625 891 1662 sit
917 1625 1131 1675 indignum,
1149 1625 1298 1662 facinus
1320 1624 1449 1674 utique
1474 1624 1638 1662 feceritis
1657 1624 1724 1661 im-

278 1684 383 1733 pium
405 1692 442 1722 et
461 1684 686 1730 nefandum,
708 1685 739 1722 si
759 1698 818 1722 me
838 1692 992 1736 propter
1010 1686 1091 1736 ejus
1119 1686 1398 1730 auctoritatem,
1418 1698 1503 1735 quae
1523 1685 1629 1722 nulla
1647 1691 1720 1729 est,

279 1743 506 1781 occideritis.
561 1744 680 1782 Porro
702 1745 806 1782 aiunt
836 1745 960 1783 minus
994 1759 1080 1784 esse
1112 1745 1309 1790 credibile,
1328 1758 1387 1782 me
1409 1758 1432 1783 a
1450 1746 1568 1783 caedis
1600 1754 1723 1796 patra-

279 1803 383 1841 tione
403 1804 585 1849 abfuisse,
615 1818 728 1855 quam
753 1806 786 1843 ei
816 1806 1057 1844 interfuisse:
1088 1819 1162 1857 ego
1185 1819 1273 1843 vero
1295 1806 1397 1857 quod
1420 1807 1479 1844 aio
1499 1819 1559 1844 me
1579 1808 1626 1844 ab
1656 1807 1721 1844 illa

283 1864 388 1902 caede
409 1865 591 1911 abfuisse,
614 1866 652 1903 id
681 1879 757 1904 non
790 1867 1072 1905 ratiociniorum
1092 1867 1371 1918 probabilitate,
1392 1867 1459 1905 sed
1482 1881 1605 1905 rerum
1624 1868 1721 1906 veri-

279 1931 358 1961 tate
378 1930 560 1962 testatum
581 1925 731 1963 faciam.
791 1926 989 1977 Quotquot
1013 1928 1113 1965 enim
1146 1927 1237 1964 mihi
1263 1933 1352 1964 sunt
1382 1927 1577 1978 utriusque
1604 1940 1720 1965 sexus

281 1985 485 2035 mancipia,
514 1985 581 2023 illa
606 1987 734 2024 omnia
752 1987 859 2024 vobis
889 1987 1029 2025 dedam
1060 1988 1108 2025 ad
1141 1988 1402 2038 quaesitionem
1424 2001 1489 2038 per
1508 1996 1721 2026 tormenta:

280 2057 439 2096 quorum
468 2059 487 2082 e
507 2046 778 2096 praedicatione
798 2047 828 2084 si
856 2048 1080 2094 constiterit,
1102 2061 1160 2086 me
1181 2048 1246 2086 illa
1265 2055 1377 2086 nocte
1405 2048 1519 2086 domo
1539 2049 1723 2096 abfuisse,

281 2112 348 2143 aut
365 2105 426 2142 vel
455 2104 588 2143 limina
607 2106 720 2144 modo
740 2106 875 2145 domus
896 2121 990 2146 meae
1011 2109 1209 2153 transisse,
1236 2109 1448 2147 confitebor
1476 2122 1536 2146 me
1562 2109 1722 2148 homici—

281 2166 369 2203 dam
389 2178 490 2208 esse.
545 2166 682 2217 Neque
704 2168 866 2205 obscura
886 2181 1092 2219 parumque
1115 2169 1371 2207 memorabilis
1391 2176 1451 2206 est
1464 2169 1529 2206 illa
1546 2182 1635 2216 nox,
1655 2170 1722 2208 sed

283 2226 342 2264 vel
373 2226 535 2264 maxime
565 2228 724 2277 insignis
756 2242 876 2279 eoque
908 2229 955 2266 ad
991 2229 1270 2268 recordandum
1302 2229 1447 2272 facilis;
1478 2229 1593 2267 horno
1622 2230 1723 2268 enim

281 2293 413 2324 noster
433 2287 610 2336 Diipoliis
631 2288 786 2325 cecidit.
843 2289 957 2333 Quod
978 2289 1027 2326 ad
1047 2289 1279 2339 opulentiam
1308 2290 1455 2335 attinet,
1475 2290 1586 2341 cujus
1613 2291 1724 2329 amit-

281 2346 408 2384 tendae
440 2346 639 2384 formidine
672 2360 731 2385 me
767 2355 1025 2387 exsternatum
1059 2349 1098 2386 hi
1135 2349 1241 2387 aiunt
1277 2362 1412 2387 necem
1446 2349 1517 2400 ipsi
1554 2350 1724 2398 dedisse,

280 2406 394 2457 longe
415 2420 526 2445 secus
545 2414 603 2445 est
621 2419 734 2458 quam
749 2408 787 2445 hi
807 2408 1040 2459 praedicant:
1072 2409 1237 2448 debebat
1262 2410 1328 2447 illa
1359 2409 1448 2446 mihi
1479 2411 1606 2461 potius
1625 2413 1723 2450 cari-

281 2474 362 2505 tate
383 2467 440 2505 sui
459 2467 721 2518 constringere
737 2482 872 2506 manus
892 2476 1008 2520 atque
1028 2470 1227 2520 reprimere
1250 2483 1272 2507 a
1299 2470 1482 2508 facinore.
1538 2471 1722 2522 Pauperi·

280 2528 352 2564 bus
371 2527 524 2577 quidem
547 2528 742 2573 conducit,
763 2530 949 2567 novandis
972 2531 1081 2568 rebus
1112 2538 1150 2568 et
1177 2532 1425 2581 capessendis
1458 2532 1626 2569 consiliis
1654 2533 1722 2570 de-

283 2587 509 2637 sperationis
541 2588 665 2637 plenis
692 2589 813 2626 aleam
833 2589 996 2626 fortunae
1016 2591 1161 2641 jacere,
1182 2599 1248 2629 aut
1268 2591 1432 2628 melioris
1461 2591 1720 2641 adipiscendae

283 2655 349 2685 aut
377 2647 573 2697 praesentis
602 2648 799 2686 deterioris
819 2649 901 2700 ipsa
930 2663 1018 2687 curn
1047 2652 1121 2688 vita
1149 2651 1357 2694 exuendae3
1387 2664 1473 2701 spes
1502 2653 1602 2689 enim
1629 2653 1722 2703 ipsis

283 2720 358 2744 non
378 2720 532 2757 prorsus
549 2707 654 2745 nulla
672 2716 745 2754 est,
765 2716 912 2747 mutata
931 2723 1008 2761 rep.
1032 2723 1137 2748 suam
1157 2725 1309 2762 quoque
1325 2712 1584 2750 infelicitatem
1605 2713 1721 2752 aliurn

283 2767 428 2804 vultum
444 2781 528 2806 esse
543 2768 760 2807 induturam
777 2782 785 2806 ε
807 2770 1006 2809 fortunatis
1026 2779 1151 2808 autern
1166 2772 1380 2810 hominibus
1399 2773 1565 2823 expedit,
1578 2782 1723 2824 quanta

281 2828 448 2866 maxima
465 2841 550 2866 cum
572 2830 747 2868 cautione
767 2831 1037 2882 conquiescere
1057 2832 1233 2870 immotos
1263 2839 1302 2870 et
1329 2839 1435 2883 parta
1461 2833 1590 2883 quiete
1609 2835 1720 2874 tueri.

283 2888 415 2925 Rebus
437 2888 532 2925 enim
556 2890 790 2929 conturbatis
823 2898 861 2929 et
892 2891 1062 2937 inversis,
1082 2905 1102 2930 e
1131 2893 1331 2931 fortunatis
1360 2894 1457 2931 fiunt
1486 2895 1651 2934 mendici
1682 2902 1723 2933 et
