1822 3219
275 137 352 173 213
916 144 1082 182 LYSIAE

273 237 482 281 venderet;
514 240 580 288 qui
600 239 798 292 Theognis
819 243 848 280 si
869 245 992 294 pretio
1010 246 1059 283 sit
1085 247 1290 285 exorabilis
1311 249 1367 295 (et
1386 249 1505 287 videri
1525 254 1643 300 esse),
1662 267 1737 291 non

275 298 401 335 minus
422 311 482 337 me
510 313 596 338 esse
616 314 834 349 evasurum,
855 307 1006 343 tametsi
1023 315 1208 356 captum,
1232 321 1277 347 ac
1308 310 1339 348 si
1367 319 1504 362 captus
1531 320 1569 350 et
1595 327 1616 352 e
1646 315 1742 367 fuga

272 367 460 399 retractus
481 361 593 412 plane
614 377 690 401 non
711 378 837 402 essem
855 381 864 408 ;
886 367 942 403 sin
962 374 1090 404 autem
1107 368 1246 407 durum
1264 383 1304 408 se
1322 371 1517 423 Theognis
1540 375 1741 424 praeberet,

271 434 348 459 non
370 424 604 462 acerbiorem
626 425 715 463 mihi
740 440 865 476 neque
887 429 1089 466 certiorem
1113 431 1388 471 necessitatem
1419 435 1551 472 mortis
1579 444 1659 474 tum
1687 437 1742 475 in-

272 492 386 528 stare,
409 499 525 536 qnam
549 501 651 526 nunc
681 489 809 532 instet,
843 490 873 527 si
899 491 1007 529 nullo
1029 492 1134 530 facto
1164 495 1354 532 evadendi
1377 505 1520 534 conatu
1552 511 1741 538 maneam.

275 546 377 585 Haec
396 560 470 598 ego
491 561 640 586 mecum
661 550 839 601 cogitans
860 551 1056 598 elabebar,
1090 554 1164 593 illis
1186 555 1232 593 ad
1255 558 1391 594 ostium
1422 558 1458 596 in
1479 560 1650 598 semitam
1671 574 1740 612 pa-

273 615 358 647 tens
389 611 590 648 stationem
624 613 893 651 servantibus:
925 622 963 652 et
991 616 1147 662 accidit,
1178 617 1349 668 id‘quod
1379 621 1555 671 propitiae
1575 622 1740 660 fortunae

272 684 368 709 meae
387 671 524 718 debeo,
547 682 588 710 ut
609 673 721 711 trium
736 674 960 724 januarum,
982 684 1038 714 tot
1059 678 1162 716 enim
1183 693 1349 717 evasuro
1365 682 1602 732 trajiciendae
1618 691 1742 730 crant,

273 733 380 770 nulla
407 746 483 771 non
514 741 664 784 pateret
691 744 872 773 reserata.
932 737 994 775 Sic
1022 741 1175 790 perveni
1204 741 1240 778 in
1268 742 1461 781 Archenei
1490 744 1658 782 naucleri
1679 745 1744 784 ho-

272 794 427 845 spitium
461 795 515 846 [in
541 795 726 845 Piraeeo];
759 797 863 836 hunc
895 800 1068 849 protinus
1090 801 1126 838 in
1157 803 1290 840 urbem
1314 805 1530 851 mittebam,
1555 806 1604 844 de
1625 804 1741 845 flatre

270 866 583 909 percontaturum
602 873 610 898 :
642 861 708 910 qui
737 861 965 899 Archeneus
993 863 1081 901 inde
1102 877 1279 902 reversus
1313 866 1362 903 ad
1385 879 1444 904 me
1465 868 1571 905 istaec
1593 868 1742 915 retulit,

269 920 423 958 fratrem
456 922 503 958 ab
526 921 783 960 Eratosthene
805 923 960 961 fortuito
980 925 1134 975 publica
1162 926 1198 962 in
1220 927 1356 964 semita
1390 937 1620 967 occurrente
1652 943 1738 967 cor-
1783 916 1786 918 .

270 990 420 1033 reptum
458 984 495 1021 in
524 997 719 1022 carcerem
752 998 838 1023 esse
872 986 1048 1024 ductum.
1104 989 1256 1030 Quibus
1291 990 1433 1028 auditis
1462 1005 1536 1042 ego
1566 994 1740 1043 proxima

270 1054 384 1083 nocte
406 1059 540 1084 navem
562 1047 790 1091 conscendi,
812 1061 901 1098 quae
924 1062 984 1086 me
1006 1049 1206 1100 Megaram
1226 1064 1294 1101 per
1315 1065 1417 1089 mare
1438 1053 1620 1092 traduxit.

322 1110 361 1145 4.
394 1108 550 1146 Interim
585 1109 738 1160 tyranni
762 1109 1018 1148 Polemarcho
1053 1125 1209 1162 quoque
1237 1112 1390 1150 solitum
1417 1113 1511 1151 illud
1535 1108 1608 1152 sibi
1625 1127 1738 1152 suum

269 1170 422 1221 istaque
448 1178 564 1208 aetate
592 1171 827 1209 >creberrime
857 1173 1141 1223 frequentatum
1173 1175 1341 1212 edictum
1369 1176 1666 1224 denuntiabant,
1699 1184 1741 1215 ut

268 1232 437 1270 cicutam
470 1233 634 1278 biberet,
668 1234 787 1271 tacita
818 1247 950 1279 causa,
986 1236 1248 1286 praetermissa
1280 1237 1554 1276 accusatione:
1588 1246 1738 1277 tantum

269 1295 416 1340 aberat,
447 1302 491 1332 ut
520 1295 676 1333 auditus
712 1295 1005 1342 Polemarclius,
1040 1297 1144 1334 dicta
1174 1299 1314 1348 capitis
1345 1312 1479 1344 causa,
1510 1313 1555 1337 ex
1577 1300 1741 1337 formula

260 1357 358 1408 juris
379 1357 598 1401 damnatus,
629 1365 844 1395 extremum
866 1358 1099 1409 supplicium
1122 1358 1316 1397 toleraret.
1375 1361 1472 1398 Fato
1492 1362 1547 1399 sic
1568 1375 1640 1399 suo
1669 1361 1738 1399 de-

264 1418 425 1456 functus
446 1432 534 1456 cum
557 1433 577 1456 e
599 1432 754 1457 carcere
776 1419 1052 1457 Polemarchus
1073 1428 1268 1458 extractus
1284 1429 1404 1467 esset,
1429 1421 1533 1459 haud
1553 1423 1740 1473 permise-

265 1490 355 1520 runt
375 1483 527 1534 tyranni
548 1490 766 1520 nostrarum
788 1483 942 1526 aedium,
959 1496 1047 1533 quae
1067 1489 1186 1520 ternae
1209 1483 1319 1520 nobis
1341 1491 1465 1529 erant,
1485 1497 1533 1521 ex
1548 1483 1635 1521 ullis
1650 1496 1739 1521 eum

267 1546 402 1592 efferri,
439 1546 504 1584 sed
535 1547 572 1584 in
601 1546 702 1585 cella
725 1547 894 1596 quadam
925 1546 1117 1584 meritoria
1148 1547 1195 1584 ab
1228 1546 1319 1596 ipsis
1350 1547 1546 1585 conducta
1575 1547 1742 1585 cadaver

266 1609 523 1660 spectandum
555 1615 867 1659 proposuerunt:
905 1608 1036 1652 vestis,
1072 1622 1160 1658 quae
1202 1608 1321 1646 multa
1356 1609 1467 1646 nobis
1501 1616 1540 1645 et
1572 1609 1741 1659 pretiosa

266 1678 361 1715 erat,
383 1671 475 1708 nihil
498 1670 608 1708 nobis
628 1670 774 1707 funeris
802 1683 895 1720 ergo
916 1671 1143 1720 rogantibus
1164 1669 1322 1714 dabant,
1353 1670 1420 1708 sed
1443 1670 1654 1708 amicorum
1676 1671 1738 1708 alii

267 1733 356 1777 alia,
386 1733 445 1769 hic
466 1732 638 1782 pallium,
660 1731 722 1768 ille
742 1731 933 1782 pulvinar,
955 1732 1053 1769 alius
1074 1732 1338 1782 quodcunque
1359 1732 1533 1778 tandem,
1553 1732 1603 1769 ad
1623 1725 1739 1770 Pole-

265 1794 410 1831 marclii
438 1794 552 1831 funus
585 1793 853 1831 conferebant.
913 1792 1065 1835 Videte,
1091 1793 1258 1843 jndices,
1286 1806 1363 1843 quo
1386 1793 1575 1844 cupiditas
1605 1807 1737 1831 eorum

263 1855 506 1906 inexplebilis
531 1855 778 1906 processerit,
810 1848 1132 1905 turpissimis'illa
1159 1855 1377 1905 quibusque
1398 1855 1523 1892 modis
1543 1863 1736 1905 quaestum

264 1917 392 1955 facere
408 1917 513 1955 haud
535 1917 753 1968 dedignans
773 1930 782 1954 :
814 1916 939 1954 videte
961 1916 1235 1954 documentum
1257 1916 1436 1954 immanis
1458 1918 1574 1955 animi
1596 1918 1644 1955 ab
1663 1917 1738 1955 illis

211 1993 214 2002 ²
265 1979 477 2030 proditum,
496 1979 562 2030 qui
582 1986 640 2016 tot
658 1986 864 2029 tantasque
886 1977 1026 2015 nostris
1049 1991 1068 2015 e
1089 1977 1252 2016 fortunis
1273 1978 1448 2029 egissent
1474 1979 1642 2030 rapinas,
1672 1980 1738 2030 qui

264 2041 406 2079 nostris
429 2055 476 2078 ex
505 2040 666 2078 officinis
695 2041 943 2091 septingenta
967 2053 1129 2077 numero
1159 2048 1270 2077 scuta
1297 2040 1543 2087 extulissent,
1571 2041 1636 2091 qui
1657 2041 1738 2078 auri

265 2103 493 2154 argentique
517 2103 609 2141 facti
626 2110 665 2140 et
684 2103 769 2140 aeris
791 2109 829 2141 et
851 2102 984 2139 mundi
1000 2110 1039 2139 et
1061 2102 1314 2152 supellectilis
1337 2110 1375 2140 et
1402 2103 1522 2140 vestis
1543 2102 1737 2140 muliebris

264 2172 412 2202 tantam
451 2165 526 2202 vim
564 2165 856 2215 compilassent‚
894 2172 1081 2215 quantam
1119 2177 1167 2201 ne
1206 2172 1428 2215 sperassent
1466 2164 1622 2214 quidem
1664 2176 1736 2200 un-

265 2238 380 2276 quam
414 2226 584 2263 futurum
617 2234 659 2264 ut
686 2226 1002 2277 adipiscerentur,
1032 2226 1098 2276 qui
1126 2225 1319 2275 mancipia
1346 2231 1503 2263 centum
1533 2231 1573 2262 et
1602 2224 1737 2275 viginti

264 2299 425 2324 numero
462 2287 605 2324 nostris
639 2300 686 2323 ex
718 2286 883 2324 officinis
916 2287 1155 2337 abegissent,
1191 2299 1356 2336 quorum
1392 2285 1538 2336 optima
1570 2295 1737 2336 quaequ'e

263 2361 426 2399 corpora
441 2362 528 2385 cum
544 2348 614 2385 sibi
635 2348 811 2398 privatim
826 2348 1004 2386 habenda
1020 2357 1059 2385 et
1072 2347 1267 2385 servanda
1279 2347 1531 2397 delegissent,
1544 2347 1737 2399 ,reliquam

263 2408 398 2447 faecem
422 2409 557 2447 aerario
581 2409 894 2460 adscripserunt;
927 2423 1058 2447 verum
1090 2423 1137 2447 ne
1158 2410 1193 2446 in
1216 2409 1292 2447 hac
1322 2409 1476 2459 quidem
1498 2409 1738 2448 immanitate

264 2471 437 2509 constitit
462 2470 698 2509 incredibilis
726 2484 859 2509 eorum
880 2479 919 2509 et
938 2471 1164 2510 insatiabilis
1186 2471 1381 2522 cupiditas
1402 2471 1560 2521 diraque
1581 2471 1662 2509 sitis
1689 2485 1738 2510 ex

265 2545 498 2583 unaquaque
518 2545 557 2570 re
579 2532 799 2582 turpissima
820 2532 1053 2578 ditescendi,
1076 2532 1320 2571 Polemarchi
1340 2529 1436 2569 u‘xor
1456 2545 1554 2582 quas
1574 2539 1654 2570 tum
1672 2533 1739 2571 ha-

264 2595 401 2632 buerat
427 2594 580 2630 inaures
608 2606 761 2637 aureas,
793 2607 883 2631 cum
915 2596 962 2632 ab
993 2606 1039 2632 eo
1067 2596 1104 2632 in
1134 2595 1292 2632 domum
1312 2593 1427 2644 ipsius
1448 2592 1737 2634 materfamilias

264 2655 528 2700 induceretur,
561 2667 628 2692 eas
649 2667 700 2692 ex
721 2654 823 2692 illius
845 2656 1003 2692 auribus
1024 2655 1106 2706 ipse
1134 2669 1204 2693 sua
1226 2668 1338 2692 manu
1366 2654 1562 2692 Melobius
1585 2657 1737 2694 evulsit.

318 2720 358 2754 5.
392 2717 571 2767 Denique
599 2716 707 2754 nulla
733 2729 821 2767 pars
847 2716 898 2754 rei
920 2725 1064 2754 nostrae
1095 2717 1304 2760 familiaris,
1335 2717 1509 2766 quamvis
1530 2717 1680 2756 minuta
1699 2726 1739 2757 et

264 2787 503 2831 contempta,
533 2781 653 2830 digna
678 2781 726 2817 ab
748 2779 840 2831 ipsis
867 2787 928 2817 est
952 2779 1084 2817 habita
1114 2779 1328 2817 reverentia
1348 2787 1466 2830 atque
1491 2781 1737 2819 commisera-

263 2843 381 2888 tione,
411 2842 479 2880 sed
508 2841 612 2880 haud
641 2843 766 2880 secius
787 2841 824 2879 in
845 2854 916 2879 nos
938 2854 961 2879 a
981 2841 1122 2879 divitiis
1142 2842 1286 2879 nostris
1309 2841 1495 2880 stimulati
1516 2843 1738 2892 saevierunt,

264 2913 381 2956 atque
409 2903 470 2941 alii
494 2917 516 2941 a
537 2904 708 2942 vindicta
730 2904 806 2942 acti
826 2904 987 2942 fuissent
1013 2903 1166 2950 facturi,
1195 2904 1226 2941 si
1248 2917 1345 2954 quos
1375 2904 1623 2944 atrocissimis
1652 2906 1736 2956 qui-
