1822 3219
251 143 302 180 5ss
789 143 1162 187 ANTlPHONTlS

256 244 371 281 alsuri
394 243 484 282 mihi
518 249 632 294 atque
663 244 834 282 sudaturi
862 246 1054 289 videmini,
1082 252 1121 283 et
1146 244 1238 296 quid
1258 243 1520 294 respondeatis
1539 244 1697 282 ulterius

256 318 331 343 non
352 306 555 344 inventuri.
611 305 740 343 Nolite
761 319 853 357 ergo
873 314 949 344 tam
982 307 1099 356 iniqui
1123 319 1223 350 esse,
1252 310 1295 342 ut
1319 305 1586 342 necessitatem
1605 305 1698 342 aeni-

258 367 392 416 gmatis
421 366 614 404 enodandi
639 367 727 403 mihi
750 367 966 417 imponatis,
1005 368 1041 404 in
1072 379 1148 417 quo
1165 365 1386 404 extricando
1412 363 1483 414 ipsi
1514 377 1582 402 vos
1614 365 1706 402 sitis·

256 428 490 471 baesitaturi;
534 441 658 478 neque
700 428 949 465 absolutionis
986 428 1084 466 hanc
1119 428 1208 464 mihi
1243 427 1338 464 ferte
1365 425 1640 471 conditionem,
1669 426 1700 463 si

256 489 419 528 feliciter
447 490 725 541 conjectaverO,
752 489 819 527 sed
849 490 940 527 satis
972 490 1124 535 habete,
1151 502 1173 527 a
1202 502 1261 526 me
1288 489 1444 538 planum
1474 487 1582 524 vobis
1613 499 1698 525 esse

256 550 414 595 factum,
447 563 506 588 me
536 550 610 587 hoc
643 550 798 588 crimine
831 563 983 601 prorsus
1010 563 1161 587 vacare.
1219 550 1318 586 Nam
1347 550 1476 586 insons
1503 560 1601 592 sum,
1621 560 1698 585 non

254 609 454 656 hactenus,
482 617 669 660 quatenus
705 611 887 649 rationem
919 611 991 648 edo
1036 609 1284 661 probabilem,
1329 622 1405 659 qua
1433 609 1548 646 homo
1581 608 1700 646 videri

253 672 375 721 possit
393 678 460 708 aut
480 684 500 709 e
526 671 650 708 medio
671 671 845 708 sublatus
868 679 935 710 aut
953 678 1184 723 peremptus,
1203 670 1271 708 sed
1303 670 1490 708 hactenus
1509 676 1699 720 quatenus

254 731 336 781 ejus
359 731 487 769 caedes
521 732 569 769 ad
600 745 659 768 me
681 733 730 768 nil
762 732 938 782 pertinet.
995 732 1155 769 Factum
1184 731 1271 768 novi
1302 730 1405 768 haud
1426 743 1524 775 raro,
1546 743 1568 767 a
1595 729 1700 766 fama

253 791 403 836 doctus,
424 797 467 828 ut
486 792 564 829 sive
585 793 770 842 perempti
797 793 875 829 sive
907 792 1107 830 homicidae
1134 804 1323 842 nusquam
1355 792 1525 828 locorum
1557 790 1700 841 reperi—

254 859 394 889 rentur.
452 853 524 889 Nae
562 853 690 902 pulcre
724 861 804 890 tum
839 860 1016 903 ageretur
1036 865 1123 890 cum
1157 853 1215 897 iis,
1247 853 1312 902 qui
1334 859 1400 889 aut
1428 865 1514 889 cum
1540 851 1612 889 illis
1632 858 1699 889 aut

250 913 411 950 cumbis
427 926 503 950 una
523 913 700 959 fuissent,
720 914 750 951 si
770 914 922 964 culpam
944 921 1164 952 eventorum
1186 913 1283 950 ferre
1304 913 1502 950 deberent.
1560 913 1698 950 Incon-

251 973 352 1010 sulta
382 980 420 1010 et
444 974 625 1023 pestifera
651 981 712 1011 est
742 974 779 1011 in
806 974 1024 1025 hujusmodi
1048 987 1166 1012 causa
1183 973 1317 1024 judicii
1348 973 1612 1023 praecipitatio,
1632 986 1698 1023 per

250 1045 364 1081 quam
387 1045 559 1083 persaepe
583 1034 662 1083 jam
685 1035 828 1071 sactum
857 1042 930 1080 est,
949 1041 991 1071 ut
1018 1035 1178 1072 aliorum
1206 1046 1356 1084 quoque
1377 1033 1588 1077 criminum,
1619 1046 1696 1071 non

248 1093 409 1130 caedium
431 1093 558 1138 modo,
593 1094 645 1131 rei
671 1094 777 1140 facti,
811 1107 897 1132 cum
926 1093 1098 1132 'msontes
1121 1100 1266 1138 essent,
1297 1093 1400 1143 prius
1428 1094 1605 1130 extremis
1624 1093 1697 1131 tol·

248 1152 415 1191 lerentur
433 1153 640 1203 suppliciis,
662 1167 777 1204 quarn
805 1168 905 1192 verae
935 1167 1061 1192 rerum
1089 1154 1254 1192 rationes
1276 1152 1512 1203 aperirentur
1531 1165 1697 1204 vereque

247 1220 376 1251 sontes
407 1213 691 1264 detegerentur.
749 1214 808 1252 Ne
840 1214 952 1265 longe
985 1215 1133 1259 abeam,
1158 1213 1358 1264 Ephialten
1380 1213 1501 1250 civem
1527 1220 1695 1251 vestrum

245 1273 309 1322 qui
339 1273 577 1317 occiderunt,
613 1273 832 1311 adhucdum
857 1275 970 1312 hodie
1001 1275 1170 1312 nondum
1208 1273 1351 1311 inventi
1382 1280 1496 1310 sunt:
1527 1274 1628 1323 quod
1663 1275 1695 1312 si

244 1347 336 1384 ergo
359 1334 442 1385 quis
461 1334 643 1385 postulet,
667 1342 721 1379 ut,
750 1336 812 1385 qui
848 1344 927 1372 tum
956 1348 1041 1372 cum
1066 1334 1244 1385 Ephialte
1263 1334 1417 1371 fuerunt
1433 1347 1518 1372 cum
1539 1347 1694 1372 occum-

243 1395 361 1440 beret,
378 1395 414 1432 hi
434 1402 501 1432 aut
516 1395 725 1433 homicidas
746 1395 883 1433 idoneo
907 1402 1024 1446 atque
1043 1395 1227 1446 probabili
1249 1394 1391 1432 indicio
1411 1394 1610 1433 declarent
1628 1403 1694 1433 aut

241 1455 310 1504 ipsi
330 1456 473 1493 crimen
493 1455 610 1493 caedis
631 1456 808 1500 subeant,
840 1469 900 1492 nae
930 1456 1100 1494 conditio
1119 1469 1248 1493 eorum
1272 1454 1424 1492 minime
1446 1456 1496 1492 sit
1515 1455 1694 1506 optabilis

240 1515 381 1553 futura.
412 1516 644 1566 Quanquam
665 1516 729 1566 qui
750 1516 953 1566 Ephialten
974 1516 1225 1562 sustulerunt,
1254 1515 1306 1553 nil
1325 1522 1508 1553 curarunt
1525 1516 1693 1554 cadaver

240 1575 437 1614 hominum
475 1577 696 1627 conspectui
725 1575 956 1623 subducere,
990 1590 1068 1627 quo
1098 1590 1138 1614 se
1171 1576 1208 1613 in
1239 1575 1447 1626 periculum
1477 1576 1691 1622 dedissent,

240 1636 386 1674 facinus
421 1637 490 1688 ipsi
524 1650 635 1674 suurn
660 1637 872 1686 prodendi3
902 1638 939 1674 in
971 1651 1046 1687 quo
1074 1637 1300 1688 sapiebant:
1336 1650 1395 1674 me
1429 1649 1519 1674 vero
1549 1637 1586 1674 hi
1612 1644 1690 1676 tam

239 1697 398 1735 stultum
425 1698 587 1748 fingunt,
617 1704 671 1741 ut,
703 1699 811 1748 cujus
843 1698 990 1736 caedem
1021 1698 1101 1749 ipse
1132 1697 1235 1735 solus
1257 1696 1503 1748 peregissem,
1524 1697 1690 1736 exclusis

237 1759 479 1796 consortibus
499 1766 538 1796 et
556 1758 792 1806 adjutoribus
813 1759 1001 1804 omnibus,
1024 1759 1071 1796 ad
1099 1771 1186 1796 eum
1207 1758 1323 1795 humo
1342 1757 1552 1796 tollendum
1573 1766 1690 1809 atque

235 1819 485 1869 bajulandum
523 1819 617 1857 alios
656 1819 897 1858 advocarem.
984 1820 1109 1863 Quam
1144 1819 1305 1856 intutum
1347 1818 1397 1855 sit
1430 1819 1689 1869 probabilibus

236 1879 478 1917 solummodo
509 1882 746 1930 argumentis
780 1880 913 1925 fidere,
947 1893 993 1918 ex
1019 1880 1093 1917 hoc
1126 1880 1230 1917 facto
1262 1879 1500 1930 intelligatis.
1570 1881 1687 1919 Haud

234 1940 286 1977 ita
304 1940 450 1990 pridem
471 1953 564 1990 puer
592 1941 761 1979 nondum
784 1954 924 1978 annum
944 1941 1069 1978 aetatis
1100 1940 1369 1978 duodecimum
1400 1952 1577 1978 emensus
1605 1940 1688 1978 heri

227 2000 367 2049 jugulo
387 2001 503 2038 sicam
519 2001 782 2051 imprimebat:
805 2001 896 2039 hero
910 2001 1141 2039 vociferante
1156 2000 1309 2039 territus
1322 2013 1417 2050 puer
1437 2000 1686 2052 auffugiebat,

232 2060 365 2098 relicta
394 2061 430 2097 in
455 2061 593 2111 jugulo
623 2062 722 2110 sica;
751 2062 815 2111 qui
849 2062 878 2098 si
913 2074 1029 2100 ausus
1066 2071 1171 2099 esset
1203 2074 1370 2106 manere,
1408 2062 1568 2111 perisset
1602 2069 1684 2100 tota

232 2120 393 2158 familia:
422 2133 509 2158 narn
539 2122 624 2171 quis
654 2135 772 2160 sanus
801 2121 849 2160 de
880 2135 997 2172 puero
1027 2122 1176 2160 tantillo
1216 2128 1360 2158 tantam
1393 2121 1594 2158 audaciam
1623 2123 1683 2160 vel

232 2181 451 2231 suspicatus
470 2182 598 2219 esset?
623 2183 701 2232 jam
723 2195 811 2220 vero
831 2183 1133 2233 comprehensus
1155 2195 1249 2232 puer
1263 2191 1302 2219 et
1319 2194 1339 2218 e
1359 2181 1451 2229 fuga
1479 2189 1684 2228 retractus,

231 2242 311 2290 ipse
331 2254 372 2278 se
393 2254 464 2279 suo
493 2242 633 2280 indicio
667 2242 951 2280 condemnavit.
1012 2243 1124 2280 Aliud
1153 2242 1325 2292 accipite.
1384 2242 1683 2282 Hellenotamiae

228 2301 345 2339 vestri
366 2301 575 2352 aliquando
595 2303 633 2340 in
654 2303 907 2352 suspicionem
929 2303 1019 2341 furti
1040 2303 1200 2341 adducti
1218 2303 1383 2346 fuerant,
1400 2305 1579 2351 injustam
1599 2307 1683 2356 qui-

229 2362 314 2399 dem
334 2362 438 2399 illam
460 2369 574 2413 atque
593 2363 836 2408 immeritam,
859 2377 1015 2414 prorsus
1044 2371 1086 2401 ut
1105 2364 1188 2401 haec
1208 2364 1327 2400 caedis
1355 2371 1415 2401 est
1435 2364 1483 2402 de
1517 2378 1577 2404 me
1612 2380 1680 2407 su-

229 2422 346 2472 spicio
363 2435 372 2459 :
393 2423 584 2472 peribant,
599 2423 903 2474 praecipitatione
916 2425 1108 2462 saevientis
1127 2426 1192 2462 irae
1209 2425 1336 2475 potius
1355 2438 1470 2475 quam
1493 2427 1680 2476 sapientia

226 2483 390 2527 consilii,
409 2495 542 2520 omnes
563 2490 700 2534 praeter
714 2497 845 2530 unum,
866 2498 979 2535 quem
999 2485 1149 2524 Sosiam
1170 2486 1277 2523 aiunt
1296 2486 1528 2536 appellatum
1547 2487 1678 2527 fuisse.

228 2542 426 2594 Supplicio
451 2550 620 2581 extremo
648 2544 764 2582 etiam
794 2547 826 2583 is
850 2546 930 2596 jarn
956 2546 1252 2592 condemnatus,
1272 2547 1442 2584 nondum
1463 2547 1502 2584 id
1522 2560 1679 2598 corpore

224 2605 476 2642 toleraverat:
499 2604 645 2643 interea
677 2607 858 2656 temporis
889 2608 1145 2657 aperiebatur,
1177 2619 1254 2657 quo
1280 2613 1394 2656 pacto
1425 2607 1599 2657 pecuniae
1620 2609 1678 2646 in-

223 2673 404 2703 terversae
433 2665 572 2703 fuisse:
603 2666 654 2703 ibi
683 2666 828 2712 Sosias,
856 2669 938 2718 jam
958 2668 1227 2706 undecimviris
1246 2667 1423 2713 traditus,
1449 2680 1472 2706 a
1491 2670 1637 2719 populo
1655 2684 1678 2709 e

223 2739 375 2763 carcere
395 2727 550 2764 domum
571 2740 657 2765 cum
684 2728 941 2778 gratulatione
959 2729 1213 2768 reducebatur
1232 2742 1241 2766 ε
1271 2728 1428 2778 reliquis
1448 2735 1576 2767 autem
1593 2732 1676 2781 quis

221 2788 335 2824 vitam
358 2789 545 2834 redderet,
565 2790 751 2827 immerito
778 2790 966 2841 supplicio
992 2790 1224 2829 exstinctis?
1281 2791 1459 2829 Seniores
1491 2799 1678 2838 vestrum,-

222 2848 259 2885 ni
285 2847 408 2893 fallor,
430 2849 533 2887 hunc
553 2863 683 2888 casum
703 2851 831 2889 adhuc
852 2852 1112 2897 recordantur,
1138 2852 1308 2901 juniores
1339 2859 1482 2899 autem,
1502 2853 1671 2904 aequales
