1822 3219
616 138 687 176 DE
717 137 820 176 SUO
851 134 1074 173 REDITU.
1489 131 1560 168 119

132 254 283 293 possem
299 239 520 288 lautissima,
533 240 609 279 huc
626 248 751 277 tamen
766 238 948 289 appulsus
967 251 1024 275 res
1043 228 1163 288 reperi
1182 236 1339 273 multum
1356 248 1378 273 a
1393 248 1458 286 spe
1475 247 1559 272 mea

132 303 406 352 discrepantes.
460 302 729 339 Proficiscebar
749 312 882 349 nempe
902 299 1014 336 Samo
1028 297 1115 342 huc,
1131 296 1256 333 nullus
1273 296 1464 339 dubitans,
1479 296 1560 333 fore

132 370 175 400 ut
193 364 379 401 industria
398 376 481 400 mea
498 364 594 400 bene
613 363 660 399 de
675 362 781 398 vobis
801 359 1037 411 promerendi
1053 364 1202 409 paratas
1219 370 1334 407 penes
1351 369 1415 393 vos
1430 356 1563 393 laudes

133 424 337 474 reperiret:
367 425 436 461 sed
456 436 564 461 secus
584 422 746 465 cecidit;
779 420 1055 471 Quadringenti
1075 419 1174 456 enim
1195 424 1238 454 ut
1265 430 1351 454 cum
1378 429 1473 454 nave
1500 430 1562 454 me

133 486 336 538 appulsum
358 486 406 524 ad
428 493 574 536 portum
594 491 760 522 vestrum
781 484 1016 527 audiverant,
1035 482 1205 533 protinus
1236 493 1296 518 me
1323 480 1564 530 requirebant

134 549 405 598 inventumque
423 547 456 583 in
479 553 652 583 senatum
672 544 917 582 inducebant.
973 545 1030 581 Ibi
1051 542 1235 580 Pisander
1252 541 1287 578 in
1303 541 1466 578 medium
1482 553 1566 591 pro-

136 621 313 659 gressus:
346 607 440 644 Viri
473 613 717 643 senatores
750 606 916 655 (inquit),
944 605 1082 641 lateri
1118 616 1212 640 meo
1245 602 1453 647 adstans,
1481 614 1565 652 ego

133 669 261 706 vobis
286 668 405 704 hunc
430 667 654 704 hominem
682 666 851 709 indico,
880 679 962 703 ceu
988 664 1166 702 hostem
1194 676 1344 700 causae
1371 670 1562 706 nostrae;

133 729 291 766 hostes
311 729 429 765 enim
451 736 633 765 nostros
655 727 889 778 adjutavit
906 726 1153 764 frumentis
1174 732 1217 762 et
1239 724 1489 774 remigibus
1509 723 1565 760 ad

132 801 208 827 eos
235 788 591 826 convectandis.
648 788 796 831 Quibus
827 787 888 825 ille
918 787 1041 832 dictis,
1070 793 1188 824 totam
1216 785 1387 836 protinus
1416 798 1492 823 rem
1523 792 1565 822 ut

132 854 241 898 gesta
260 849 384 886 fuerat
406 850 696 899 exsequebatur.
754 849 890 886 Actum
916 848 964 885 de
989 861 1048 885 me
1076 854 1155 884 tum
1185 846 1399 890 videbatur,
1421 853 1459 883 et
1483 846 1565 896 ipse

125 911 207 962 jam
227 911 274 949 de
294 912 416 949 salute
445 925 530 950 mea
557 912 831 963 desperabam:
861 911 1102 948 nihilominus
1130 918 1257 947 tamen
1286 922 1333 947 ex
1363 908 1435 947 hoc
1458 915 1564 947 tanto

131 972 346 1011 discrimine
372 973 500 1011 salvus
527 973 716 1019 elabebar,
742 972 925 1010 beneficio
952 971 1133 1010 secundae
1158 971 1360 1020 cujusdam
1386 970 1562 1008 fortunae.

133 1034 334 1072 Incidebat
351 1035 537 1072 adventus
559 1047 664 1072 meus
686 1034 736 1071 ad
756 1035 886 1072 urbem
901 1034 938 1070 in
953 1033 1049 1070 illud
1064 1040 1223 1083 tempus,
1239 1032 1402 1083 quojam
1421 1031 1457 1068 in
1471 1033 1563 1069 urbe

131 1094 360 1140 innotuerat,
373 1095 412 1132 in
432 1096 568 1133 castris
588 1095 636 1133 ad
658 1096 814 1133 Samum
830 1102 987 1145 agentes
1001 1108 1022 1131 a
1037 1093 1334 1143 Quadringentis
1351 1093 1564 1130 dissentire.

134 1156 318 1194 Orantem
339 1157 464 1207 itaque
485 1157 710 1194 Pisandrum
731 1170 817 1194 cum
839 1164 1055 1193 senatorum
1076 1155 1250 1206 permulti
1268 1155 1417 1192 fremitu
1433 1168 1566 1193 secun-

130 1217 280 1263 darent,
299 1218 399 1255 unde
419 1231 491 1268 ego
517 1225 673 1255 mortem
699 1218 786 1254 mihi
815 1218 1028 1267 augurabar
1044 1217 1270 1261 instantem,
1290 1216 1341 1253 nil
1366 1223 1562 1254 cunctatus

133 1278 182 1316 ad
202 1291 302 1316 aram
324 1279 454 1316 Vestae
474 1279 632 1329 supplex
653 1277 787 1316 accido
803 1285 840 1316 et
859 1277 1099 1315 simulacrum
1120 1278 1203 1315 deae
1229 1278 1377 1328 aliaque
1401 1291 1486 1328 quae
1512 1278 1562 1316 ibi

133 1347 222 1378 sunt
242 1353 349 1378 sacra
368 1341 542 1378 manibus
563 1339 781 1390 amplector.
839 1339 881 1376 Id
908 1339 1008 1389 quod
1034 1352 1056 1377 a
1080 1353 1139 1376 me
1164 1339 1304 1376 factum
1331 1339 1423 1376 tanti
1446 1352 1562 1390 penes

133 1414 192 1438 me
211 1402 265 1446 fit,
280 1403 439 1453 ipseque
459 1402 628 1439 mihimet
642 1414 686 1439 eo
701 1401 960 1451 congratulor,
973 1409 1016 1439 ut
1028 1401 1130 1438 haud
1148 1401 1319 1447 diffitear,
1334 1401 1366 1438 ei
1383 1402 1446 1438 uni
1462 1402 1563 1438 facto

134 1475 194 1500 me
215 1476 336 1500 meam
357 1463 517 1501 salutem
530 1462 686 1504 debere;
717 1475 804 1499 nam
821 1462 851 1499 si
868 1475 925 1499 me
939 1463 986 1499 ab
999 1475 1063 1499 ara
1078 1463 1306 1499 abstractum
1324 1463 1563 1507 occidissent,

132 1523 333 1574 impietatis
359 1537 448 1575 erga
478 1525 570 1562 deos
599 1523 812 1561 commissae
843 1523 1036 1560 infamiam
1069 1523 1140 1574 ipsi
1162 1524 1233 1561 sibi
1263 1523 1561 1568 contraxissent3

132 1598 262 1623 verum
292 1586 330 1623 hi
358 1589 498 1634 majore
524 1585 612 1630 mei,
636 1598 749 1636 quam
775 1585 962 1630 homines,
985 1586 1313 1623 commiseratione
1340 1586 1430 1623 moti
1460 1593 1562 1632 sunt,

132 1647 271 1697 quippe
290 1647 355 1697 qui
376 1647 544 1698 spiritum
572 1646 676 1684 hunc
700 1653 985 1691 conservarunt,
1005 1660 1118 1697 quem
1144 1647 1315 1684 homines
1340 1647 1392 1684 illi
1418 1647 1562 1684 exstin-

133 1715 237 1746 ctum
255 1708 374 1746 ibant.
433 1710 539 1751 Quas
559 1717 683 1746 autem
704 1716 944 1759 quantasque
965 1708 1153 1746 molestias
1173 1709 1418 1760 postmodum
1439 1723 1461 1747 a
1480 1722 1563 1747 car-

130 1783 215 1807 cere
235 1770 472 1820 vinculisque
493 1770 741 1815 toleraverim,
762 1770 918 1820 longum
940 1770 988 1807 sit
1008 1783 1196 1807 enarrare.
1255 1770 1420 1808 Devenit
1444 1770 1564 1808 oratio

135 1843 218 1867 mea
237 1830 275 1867 in
298 1830 422 1868 locum
448 1831 678 1875 luctuosum,
701 1837 743 1868 ut
767 1844 869 1882 saepe
895 1843 955 1868 me
983 1844 1075 1868 meae
1101 1831 1211 1869 sortis
1237 1831 1424 1868 misertum
1451 1831 1566 1869 fuerit

133 1904 288 1942 prorsus
307 1892 583 1931 lamentabilis:
613 1906 687 1944 qua
706 1893 802 1931 enim
831 1892 868 1930 in
895 1906 933 1931 re
957 1893 1121 1944 populus
1150 1894 1322 1945 injuriam
1351 1907 1564 1945 noxamque

134 1953 332 1991 videbatur
351 1955 540 2005 accipere,
563 1968 607 1992 ea
625 1969 684 1992 res
703 1954 823 1992 multa
842 1955 878 1992 in
901 1955 999 1992 mala
1019 1968 1078 1992 me
1099 1956 1286 2006 conjecit3
1317 1969 1445 1994 rursus
1470 1956 1563 1994 illud

133 2014 237 2052 idem
265 2015 575 2061 emolumentum,
595 2029 670 2066 quo
695 2016 878 2066 populum
908 2029 1141 2062 ornaveram,
1165 2030 1297 2067 parum
1327 2018 1448 2055 abfuit
1476 2019 1565 2069 quin

134 2083 282 2126 pestem
302 2077 392 2113 mihi
413 2077 572 2115 afferret.
628 2077 737 2114 Adeo
756 2077 897 2115 clausae
917 2077 1005 2114 mihi
1025 2086 1216 2128 septaeque
1236 2091 1367 2115 omnes
1388 2087 1497 2116 erant
1516 2080 1565 2118 ad

132 2137 229 2174 bene
248 2137 478 2188 sperandum
497 2138 768 2188 fidendumque
785 2138 868 2175 viae.
926 2139 1092 2189 Quoquo
1112 2139 1211 2177 enim
1232 2152 1291 2176 me
1308 2145 1500 2185 verterem,
1515 2141 1566 2178 ibi

132 2199 275 2236 malum
301 2200 389 2237 mihi
416 2207 588 2251 paratum
616 2201 832 2238 cernebam.
889 2201 1159 2240 Verumtamen
1188 2202 1245 2239 his
1268 2215 1419 2253 quoque
1449 2203 1564 2242 tantis

134 2260 241 2298 malis
260 2261 413 2299 tandem
433 2262 626 2311 liberatus,
647 2262 738 2299 nihil
758 2262 873 2299 habui
893 2263 996 2313 prius
1016 2275 1138 2313 neque
1164 2263 1368 2313 antiquius,
1388 2276 1502 2314 quam
1523 2271 1583 2302 ut›

132 2335 252 2372 remp.
272 2335 404 2360 ornare
422 2323 606 2361 beneficio
626 2323 788 2373 quodam
811 2322 1017 2362 studerem.

187 2385 223 2421 3.
255 2383 379 2421 Decet
399 2390 525 2421 autem
545 2397 623 2428 vos,
643 2384 914 2431 Athenienses,
928 2385 1181 2430 considerare,
1195 2393 1338 2437 quanto
1353 2400 1472 2438 genus
1492 2388 1565 2425 hoc

133 2444 343 2482 officiorum
366 2444 469 2495 quod
488 2458 560 2495 ego
579 2445 685 2483 vobis
705 2447 878 2496 praestiti,
891 2447 1024 2484 officiis
1041 2455 1194 2498 praestet
1213 2449 1255 2485 iis
1270 2449 1406 2499 quibus
1423 2449 1483 2486 alii
1498 2462 1564 2486 vos

132 2504 385 2544 demerentur.
442 2507 592 2544 Civium
610 2507 710 2544 enim
726 2516 932 2544 vestrorum
953 2509 1172 2559 quicunque
1188 2510 1340 2560 negotia
1358 2519 1481 2548 vestra
1496 2517 1567 2548 tra-

134 2571 281 2605 ctantes
298 2567 479 2618 pecunias
503 2568 610 2605 vobis
637 2568 855 2614 conficiunt,
876 2583 967 2607 num
992 2571 1082 2621 quid
1108 2578 1226 2621 agunt
1253 2571 1354 2608 aliud
1382 2584 1493 2620 quam
1523 2578 1566 2609 ut

135 2638 225 2676 opes
244 2628 347 2666 vobis
367 2636 509 2667 vestras
535 2629 824 2668 administrent?
851 2631 1065 2669 militarium
1089 2645 1200 2683 porro
1226 2639 1431 2669 vestrarum
1461 2634 1564 2683 copi-

136 2698 241 2723 arum
266 2687 527 2739 imperatores,
546 2704 635 2728 num
661 2691 750 2741 quid
775 2691 890 2736 aliud,
910 2705 1022 2742 quam
1048 2707 1207 2744 corpora
1232 2700 1355 2731 vestra
1385 2693 1564 2732 molestiis

135 2754 337 2786 conterunt
360 2758 398 2788 et
421 2753 546 2802 capita
569 2759 692 2790 vestra
720 2753 896 2804 periculis
925 2755 1107 2805 objiciunt
1134 2762 1171 2792 et
1198 2755 1370 2791 aerarium
1398 2762 1562 2794 vestrum

133 2808 365 2855 exinaniunt,
386 2825 462 2862 qno
481 2814 648 2852 efficiant
666 2814 822 2866 aliquid,
841 2816 942 2866 quod
969 2829 990 2853 e
1016 2829 1055 2853 re
1082 2822 1206 2853 vestra
1233 2815 1306 2853 sit?
1353 2816 1396 2854 In
1425 2830 1502 2868 quo
1533 2818 1563 2855 si

135 2869 226 2920 quid
247 2870 358 2909 etiam
379 2874 585 2922 peccarint,
606 2888 679 2913 non
699 2875 769 2926 ipsi
790 2876 883 2914 dant
903 2890 1047 2927 poenas,
1071 2876 1137 2914 sed
1165 2890 1229 2915 vos
1257 2890 1324 2928 pro
1350 2878 1421 2915 illis
1446 2878 1561 2916 luitis.
