1822 3219
208 159 284 196 3‘28
856 159 1031 198 LYSIAE

209 270 358 298 morum
385 258 632 310 probassetis.
690 259 788 299 Haec
813 272 952 311 nempe
978 272 1046 298 vos
1073 263 1245 310 spectare
1266 258 1397 302 decet:
1425 257 1497 296 sed
1513 264 1554 297 et
1569 257 1665 297 illud

211 326 399 370 praeterea
419 320 528 359 vobis
549 322 597 359 ad
617 320 786 359 animum
806 331 998 367 revocare,
1018 321 1085 371 qui
1110 320 1236 371 legem
1257 319 1303 358 de
1331 319 1552 370 spectandis
1577 332 1666 371 pro·

211 380 425 430 bandisque
454 381 749 420 candidatorum
769 382 937 420 moribus
966 381 1184 427 tulit,'eum
1211 381 1316 418 illam
1344 381 1470 432 legem
1497 380 1667 431 inprimis

211 447 369 492 propter
395 453 460 480 eos
486 442 620 481 tulisse
644 443 708 493 qui
735 443 902 481 honores
928 444 999 481 sub
1026 442 1196 493 tyrannis
1217 450 1438 493 gesserunt:
1469 441 1669 480 videbatur

209 502 313 540 enim
335 501 372 541 εἰ»
389 515 503 552 grave
524 510 638 553 atque
655 503 868 554 indignum,
884 504 947 555 qui
964 504 1187 555 popularem
1202 502 1415 541 libertatem
1431 502 1669 547 evertissent,

211 562 284 601 hos
302 562 556 613 ipsosrrursus
576 564 613 601 in
635 571 853 603 restaurata
872 578 953 616 rep.
969 564 1019 602 ad
1039 564 1202 602 honores
1223 564 1385 609 admitti,
1407 562 1532 614 eoque'
1546 562 1670 600 facul-

214 629 296 661 tate,
312 636 447 662 rursus
463 625 600 662 armari
620 625 735 677 *leges
761 632 799 663 et
818 638 938 677 remp.
962 625 1066 663 illam
1085 624 1355 671 conturbandi,
1380 624 1666 675 quam'salvam

212 683 283 721 sibi
301 684 482 723 traditam
503 684 703 723 nacti‘tam
730 685 842 724 soedis
863 693 941 724 tam
971 686 1161 735 saevisque
1188 684 1312 722 modis
1333 691 1668 722 contruncasseut.

215 744 344 788 Quare
363 757 439 783 non
470 746 651 784 convenit
676 747 714 784 in
737 760 900 785 censura
927 759 1073 785 morum
1094 746 1247 797 agenda
1275 753 1352 783 tam
1375 743 1533 783 remisse
1553 747 1668 795 atque

212 804 348 855 supine
377 806 520 843 versari
548 819 673 856 neque
702 820 781 844 rem
805 821 963 858 parvam
988 809 1152 852 ducere;
1195 807 1263 845 sed
1290 818 1442 846 summa
1468 804 1670 858 diligentia

212 864 411 915 providere
431 872 473 903 ut
490 872 530 903 et
548 867 746 906 candidati
764 867 835 905 rite
856 876 972 918 atque
994 869 1165 919 legitime
1180 875 1358 906 creentur
1378 877 1417 907 et
1433 871 1548 908 creati
1564 877 1670 909 caste

214 933 423 976 sancteque
450 927 616 965 honores·
645 936 795 978 gerant,
825 930 1008 979 quoniam
1034 930 1071 967 in
1100 930 1235 967 harum
1262 942 1386 966 rerum
1416 931 1536 969 tutela
1567 924 1669 970 s‘alus

212 986 397 1026 libertatis
418 988 617 1040 plebisque
634 999 774 1029 vestrae
794 991 869 1030 sita
889 998 979 1030 est.-

256 1051 305 1087 4.
336 1049 514 1088 Evander
533 1051 573 1088 si
606 1064 711 1090 nunc
741 1065 820 1090 non
850 1053 1107 1092 sacerdotium
1142 1055 1210 1093 sed
1239 1055 1411 1093 ordinem
1441 1055 1672 1093 senatorium

216 1109 460 1150 solummodo
485 1112 661 1157 ambiret,
693 1120 732 1150 et
761 1113 983 1164 priusquam
1018 1114 1067 1152 ad
1087 1113 1206 1152 ‘illum
1236 1112 1517 1162 admitteretur,
1547 1127 1674 1154 mores

215 1169 298 1220 ejus
318 1177 517 1222 oporteret·
540 1185 563 1210 a
586 1173 696 1211 vobis
727 1175 891 1225 spectari
924 1181 1040 1225 atque
1064 1174 1232 1226 probari,
1262 1176 1341 1213 sine
1361 1176 1477 1214 dubio
1497 1189 1567 1214 vos
1592 1183 1673 1214 tum

217 1231 299 1269 sitis
315 1245 403 1270 eum
418 1233 478 1271 vel
493 1234 638 1284 absque
655 1242 881 1274 accusatore
900 1236 1149 1286 repudiaturi,
1171 1237 1202 1275 si
1218 1237 1361 1275 nomini
1381 1238 1462 1288 ejus
1479 1237 1517 1274 in
1532 1232 1675 1275 tabulis

219 1293 451 1344 adscriptam
483 1296 691 1334 cerneretis
725 1309 857 1335 currus
888 1305 1033 1343 notam,
1061 1311 1139 1348 qua
1170 1311 1191 1336 e
1223 1305 1315 1336 nota
1341 1298 1450 1336 vobis
1479 1305 1676 1336 constaret

219 1369 305 1394 eum
327 1358 398 1394 sub
415 1358 758 1409 Trigintatyrannis
779 1361 944 1410 equestri
964 1361 1097 1399 militia
1115 1362 1288 1399 functum
1309 1361 1448 1399 fuisse:
1487 1362 1567 1412 jam
1587 1375 1677 1399 vero

221 1431 309 1456 cum
329 1419 484 1469 publice
502 1427 668 1467 constet,
689 1434 776 1459 eum
801 1422 867 1460 illa
895 1429 1120 1473 tempestate
1147 1436 1224 1461 non
1245 1423 1411 1474 equitem
1433 1415 1678 1460 solummodo

221 1481 250 1530 [‚
265 1480 334 1518 sed
354 1480 468 1518 etiam
489 1489 706 1519 senatorem
726 1483 864 1533 egisse,
879 1496 1005 1533 neque
1024 1492 1238 1522 senatorem
1260 1484 1522 1532 solummodo]
1538 1486 1679 1535 egisse,

221 1554 351 1578 verum
371 1541 484 1579 etiam
505 1542 541 1579 in
562 1542 628 1580 illa
648 1550 810 1593 utraque
832 1544 1027 1582 functione
1047 1545 1201 1595 plebem
1223 1552 1386 1583 vestram
1407 1539 1536 1582 multis
1556 1545 1679 1582 modis

222 1614 382 1639 vexasse
403 1609 517 1653 atque
539 1604 770 1654 exagitasse,
793 1619 868 1643 non
888 1618 966 1643 rem
988 1605 1123 1643 facturi
1145 1606 1226 1643 sitis
1247 1606 1529 1651 abhorrentem,
1549 1606 1579 1643 si
1608 1619 1678 1656 pu-

223 1662 322 1700 blice
356 1669 540 1701 testatum
575 1665 724 1702 faciatis
764 1672 930 1703 mentem
964 1666 1070 1703 vobis
1106 1665 1218 1703 aliam
1252 1665 1360 1703 esse?
1406 1666 1456 1702 Et
1487 1666 1681 1703 senatorio

226 1724 384 1774 quidem
413 1725 547 1762 ordine
567 1733 759 1776 receptus,
778 1727 962 1764 honorem
992 1726 1098 1763 illum
1123 1734 1273 1776 gereret
1296 1740 1373 1765 non
1398 1727 1500 1764 ultra
1524 1740 1682 1771 annum,

225 1798 352 1835 neque
373 1786 479 1824 solus
501 1787 569 1824 sed
589 1787 624 1823 in
646 1787 824 1837 collegio,
844 1799 922 1837 quo
941 1800 964 1824 a
982 1786 1146 1837 collegio
1166 1787 1246 1837 ipse
1266 1799 1425 1824 numero
1453 1788 1683 1838 quingente-

228 1847 347 1884 simus
366 1846 478 1885 facile
505 1856 828 1898 compesceretur,
858 1848 889 1886 si
916 1848 1008 1898 quid
1036 1848 1247 1885 exorbitare
1273 1848 1445 1893 auderet,
1470 1848 1682 1898 praesertim

224 1908 325 1944 intra
345 1914 423 1945 tarn
449 1910 600 1946 brevem
632 1910 814 1959 temporis
845 1909 1042 1954 ambitum,
1072 1909 1183 1959 cujus
1213 1908 1296 1959 ipsa
1323 1910 1488 1946 brevitas
1509 1921 1603 1946 ausa
1622 1909 1684 1946 vix

225 1968 408 2007 inchoata
433 1970 626 2008 rescindit.
685 1971 773 2008 Hoc
800 1977 930 2008 autem
956 1969 1212 2007 sacerdotium
1234 1969 1339 2019 quod
1366 1968 1487 2006 ambit
1506 1969 1684 2019 adeptus,

229 2038 336 2080 geret
356 2030 461 2068 solus
481 2031 562 2068 sine
582 2032 722 2068 arbitro
745 2044 792 2069 ex
813 2031 927 2069 animi
948 2031 1005 2068 sui
1022 2031 1232 2067 sententia:
1263 2037 1299 2067 et
1320 2037 1375 2067 est
1393 2030 1547 2081 quidem
1564 2029 1687 2067 honos

227 2093 298 2129 iste
328 2092 414 2130 item
448 2106 613 2139 annuus,
650 2106 778 2130 verum
813 2106 860 2131 eo
894 2093 1121 2130 defunctum
1154 2104 1313 2130 neeesse
1345 2099 1405 2129 est
1436 2091 1474 2128 in
1507 2098 1685 2129 senatum

229 2154 548 2204 Areopagiticum
567 2155 737 2205 cooptari
759 2155 796 2191 in
824 2160 1064 2205 perpetuum,
1089 2165 1165 2203 quo
1191 2159 1422 2203 potestatem
1444 2153 1686 2190 nanciscetur

229 2227 295 2264 per
315 2227 465 2252 omnem
486 2216 672 2265 reliquam
694 2215 806 2252 vitam
834 2214 1138 2252 continuandam
1166 2214 1214 2250 de
1241 2214 1398 2251 summis
1418 2214 1529 2250 rebus
1551 2213 1687 2251 vestris

228 2288 297 2325 pro
317 2275 471 2312 arbitrio
492 2288 562 2313 suo
583 2276 859 2320 constituendi3
889 2289 1006 2325 quare
1027 2275 1204 2312 convenit
1231 2274 1347 2325 hujus
1373 2273 1528 2311 honoris
1550 2274 1689 2311 scruti-

231 2337 336 2373 nium
365 2349 432 2374 vos
457 2338 582 2374 facere
611 2338 732 2374 multo
753 2350 868 2387 quam
903 2337 1063 2374 aliorum
1090 2336 1259 2373 omnium
1290 2336 1478 2372 honorum
1505 2335 1689 2372 severius.

233 2397 348 2439 Quod
380 2397 408 2434 si
439 2397 564 2434 minus
587 2398 751 2442 facietis,
781 2411 894 2448 quem
915 2397 1057 2448 putatis
1086 2396 1253 2434 animum
1281 2396 1382 2445 plebi
1413 2395 1566 2445 reliquae
1592 2394 1688 2438 fore,

236 2457 396 2503 videnti,
413 2464 537 2495 vestro
558 2458 705 2509 judicio
727 2459 897 2496 delatum
923 2458 1026 2495 hune
1052 2458 1234 2494 honorem
1256 2457 1305 2500 ei,
1336 2469 1449 2506 quem
1470 2460 1690 2505 oportuerat

235 2532 311 2556 non
331 2518 489 2570 praemia
507 2519 727 2556 meritorum
747 2533 835 2569 quae
861 2520 895 2556 ei
915 2519 1022 2556 nulla
1048 2526 1137 2555 sunt
1160 2518 1271 2562 ferre,
1294 2517 1362 2555 sed
1382 2516 1580 2554 criminum
1602 2528 1691 2565 quae

232 2579 354 2616 multa
374 2578 564 2616 commisit
582 2592 716 2629 poenas
737 2579 852 2617 dare?
881 2579 1038 2624 videnti,
1057 2591 1192 2617 causas
1210 2578 1259 2615 de
1279 2577 1484 2615 homicidio
1504 2577 1690 2626 capitales

234 2640 279 2677 ad
302 2638 601 2689 disceptandum
623 2639 657 2676 ei
677 2641 915 2684 commissas,
931 2653 1045 2690 quem
1065 2646 1289 2690 oportuerat
1309 2638 1432 2688 ipsum
1454 2638 1501 2674 ab
1517 2637 1691 2688 Areopa-

236 2700 350 2749 gitico
380 2706 518 2737 senatu
543 2699 733 2749 judicari?
768 2700 912 2737 videnti
944 2701 1125 2751 denique,
1153 2706 1374 2737 coronatum
1403 2711 1504 2746 eum,
1531 2706 1570 2736 et
1594 2699 1693 2736 arbi-

235 2766 337 2797 trum
358 2761 501 2798 factum
518 2773 720 2798 causarum
740 2759 788 2798 ad
803 2760 967 2810 virgines
987 2761 1135 2798 nubiles
1156 2760 1194 2797 in
1215 2759 1492 2796 hereditatibus
1513 2759 1696 2809 patrimo-

235 2823 385 2860 niorum
412 2823 565 2861 relictas
599 2837 671 2861 nec
700 2837 776 2861 non
810 2823 902 2861 alios
932 2824 980 2861 ad
1010 2824 1120 2861 orbos
1155 2823 1438 2873 pertinentium,
1467 2835 1628 2872 quorum
1658 2822 1695 2859 in

236 2896 396 2921 numero
415 2892 516 2927 sunt,
546 2886 681 2934 quibus
704 2886 788 2935 'ipse
818 2884 1017 2934 iniquitate
1042 2884 1241 2923 sententiae
1264 2897 1285 2921 a
1306 2897 1346 2921 se
1368 2884 1470 2921 dicta
1491 2883 1694 2921 orbitatem
