<?xml version="1.0" encoding="UTF-8"?>
<!DOCTYPE html PUBLIC "-//W3C//DTD XHTML 1.0 Transitional//EN"
    "http://www.w3.org/TR/xhtml1/DTD/xhtml1-transitional.dtd">
<html xmlns="http://www.w3.org/1999/xhtml" xml:lang="en" lang="en">
 <head>
  <title>
</title>
<meta http-equiv="Content-Type" content="text/html;charset=utf-8" />
  <meta name='ocr-system' content='tesseract 3.04.00' />
  <meta name='ocr-capabilities' content='ocr_page ocr_carea ocr_par ocr_line ocrx_word'/>
</head>
<body>
  <div class='ocr_page' id='page_1' title='image "./oratoresatticie13dobs_0067.png"; bbox 0 0 1822 3219; ppageno 0'>
   <div class='ocr_carea' id='block_1_1' title="bbox 531 159 1518 203">
    <p class='ocr_par' dir='ltr' id='par_1_1' title="bbox 531 159 1518 203">
     <span class='ocr_line' id='line_1_1' title="bbox 531 159 1518 203; baseline -0.009 0"><span class='ocrx_word' id='word_1_1' title='bbox 531 165 603 202; x_wconf 90' lang='lat' dir='ltr'>DE</span> <span class='ocrx_word' id='word_1_2' title='bbox 632 164 792 203; x_wconf 88' lang='lat' dir='ltr'><strong>CAEDE</strong></span> <span class='ocrx_word' id='word_1_3' title='bbox 821 162 1078 200; x_wconf 81' lang='lat' dir='ltr'>HERODIS.</span> <span class='ocrx_word' id='word_1_4' title='bbox 1467 159 1518 195; x_wconf 85' lang='lat'>55</span> 
     </span>
    </p>
   </div>
   <div class='ocr_carea' id='block_1_2' title="bbox 45 262 1565 2918">
    <p class='ocr_par' dir='ltr' id='par_1_2' title="bbox 45 262 1540 1462">
     <span class='ocr_line' id='line_1_2' title="bbox 83 262 1520 316; baseline -0.002 -14"><span class='ocrx_word' id='word_1_5' title='bbox 83 262 266 314; x_wconf 79' lang='lat' dir='ltr'>tantisper</span> <span class='ocrx_word' id='word_1_6' title='bbox 301 263 603 303; x_wconf 86' lang='lat' dir='ltr'>adversariorum</span> <span class='ocrx_word' id='word_1_7' title='bbox 644 264 913 316; x_wconf 76' lang='lat' dir='ltr'>praetensioni:</span> <span class='ocrx_word' id='word_1_8' title='bbox 954 274 1084 300; x_wconf 86' lang='lat' dir='ltr'>verum</span> <span class='ocrx_word' id='word_1_9' title='bbox 1131 268 1212 302; x_wconf 86' lang='lat' dir='ltr'>esto</span> <span class='ocrx_word' id='word_1_10' title='bbox 1250 263 1310 300; x_wconf 85' lang='lat' dir='ltr'>vel</span> <span class='ocrx_word' id='word_1_11' title='bbox 1355 262 1520 300; x_wconf 79' lang='lat' dir='ltr'>maxime</span> 
     </span>
     <span class='ocr_line' id='line_1_3' title="bbox 84 322 1523 375; baseline -0.001 -14"><span class='ocrx_word' id='word_1_12' title='bbox 84 323 270 375; x_wconf 82' lang='lat' dir='ltr'>Lycinum</span> <span class='ocrx_word' id='word_1_13' title='bbox 292 324 486 362; x_wconf 86' lang='lat' dir='ltr'>Herodem</span> <span class='ocrx_word' id='word_1_14' title='bbox 512 325 705 362; x_wconf 89' lang='lat' dir='ltr'>sublatum</span> <span class='ocrx_word' id='word_1_15' title='bbox 723 324 915 362; x_wconf 87' lang='lat' dir='ltr'>voluisse:</span> <span class='ocrx_word' id='word_1_16' title='bbox 935 323 1071 361; x_wconf 87' lang='lat' dir='ltr'>ideone</span> <span class='ocrx_word' id='word_1_17' title='bbox 1088 334 1160 372; x_wconf 83' lang='lat' dir='ltr'>ego</span> <span class='ocrx_word' id='word_1_18' title='bbox 1186 322 1275 359; x_wconf 89' lang='lat' dir='ltr'>mihi</span> <span class='ocrx_word' id='word_1_19' title='bbox 1301 323 1523 372; x_wconf 85' lang='lat' dir='ltr'>persuaderi</span> 
     </span>
     <span class='ocr_line' id='line_1_4' title="bbox 81 382 1521 435; baseline -0.001 -13"><span class='ocrx_word' id='word_1_20' title='bbox 81 397 219 435; x_wconf 89' lang='lat' dir='ltr'>passus</span> <span class='ocrx_word' id='word_1_21' title='bbox 245 398 343 429; x_wconf 90' lang='lat' dir='ltr'>sum,</span> <span class='ocrx_word' id='word_1_22' title='bbox 373 385 531 435; x_wconf 90' lang='lat' dir='ltr'>pro.illo</span> <span class='ocrx_word' id='word_1_23' title='bbox 559 385 708 422; x_wconf 84' lang='lat' dir='ltr'>facinus</span> <span class='ocrx_word' id='word_1_24' title='bbox 735 385 873 430; x_wconf 87' lang='lat' dir='ltr'>facere,</span> <span class='ocrx_word' id='word_1_25' title='bbox 899 384 1002 435; x_wconf 91' lang='lat' dir='ltr'>quod</span> <span class='ocrx_word' id='word_1_26' title='bbox 1034 383 1098 421; x_wconf 89' lang='lat' dir='ltr'>ille</span> <span class='ocrx_word' id='word_1_27' title='bbox 1125 382 1209 433; x_wconf 91' lang='lat' dir='ltr'>ipse</span> <span class='ocrx_word' id='word_1_28' title='bbox 1239 382 1319 419; x_wconf 90' lang='lat' dir='ltr'>suis</span> <span class='ocrx_word' id='word_1_29' title='bbox 1346 383 1521 421; x_wconf 89' lang='lat' dir='ltr'>manibus</span> 
     </span>
     <span class='ocr_line' id='line_1_5' title="bbox 85 443 1525 495; baseline 0 -13"><span class='ocrx_word' id='word_1_30' title='bbox 85 451 237 495; x_wconf 85' lang='lat' dir='ltr'>patrare</span> <span class='ocrx_word' id='word_1_31' title='bbox 266 457 342 481; x_wconf 91' lang='lat' dir='ltr'>non</span> <span class='ocrx_word' id='word_1_32' title='bbox 370 444 555 482; x_wconf 77' lang='lat' dir='ltr'><strong>auderet?</strong></span> <span class='ocrx_word' id='word_1_33' title='bbox 611 444 690 482; x_wconf 92' lang='lat' dir='ltr'>Cur</span> <span class='ocrx_word' id='word_1_34' title='bbox 717 444 905 483; x_wconf 72' lang='lat' dir='ltr'>tandem?</span> <span class='ocrx_word' id='word_1_35' title='bbox 934 457 1039 490; x_wconf 91' lang='lat' dir='ltr'>num,</span> <span class='ocrx_word' id='word_1_36' title='bbox 1058 443 1183 494; x_wconf 11' lang='lat' dir='ltr'>equod,</span> <span class='ocrx_word' id='word_1_37' title='bbox 1208 449 1252 480; x_wconf 88' lang='lat' dir='ltr'>ut</span> <span class='ocrx_word' id='word_1_38' title='bbox 1278 455 1350 493; x_wconf 84' lang='lat' dir='ltr'>ego</span> <span class='ocrx_word' id='word_1_39' title='bbox 1368 455 1525 494; x_wconf 87' lang='lat' dir='ltr'>corpore</span> 
     </span>
     <span class='ocr_line' id='line_1_6' title="bbox 88 504 1527 556; baseline -0.001 -13"><span class='ocrx_word' id='word_1_40' title='bbox 88 506 252 544; x_wconf 84' lang='lat' dir='ltr'>valerem</span> <span class='ocrx_word' id='word_1_41' title='bbox 270 518 390 556; x_wconf 88' lang='lat' dir='ltr'>eoque</span> <span class='ocrx_word' id='word_1_42' title='bbox 401 518 470 556; x_wconf 85' lang='lat' dir='ltr'>par</span> <span class='ocrx_word' id='word_1_43' title='bbox 481 518 605 543; x_wconf 90' lang='lat' dir='ltr'>essem</span> <span class='ocrx_word' id='word_1_44' title='bbox 619 506 796 555; x_wconf 88' lang='lat' dir='ltr'>periculis</span> <span class='ocrx_word' id='word_1_45' title='bbox 811 505 1012 550; x_wconf 85' lang='lat' dir='ltr'><strong>obeundis,</strong></span> <span class='ocrx_word' id='word_1_46' title='bbox 1026 505 1166 555; x_wconf 86' lang='lat' dir='ltr'>itaipse</span> <span class='ocrx_word' id='word_1_47' title='bbox 1178 504 1297 554; x_wconf 90' lang='lat' dir='ltr'>copiis</span> <span class='ocrx_word' id='word_1_48' title='bbox 1309 504 1527 542; x_wconf 86' lang='lat' dir='ltr'>nummariis</span> 
     </span>
     <span class='ocr_line' id='line_1_7' title="bbox 88 563 1524 616; baseline -0.001 -14"><span class='ocrx_word' id='word_1_49' title='bbox 88 565 220 604; x_wconf 89' lang='lat' dir='ltr'>valens</span> <span class='ocrx_word' id='word_1_50' title='bbox 240 577 362 602; x_wconf 89' lang='lat' dir='ltr'>meam</span> <span class='ocrx_word' id='word_1_51' title='bbox 382 577 539 615; x_wconf 81' lang='lat' dir='ltr'><strong>operam</strong></span> <span class='ocrx_word' id='word_1_52' title='bbox 558 565 742 603; x_wconf 84' lang='lat' dir='ltr'>redimere</span> <span class='ocrx_word' id='word_1_53' title='bbox 769 564 929 616; x_wconf 74' lang='lat' dir='ltr'>posset?</span> <span class='ocrx_word' id='word_1_54' title='bbox 986 565 1072 601; x_wconf 89' lang='lat' dir='ltr'>Non</span> <span class='ocrx_word' id='word_1_55' title='bbox 1094 564 1247 614; x_wconf 81' lang='lat' dir='ltr'>utique:</span> <span class='ocrx_word' id='word_1_56' title='bbox 1278 563 1352 601; x_wconf 88' lang='lat' dir='ltr'>alia</span> <span class='ocrx_word' id='word_1_57' title='bbox 1371 563 1524 601; x_wconf 87' lang='lat' dir='ltr'>omnia:</span> 
     </span>
     <span class='ocr_line' id='line_1_8' title="bbox 89 624 1529 677; baseline -0.002 -14"><span class='ocrx_word' id='word_1_58' title='bbox 89 627 208 664; x_wconf 90' lang='lat' dir='ltr'>multo</span> <span class='ocrx_word' id='word_1_59' title='bbox 236 626 347 664; x_wconf 88' lang='lat' dir='ltr'>citius</span> <span class='ocrx_word' id='word_1_60' title='bbox 375 638 448 675; x_wconf 84' lang='lat' dir='ltr'>ego</span> <span class='ocrx_word' id='word_1_61' title='bbox 478 626 663 677; x_wconf 86' lang='lat' dir='ltr'>Lycinum</span> <span class='ocrx_word' id='word_1_62' title='bbox 690 626 739 663; x_wconf 89' lang='lat' dir='ltr'>ad</span> <span class='ocrx_word' id='word_1_63' title='bbox 758 632 885 675; x_wconf 87' lang='lat' dir='ltr'>partes</span> <span class='ocrx_word' id='word_1_64' title='bbox 917 625 987 662; x_wconf 92' lang='lat' dir='ltr'>has</span> <span class='ocrx_word' id='word_1_65' title='bbox 1014 624 1207 675; x_wconf 85' lang='lat' dir='ltr'>agendum</span> <span class='ocrx_word' id='word_1_66' title='bbox 1239 624 1529 674; x_wconf 59' lang='lat' dir='ltr'>permovissem3</span> 
     </span>
     <span class='ocr_line' id='line_1_9' title="bbox 89 683 1531 736; baseline -0.002 -12"><span class='ocrx_word' id='word_1_67' title='bbox 89 699 205 736; x_wconf 86' lang='lat' dir='ltr'>quam</span> <span class='ocrx_word' id='word_1_68' title='bbox 233 686 296 723; x_wconf 92' lang='lat' dir='ltr'>ille</span> <span class='ocrx_word' id='word_1_69' title='bbox 317 698 392 730; x_wconf 89' lang='lat' dir='ltr'>me,</span> <span class='ocrx_word' id='word_1_70' title='bbox 413 686 626 724; x_wconf 90' lang='lat' dir='ltr'>secundum</span> <span class='ocrx_word' id='word_1_71' title='bbox 654 686 692 723; x_wconf 93' lang='lat' dir='ltr'>id</span> <span class='ocrx_word' id='word_1_72' title='bbox 712 686 741 722; x_wconf 85' lang='lat' dir='ltr'>si</span> <span class='ocrx_word' id='word_1_73' title='bbox 755 686 963 736; x_wconf 85' lang='lat' dir='ltr'>judicetur,</span> <span class='ocrx_word' id='word_1_74' title='bbox 983 685 1088 735; x_wconf 87' lang='lat' dir='ltr'>quod</span> <span class='ocrx_word' id='word_1_75' title='bbox 1114 685 1151 722; x_wconf 91' lang='lat' dir='ltr'>in</span> <span class='ocrx_word' id='word_1_76' title='bbox 1172 683 1359 735; x_wconf 89' lang='lat' dir='ltr'>ejusmodi</span> <span class='ocrx_word' id='word_1_77' title='bbox 1384 687 1531 721; x_wconf 84' lang='lat' dir='ltr'>recon-</span> 
     </span>
     <span class='ocr_line' id='line_1_10' title="bbox 90 744 1529 796; baseline -0.003 -12"><span class='ocrx_word' id='word_1_78' title='bbox 90 754 316 784; x_wconf 84' lang='lat' dir='ltr'>sentaneum</span> <span class='ocrx_word' id='word_1_79' title='bbox 359 752 438 791; x_wconf 90' lang='lat' dir='ltr'>est;</span> <span class='ocrx_word' id='word_1_80' title='bbox 465 746 639 796; x_wconf 83' lang='lat' dir='ltr'>locuples</span> <span class='ocrx_word' id='word_1_81' title='bbox 673 746 771 783; x_wconf 89' lang='lat' dir='ltr'>enim</span> <span class='ocrx_word' id='word_1_82' title='bbox 808 759 881 796; x_wconf 80' lang='lat' dir='ltr'>ego</span> <span class='ocrx_word' id='word_1_83' title='bbox 915 759 1014 789; x_wconf 90' lang='lat' dir='ltr'>sum,</span> <span class='ocrx_word' id='word_1_84' title='bbox 1046 745 1109 782; x_wconf 88' lang='lat' dir='ltr'>ille</span> <span class='ocrx_word' id='word_1_85' title='bbox 1141 758 1312 795; x_wconf 85' lang='lat' dir='ltr'>pauper:</span> <span class='ocrx_word' id='word_1_86' title='bbox 1341 744 1529 781; x_wconf 88' lang='lat' dir='ltr'>minutum</span> 
     </span>
     <span class='ocr_line' id='line_1_11' title="bbox 89 805 1530 856; baseline -0.001 -13"><span class='ocrx_word' id='word_1_87' title='bbox 89 806 241 856; x_wconf 85' lang='lat' dir='ltr'>quidem</span> <span class='ocrx_word' id='word_1_88' title='bbox 262 819 328 851; x_wconf 85' lang='lat' dir='ltr'>aes,</span> <span class='ocrx_word' id='word_1_89' title='bbox 361 813 508 856; x_wconf 81' lang='lat' dir='ltr'>septem</span> <span class='ocrx_word' id='word_1_90' title='bbox 540 806 781 844; x_wconf 87' lang='lat' dir='ltr'>solummodo</span> <span class='ocrx_word' id='word_1_91' title='bbox 813 807 1012 850; x_wconf 89' lang='lat' dir='ltr'>minarum,</span> <span class='ocrx_word' id='word_1_92' title='bbox 1034 805 1095 842; x_wconf 91' lang='lat' dir='ltr'>die</span> <span class='ocrx_word' id='word_1_93' title='bbox 1132 805 1284 842; x_wconf 89' lang='lat' dir='ltr'>evoluta</span> <span class='ocrx_word' id='word_1_94' title='bbox 1315 805 1530 855; x_wconf 87' lang='lat' dir='ltr'>persolvere</span> 
     </span>
     <span class='ocr_line' id='line_1_12' title="bbox 89 865 1532 916; baseline -0.002 -12"><span class='ocrx_word' id='word_1_95' title='bbox 89 880 166 904; x_wconf 89' lang='lat' dir='ltr'>non</span> <span class='ocrx_word' id='word_1_96' title='bbox 185 872 359 916; x_wconf 88' lang='lat' dir='ltr'>poterat;</span> <span class='ocrx_word' id='word_1_97' title='bbox 389 879 506 916; x_wconf 84' lang='lat' dir='ltr'>quare</span> <span class='ocrx_word' id='word_1_98' title='bbox 533 866 642 904; x_wconf 88' lang='lat' dir='ltr'>amici</span> <span class='ocrx_word' id='word_1_99' title='bbox 663 879 820 904; x_wconf 88' lang='lat' dir='ltr'>necesse</span> <span class='ocrx_word' id='word_1_100' title='bbox 849 867 1042 904; x_wconf 87' lang='lat' dir='ltr'>habebant</span> <span class='ocrx_word' id='word_1_101' title='bbox 1065 878 1154 903; x_wconf 90' lang='lat' dir='ltr'>eum</span> <span class='ocrx_word' id='word_1_102' title='bbox 1173 866 1270 915; x_wconf 86' lang='lat' dir='ltr'>stipe</span> <span class='ocrx_word' id='word_1_103' title='bbox 1297 865 1482 902; x_wconf 86' lang='lat' dir='ltr'>collatitia</span> <span class='ocrx_word' id='word_1_104' title='bbox 1508 877 1532 902; x_wconf 87' lang='lat' dir='ltr'>a</span> 
     </span>
     <span class='ocr_line' id='line_1_13' title="bbox 89 927 1532 977; baseline -0.002 -12"><span class='ocrx_word' id='word_1_105' title='bbox 89 927 264 965; x_wconf 90' lang='lat' dir='ltr'>custodia</span> <span class='ocrx_word' id='word_1_106' title='bbox 285 927 457 964; x_wconf 88' lang='lat' dir='ltr'>liberare.</span> <span class='ocrx_word' id='word_1_107' title='bbox 514 927 706 965; x_wconf 83' lang='lat' dir='ltr'>Praeterea</span> <span class='ocrx_word' id='word_1_108' title='bbox 724 941 802 966; x_wconf 89' lang='lat' dir='ltr'>non</span> <span class='ocrx_word' id='word_1_109' title='bbox 822 941 985 977; x_wconf 81' lang='lat' dir='ltr'>magnus</span> <span class='ocrx_word' id='word_1_110' title='bbox 1006 927 1115 964; x_wconf 86' lang='lat' dir='ltr'>nobis</span> <span class='ocrx_word' id='word_1_111' title='bbox 1135 939 1230 964; x_wconf 91' lang='lat' dir='ltr'>usus</span> <span class='ocrx_word' id='word_1_112' title='bbox 1251 933 1406 963; x_wconf 83' lang='lat' dir='ltr'>mutuus</span> <span class='ocrx_word' id='word_1_113' title='bbox 1426 932 1532 969; x_wconf 83' lang='lat' dir='ltr'>erat;</span> 
     </span>
     <span class='ocr_line' id='line_1_14' title="bbox 92 986 1534 1039; baseline 0 -16"><span class='ocrx_word' id='word_1_114' title='bbox 92 999 169 1024; x_wconf 89' lang='lat' dir='ltr'>non</span> <span class='ocrx_word' id='word_1_115' title='bbox 193 993 296 1024; x_wconf 86' lang='lat' dir='ltr'>certe</span> <span class='ocrx_word' id='word_1_116' title='bbox 334 994 477 1032; x_wconf 89' lang='lat' dir='ltr'>tantus,</span> <span class='ocrx_word' id='word_1_117' title='bbox 506 994 550 1025; x_wconf 92' lang='lat' dir='ltr'>ut</span> <span class='ocrx_word' id='word_1_118' title='bbox 579 988 745 1039; x_wconf 86' lang='lat' dir='ltr'>imperiis</span> <span class='ocrx_word' id='word_1_119' title='bbox 783 989 866 1039; x_wconf 88' lang='lat' dir='ltr'>ejus</span> <span class='ocrx_word' id='word_1_120' title='bbox 898 988 1191 1038; x_wconf 88' lang='lat' dir='ltr'>quibuscunque</span> <span class='ocrx_word' id='word_1_121' title='bbox 1227 986 1456 1030; x_wconf 77' lang='lat' dir='ltr'>famularer:</span> <span class='ocrx_word' id='word_1_122' title='bbox 1486 987 1534 1024; x_wconf 91' lang='lat' dir='ltr'>de</span> 
     </span>
     <span class='ocr_line' id='line_1_15' title="bbox 91 1047 1535 1097; baseline -0.001 -13"><span class='ocrx_word' id='word_1_123' title='bbox 91 1061 167 1097; x_wconf 91' lang='lat' dir='ltr'>quo</span> <span class='ocrx_word' id='word_1_124' title='bbox 202 1055 245 1085; x_wconf 93' lang='lat' dir='ltr'>ut</span> <span class='ocrx_word' id='word_1_125' title='bbox 280 1049 388 1086; x_wconf 84' lang='lat' dir='ltr'>vobis</span> <span class='ocrx_word' id='word_1_126' title='bbox 416 1056 580 1092; x_wconf 84' lang='lat' dir='ltr'>constet,</span> <span class='ocrx_word' id='word_1_127' title='bbox 614 1050 770 1087; x_wconf 82' lang='lat' dir='ltr'>afferam</span> <span class='ocrx_word' id='word_1_128' title='bbox 801 1049 1142 1086; x_wconf 87' lang='lat' dir='ltr'>luculentissimum</span> <span class='ocrx_word' id='word_1_129' title='bbox 1172 1048 1474 1085; x_wconf 91' lang='lat' dir='ltr'>documentum:</span> <span class='ocrx_word' id='word_1_130' title='bbox 1504 1047 1535 1084; x_wconf 91' lang='lat' dir='ltr'>si</span> 
     </span>
     <span class='ocr_line' id='line_1_16' title="bbox 92 1109 1536 1160; baseline 0.001 -15"><span class='ocrx_word' id='word_1_131' title='bbox 92 1116 168 1146; x_wconf 89' lang='lat' dir='ltr'>tam</span> <span class='ocrx_word' id='word_1_132' title='bbox 191 1121 302 1146; x_wconf 86' lang='lat' dir='ltr'>carus</span> <span class='ocrx_word' id='word_1_133' title='bbox 321 1110 412 1146; x_wconf 82' lang='lat' dir='ltr'>mihi</span> <span class='ocrx_word' id='word_1_134' title='bbox 435 1110 550 1146; x_wconf 83' lang='lat' dir='ltr'>homo</span> <span class='ocrx_word' id='word_1_135' title='bbox 570 1111 716 1155; x_wconf 88' lang='lat' dir='ltr'>fuisset,</span> <span class='ocrx_word' id='word_1_136' title='bbox 738 1117 782 1147; x_wconf 88' lang='lat' dir='ltr'>ut</span> <span class='ocrx_word' id='word_1_137' title='bbox 804 1110 887 1160; x_wconf 86' lang='lat' dir='ltr'>ejus</span> <span class='ocrx_word' id='word_1_138' title='bbox 909 1111 946 1147; x_wconf 87' lang='lat' dir='ltr'>in</span> <span class='ocrx_word' id='word_1_139' title='bbox 967 1110 1125 1160; x_wconf 81' lang='lat' dir='ltr'>gratiam</span> <span class='ocrx_word' id='word_1_140' title='bbox 1151 1122 1270 1159; x_wconf 90' lang='lat' dir='ltr'>eoque</span> <span class='ocrx_word' id='word_1_141' title='bbox 1284 1109 1442 1159; x_wconf 87' lang='lat' dir='ltr'>jubente</span> <span class='ocrx_word' id='word_1_142' title='bbox 1461 1109 1536 1146; x_wconf 87' lang='lat' dir='ltr'>tol-</span> 
     </span>
     <span class='ocr_line' id='line_1_17' title="bbox 94 1167 1536 1219; baseline 0.001 -15"><span class='ocrx_word' id='word_1_143' title='bbox 94 1167 207 1205; x_wconf 90' lang='lat' dir='ltr'>lendo</span> <span class='ocrx_word' id='word_1_144' title='bbox 240 1168 393 1205; x_wconf 89' lang='lat' dir='ltr'>homine</span> <span class='ocrx_word' id='word_1_145' title='bbox 422 1170 537 1206; x_wconf 85' lang='lat' dir='ltr'>vitam</span> <span class='ocrx_word' id='word_1_146' title='bbox 563 1170 644 1219; x_wconf 89' lang='lat' dir='ltr'>ipse</span> <span class='ocrx_word' id='word_1_147' title='bbox 669 1183 791 1207; x_wconf 84' lang='lat' dir='ltr'>meam</span> <span class='ocrx_word' id='word_1_148' title='bbox 815 1171 852 1206; x_wconf 89' lang='lat' dir='ltr'>in</span> <span class='ocrx_word' id='word_1_149' title='bbox 872 1170 1076 1208; x_wconf 89' lang='lat' dir='ltr'>discrimen</span> <span class='ocrx_word' id='word_1_150' title='bbox 1101 1170 1246 1214; x_wconf 87' lang='lat' dir='ltr'>darem,</span> <span class='ocrx_word' id='word_1_151' title='bbox 1265 1169 1386 1206; x_wconf 89' lang='lat' dir='ltr'>multo</span> <span class='ocrx_word' id='word_1_152' title='bbox 1415 1169 1536 1218; x_wconf 84' lang='lat' dir='ltr'>magis</span> 
     </span>
     <span class='ocr_line' id='line_1_18' title="bbox 93 1227 1540 1279; baseline 0.001 -15"><span class='ocrx_word' id='word_1_153' title='bbox 93 1234 239 1278; x_wconf 85' lang='lat' dir='ltr'>septem</span> <span class='ocrx_word' id='word_1_154' title='bbox 260 1227 342 1264; x_wconf 89' lang='lat' dir='ltr'>illas</span> <span class='ocrx_word' id='word_1_155' title='bbox 368 1228 490 1265; x_wconf 90' lang='lat' dir='ltr'>minas</span> <span class='ocrx_word' id='word_1_156' title='bbox 510 1241 578 1278; x_wconf 91' lang='lat' dir='ltr'>pro</span> <span class='ocrx_word' id='word_1_157' title='bbox 593 1242 639 1266; x_wconf 93' lang='lat' dir='ltr'>eo</span> <span class='ocrx_word' id='word_1_158' title='bbox 658 1230 826 1274; x_wconf 90' lang='lat' dir='ltr'>luissem‚</span> <span class='ocrx_word' id='word_1_159' title='bbox 856 1243 983 1279; x_wconf 90' lang='lat' dir='ltr'>neque</span> <span class='ocrx_word' id='word_1_160' title='bbox 1003 1230 1279 1267; x_wconf 87' lang='lat' dir='ltr'>commisissem</span> <span class='ocrx_word' id='word_1_161' title='bbox 1299 1236 1342 1266; x_wconf 91' lang='lat' dir='ltr'>ut</span> <span class='ocrx_word' id='word_1_162' title='bbox 1359 1242 1382 1266; x_wconf 90' lang='lat' dir='ltr'>a</span> <span class='ocrx_word' id='word_1_163' title='bbox 1411 1230 1540 1267; x_wconf 85' lang='lat' dir='ltr'>vincu-</span> 
     </span>
     <span class='ocr_line' id='line_1_19' title="bbox 92 1289 1538 1340; baseline 0.001 -15"><span class='ocrx_word' id='word_1_164' title='bbox 92 1289 213 1326; x_wconf 90' lang='lat' dir='ltr'>lorum</span> <span class='ocrx_word' id='word_1_165' title='bbox 246 1289 426 1326; x_wconf 78' lang='lat' dir='ltr'>molestiis</span> <span class='ocrx_word' id='word_1_166' title='bbox 454 1301 590 1339; x_wconf 91' lang='lat' dir='ltr'>corpus</span> <span class='ocrx_word' id='word_1_167' title='bbox 621 1290 655 1326; x_wconf 86' lang='lat' dir='ltr'>ei</span> <span class='ocrx_word' id='word_1_168' title='bbox 692 1298 1022 1340; x_wconf 76' lang='lat' dir='ltr'>corrumperetur:</span> <span class='ocrx_word' id='word_1_169' title='bbox 1059 1302 1134 1340; x_wconf 83' lang='lat' dir='ltr'>ego</span> <span class='ocrx_word' id='word_1_170' title='bbox 1166 1302 1254 1326; x_wconf 87' lang='lat' dir='ltr'>vero</span> <span class='ocrx_word' id='word_1_171' title='bbox 1283 1290 1431 1327; x_wconf 85' lang='lat' dir='ltr'>minuto</span> <span class='ocrx_word' id='word_1_172' title='bbox 1464 1290 1538 1327; x_wconf 86' lang='lat' dir='ltr'>hoo</span> 
     </span>
     <span class='ocr_line' id='line_1_20' title="bbox 92 1348 1539 1394; baseline 0.002 -9"><span class='ocrx_word' id='word_1_173' title='bbox 92 1349 131 1385; x_wconf 88' lang='lat' dir='ltr'>in</span> <span class='ocrx_word' id='word_1_174' title='bbox 151 1348 278 1386; x_wconf 92' lang='lat' dir='ltr'>officio</span> <span class='ocrx_word' id='word_1_175' title='bbox 297 1362 384 1386; x_wconf 91' lang='lat' dir='ltr'>cum</span> <span class='ocrx_word' id='word_1_176' title='bbox 406 1349 439 1386; x_wconf 87' lang='lat' dir='ltr'>ei</span> <span class='ocrx_word' id='word_1_177' title='bbox 459 1349 656 1394; x_wconf 85' lang='lat' dir='ltr'>defuerim,</span> <span class='ocrx_word' id='word_1_178' title='bbox 685 1351 805 1388; x_wconf 89' lang='lat' dir='ltr'>multo</span> <span class='ocrx_word' id='word_1_179' title='bbox 830 1351 955 1388; x_wconf 91' lang='lat' dir='ltr'>minus</span> <span class='ocrx_word' id='word_1_180' title='bbox 976 1350 1194 1389; x_wconf 85' lang='lat' dir='ltr'>censendus</span> <span class='ocrx_word' id='word_1_181' title='bbox 1214 1362 1297 1387; x_wconf 89' lang='lat' dir='ltr'>sum</span> <span class='ocrx_word' id='word_1_182' title='bbox 1317 1350 1355 1387; x_wconf 90' lang='lat' dir='ltr'>in</span> <span class='ocrx_word' id='word_1_183' title='bbox 1375 1363 1415 1388; x_wconf 89' lang='lat' dir='ltr'>re</span> <span class='ocrx_word' id='word_1_184' title='bbox 1432 1357 1539 1388; x_wconf 83' lang='lat' dir='ltr'>tanta</span> 
     </span>
     <span class='ocr_line' id='line_1_21' title="bbox 45 1410 1308 1462; baseline 0.002 -16"><span class='ocrx_word' id='word_1_185' title='bbox 45 1425 49 1430; x_wconf 71' lang='lat'>¹</span> <span class='ocrx_word' id='word_1_186' title='bbox 93 1415 134 1447; x_wconf 89' lang='lat' dir='ltr'>et</span> <span class='ocrx_word' id='word_1_187' title='bbox 150 1416 226 1447; x_wconf 91' lang='lat' dir='ltr'>tam</span> <span class='ocrx_word' id='word_1_188' title='bbox 245 1410 398 1460; x_wconf 86' lang='lat' dir='ltr'>capitali</span> <span class='ocrx_word' id='word_1_189' title='bbox 417 1422 551 1447; x_wconf 90' lang='lat' dir='ltr'>manus</span> <span class='ocrx_word' id='word_1_190' title='bbox 571 1423 666 1447; x_wconf 88' lang='lat' dir='ltr'>meae</span> <span class='ocrx_word' id='word_1_191' title='bbox 678 1423 831 1461; x_wconf 87' lang='lat' dir='ltr'>operam</span> <span class='ocrx_word' id='word_1_192' title='bbox 853 1411 924 1462; x_wconf 89' lang='lat' dir='ltr'>ipsi</span> <span class='ocrx_word' id='word_1_193' title='bbox 945 1410 1308 1449; x_wconf 85' lang='lat' dir='ltr'>accommodavisse.</span> 
     </span>
    </p>

    <p class='ocr_par' dir='ltr' id='par_1_3' title="bbox 97 1470 1565 2918">
     <span class='ocr_line' id='line_1_22' title="bbox 151 1470 1542 1522; baseline 0.001 -15"><span class='ocrx_word' id='word_1_194' title='bbox 151 1471 215 1508; x_wconf 84' lang='lat'>12.</span> <span class='ocrx_word' id='word_1_195' title='bbox 244 1470 408 1507; x_wconf 85' lang='lat' dir='ltr'>Planum</span> <span class='ocrx_word' id='word_1_196' title='bbox 423 1470 504 1521; x_wconf 83' lang='lat' dir='ltr'>jam</span> <span class='ocrx_word' id='word_1_197' title='bbox 521 1470 605 1515; x_wconf 86' lang='lat' dir='ltr'>feci,</span> <span class='ocrx_word' id='word_1_198' title='bbox 625 1472 753 1521; x_wconf 88' lang='lat' dir='ltr'>quoad</span> <span class='ocrx_word' id='word_1_199' title='bbox 773 1472 894 1522; x_wconf 83' lang='lat' dir='ltr'>potui,</span> <span class='ocrx_word' id='word_1_200' title='bbox 913 1484 1038 1521; x_wconf 87' lang='lat' dir='ltr'>neque</span> <span class='ocrx_word' id='word_1_201' title='bbox 1064 1484 1085 1508; x_wconf 94' lang='lat' dir='ltr'>a</span> <span class='ocrx_word' id='word_1_202' title='bbox 1109 1484 1170 1508; x_wconf 91' lang='lat' dir='ltr'>me</span> <span class='ocrx_word' id='word_1_203' title='bbox 1195 1484 1322 1521; x_wconf 90' lang='lat' dir='ltr'>neque</span> <span class='ocrx_word' id='word_1_204' title='bbox 1351 1484 1374 1508; x_wconf 87' lang='lat' dir='ltr'>a</span> <span class='ocrx_word' id='word_1_205' title='bbox 1392 1470 1542 1522; x_wconf 82' lang='lat' dir='ltr'>Lycino</span> 
     </span>
     <span class='ocr_line' id='line_1_23' title="bbox 97 1533 1544 1585; baseline 0.002 -15"><span class='ocrx_word' id='word_1_206' title='bbox 97 1533 242 1570; x_wconf 86' lang='lat' dir='ltr'>caedem</span> <span class='ocrx_word' id='word_1_207' title='bbox 262 1533 362 1570; x_wconf 87' lang='lat' dir='ltr'>hanc</span> <span class='ocrx_word' id='word_1_208' title='bbox 381 1545 468 1570; x_wconf 89' lang='lat' dir='ltr'>esse</span> <span class='ocrx_word' id='word_1_209' title='bbox 481 1541 675 1583; x_wconf 81' lang='lat' dir='ltr'>peractam</span> <span class='ocrx_word' id='word_1_210' title='bbox 692 1547 702 1573; x_wconf 69' lang='grc' dir='ltr'>ι</span> <span class='ocrx_word' id='word_1_211' title='bbox 731 1535 799 1571; x_wconf 89' lang='lat' dir='ltr'>sed</span> <span class='ocrx_word' id='word_1_212' title='bbox 814 1535 888 1572; x_wconf 89' lang='lat' dir='ltr'>hoc</span> <span class='ocrx_word' id='word_1_213' title='bbox 904 1535 1080 1572; x_wconf 90' lang='lat' dir='ltr'>videntur</span> <span class='ocrx_word' id='word_1_214' title='bbox 1096 1542 1320 1585; x_wconf 82' lang='lat' dir='ltr'>argumento</span> <span class='ocrx_word' id='word_1_215' title='bbox 1339 1535 1544 1573; x_wconf 84' lang='lat' dir='ltr'>adversarii</span> 
     </span>
     <span class='ocr_line' id='line_1_24' title="bbox 98 1593 1544 1646; baseline 0.002 -16"><span class='ocrx_word' id='word_1_216' title='bbox 98 1607 213 1644; x_wconf 89' lang='lat' dir='ltr'>quam</span> <span class='ocrx_word' id='word_1_217' title='bbox 232 1593 394 1631; x_wconf 83' lang='lat' dir='ltr'>maxime</span> <span class='ocrx_word' id='word_1_218' title='bbox 419 1594 540 1630; x_wconf 89' lang='lat' dir='ltr'>nixuri</span> <span class='ocrx_word' id='word_1_219' title='bbox 558 1594 669 1644; x_wconf 88' lang='lat' dir='ltr'>idque</span> <span class='ocrx_word' id='word_1_220' title='bbox 690 1596 871 1633; x_wconf 86' lang='lat' dir='ltr'>acerrime</span> <span class='ocrx_word' id='word_1_221' title='bbox 887 1596 1079 1645; x_wconf 84' lang='lat' dir='ltr'>agitaturi‚</span> <span class='ocrx_word' id='word_1_222' title='bbox 1098 1596 1200 1646; x_wconf 92' lang='lat' dir='ltr'>quod</span> <span class='ocrx_word' id='word_1_223' title='bbox 1222 1596 1398 1634; x_wconf 90' lang='lat' dir='ltr'>Herodes</span> <span class='ocrx_word' id='word_1_224' title='bbox 1415 1603 1544 1634; x_wconf 89' lang='lat' dir='ltr'>tamen</span> 
     </span>
     <span class='ocr_line' id='line_1_25' title="bbox 99 1654 1544 1707; baseline 0.003 -16"><span class='ocrx_word' id='word_1_225' title='bbox 99 1667 288 1704; x_wconf 88' lang='lat' dir='ltr'>nusquam</span> <span class='ocrx_word' id='word_1_226' title='bbox 322 1654 492 1691; x_wconf 88' lang='lat' dir='ltr'>locorum</span> <span class='ocrx_word' id='word_1_227' title='bbox 530 1655 568 1691; x_wconf 88' lang='lat' dir='ltr'>in</span> <span class='ocrx_word' id='word_1_228' title='bbox 604 1663 854 1706; x_wconf 90' lang='lat' dir='ltr'>conspectum</span> <span class='ocrx_word' id='word_1_229' title='bbox 891 1657 1076 1706; x_wconf 87' lang='lat' dir='ltr'>prodeat;</span> <span class='ocrx_word' id='word_1_230' title='bbox 1105 1664 1144 1695; x_wconf 90' lang='lat' dir='ltr'>et</span> <span class='ocrx_word' id='word_1_231' title='bbox 1172 1670 1240 1694; x_wconf 88' lang='lat' dir='ltr'>vos</span> <span class='ocrx_word' id='word_1_232' title='bbox 1269 1657 1354 1707; x_wconf 89' lang='lat' dir='ltr'>ipsi,</span> <span class='ocrx_word' id='word_1_233' title='bbox 1378 1657 1544 1707; x_wconf 88' lang='lat' dir='ltr'>judices,</span> 
     </span>
     <span class='ocr_line' id='line_1_26' title="bbox 102 1714 1546 1767; baseline 0.003 -16"><span class='ocrx_word' id='word_1_234' title='bbox 102 1715 192 1752; x_wconf 90' lang='lat' dir='ltr'>mihi</span> <span class='ocrx_word' id='word_1_235' title='bbox 210 1714 388 1752; x_wconf 88' lang='lat' dir='ltr'>videmini</span> <span class='ocrx_word' id='word_1_236' title='bbox 403 1727 611 1765; x_wconf 84' lang='lat' dir='ltr'>percupere</span> <span class='ocrx_word' id='word_1_237' title='bbox 627 1716 768 1761; x_wconf 87' lang='lat' dir='ltr'>audire,</span> <span class='ocrx_word' id='word_1_238' title='bbox 786 1716 967 1766; x_wconf 89' lang='lat' dir='ltr'>quidnam</span> <span class='ocrx_word' id='word_1_239' title='bbox 984 1730 1057 1767; x_wconf 86' lang='lat' dir='ltr'>ego</span> <span class='ocrx_word' id='word_1_240' title='bbox 1072 1717 1125 1754; x_wconf 91' lang='lat' dir='ltr'>illi</span> <span class='ocrx_word' id='word_1_241' title='bbox 1139 1724 1365 1767; x_wconf 82' lang='lat' dir='ltr'>argumento</span> <span class='ocrx_word' id='word_1_242' title='bbox 1383 1717 1546 1755; x_wconf 87' lang='lat' dir='ltr'>babeam</span> 
     </span>
     <span class='ocr_line' id='line_1_27' title="bbox 102 1775 1547 1828; baseline 0.003 -17"><span class='ocrx_word' id='word_1_243' title='bbox 102 1787 310 1826; x_wconf 87' lang='lat' dir='ltr'>opponere.</span> <span class='ocrx_word' id='word_1_244' title='bbox 378 1775 581 1824; x_wconf 89' lang='lat' dir='ltr'>Opponam</span> <span class='ocrx_word' id='word_1_245' title='bbox 624 1788 758 1827; x_wconf 89' lang='lat' dir='ltr'>nempe</span> <span class='ocrx_word' id='word_1_246' title='bbox 795 1777 918 1814; x_wconf 83' lang='lat' dir='ltr'>istaec.</span> <span class='ocrx_word' id='word_1_247' title='bbox 985 1778 1025 1814; x_wconf 90' lang='lat' dir='ltr'>Si</span> <span class='ocrx_word' id='word_1_248' title='bbox 1062 1777 1168 1814; x_wconf 88' lang='lat' dir='ltr'>aliud</span> <span class='ocrx_word' id='word_1_249' title='bbox 1204 1777 1297 1814; x_wconf 86' lang='lat' dir='ltr'>nihil</span> <span class='ocrx_word' id='word_1_250' title='bbox 1334 1778 1547 1828; x_wconf 87' lang='lat' dir='ltr'>postulant,</span> 
     </span>
     <span class='ocr_line' id='line_1_28' title="bbox 104 1837 1551 1890; baseline 0.003 -17"><span class='ocrx_word' id='word_1_251' title='bbox 104 1849 218 1887; x_wconf 88' lang='lat' dir='ltr'>quam</span> <span class='ocrx_word' id='word_1_252' title='bbox 249 1845 293 1874; x_wconf 89' lang='lat' dir='ltr'>ut</span> <span class='ocrx_word' id='word_1_253' title='bbox 322 1837 556 1887; x_wconf 86' lang='lat' dir='ltr'>probabilem</span> <span class='ocrx_word' id='word_1_254' title='bbox 587 1837 751 1887; x_wconf 89' lang='lat' dir='ltr'>aliquam</span> <span class='ocrx_word' id='word_1_255' title='bbox 782 1840 1039 1890; x_wconf 86' lang='lat' dir='ltr'>conjecturam</span> <span class='ocrx_word' id='word_1_256' title='bbox 1072 1839 1183 1877; x_wconf 88' lang='lat' dir='ltr'>edam</span> <span class='ocrx_word' id='word_1_257' title='bbox 1216 1839 1264 1877; x_wconf 89' lang='lat' dir='ltr'>de</span> <span class='ocrx_word' id='word_1_258' title='bbox 1293 1841 1439 1878; x_wconf 86' lang='lat' dir='ltr'>ratione</span> <span class='ocrx_word' id='word_1_259' title='bbox 1472 1853 1551 1890; x_wconf 88' lang='lat' dir='ltr'>qua</span> 
     </span>
     <span class='ocr_line' id='line_1_29' title="bbox 104 1897 1550 1951; baseline 0.003 -16"><span class='ocrx_word' id='word_1_260' title='bbox 104 1898 270 1947; x_wconf 88' lang='lat' dir='ltr'>potuerit</span> <span class='ocrx_word' id='word_1_261' title='bbox 290 1897 466 1935; x_wconf 89' lang='lat' dir='ltr'>Herodes</span> <span class='ocrx_word' id='word_1_262' title='bbox 481 1899 703 1948; x_wconf 88' lang='lat' dir='ltr'>conspectui</span> <span class='ocrx_word' id='word_1_263' title='bbox 723 1899 918 1936; x_wconf 88' lang='lat' dir='ltr'>hominum</span> <span class='ocrx_word' id='word_1_264' title='bbox 939 1901 1049 1951; x_wconf 86' lang='lat' dir='ltr'>eripi,</span> <span class='ocrx_word' id='word_1_265' title='bbox 1071 1914 1147 1938; x_wconf 90' lang='lat' dir='ltr'>non</span> <span class='ocrx_word' id='word_1_266' title='bbox 1168 1901 1289 1951; x_wconf 83' lang='lat' dir='ltr'>magis</span> <span class='ocrx_word' id='word_1_267' title='bbox 1304 1908 1363 1938; x_wconf 91' lang='lat' dir='ltr'>est</span> <span class='ocrx_word' id='word_1_268' title='bbox 1384 1913 1452 1939; x_wconf 89' lang='lat' dir='ltr'>cur</span> <span class='ocrx_word' id='word_1_269' title='bbox 1470 1901 1507 1938; x_wconf 91' lang='lat' dir='ltr'>id</span> <span class='ocrx_word' id='word_1_270' title='bbox 1527 1915 1550 1939; x_wconf 85' lang='lat' dir='ltr'>a</span> 
     </span>
     <span class='ocr_line' id='line_1_30' title="bbox 105 1958 1551 2012; baseline 0.004 -18"><span class='ocrx_word' id='word_1_271' title='bbox 105 1971 166 1995; x_wconf 88' lang='lat' dir='ltr'>me</span> <span class='ocrx_word' id='word_1_272' title='bbox 197 1958 353 2008; x_wconf 82' lang='lat' dir='ltr'>exigant</span> <span class='ocrx_word' id='word_1_273' title='bbox 392 1971 507 2008; x_wconf 87' lang='lat' dir='ltr'>quarn</span> <span class='ocrx_word' id='word_1_274' title='bbox 530 1972 553 1995; x_wconf 91' lang='lat' dir='ltr'>a</span> <span class='ocrx_word' id='word_1_275' title='bbox 583 1960 717 2002; x_wconf 77' lang='lat' dir='ltr'>vobis3</span> <span class='ocrx_word' id='word_1_276' title='bbox 745 1972 832 1996; x_wconf 89' lang='lat' dir='ltr'>nam</span> <span class='ocrx_word' id='word_1_277' title='bbox 860 1960 909 1997; x_wconf 91' lang='lat' dir='ltr'>ad</span> <span class='ocrx_word' id='word_1_278' title='bbox 942 1974 1002 1998; x_wconf 89' lang='lat' dir='ltr'>me</span> <span class='ocrx_word' id='word_1_279' title='bbox 1028 1974 1105 1998; x_wconf 92' lang='lat' dir='ltr'>non</span> <span class='ocrx_word' id='word_1_280' title='bbox 1130 1962 1252 2012; x_wconf 83' lang='lat' dir='ltr'>magis</span> <span class='ocrx_word' id='word_1_281' title='bbox 1282 1962 1356 1999; x_wconf 86' lang='lat' dir='ltr'>hoc</span> <span class='ocrx_word' id='word_1_282' title='bbox 1387 1963 1551 2012; x_wconf 84' lang='lat' dir='ltr'>pertinet</span> 
     </span>
     <span class='ocr_line' id='line_1_31' title="bbox 106 2018 1550 2072; baseline 0.003 -17"><span class='ocrx_word' id='word_1_283' title='bbox 106 2032 219 2069; x_wconf 86' lang='lat' dir='ltr'>quam</span> <span class='ocrx_word' id='word_1_284' title='bbox 246 2018 294 2055; x_wconf 90' lang='lat' dir='ltr'>ad</span> <span class='ocrx_word' id='word_1_285' title='bbox 326 2031 409 2062; x_wconf 87' lang='lat' dir='ltr'>vos,</span> <span class='ocrx_word' id='word_1_286' title='bbox 437 2031 524 2055; x_wconf 90' lang='lat' dir='ltr'>nam</span> <span class='ocrx_word' id='word_1_287' title='bbox 552 2031 624 2069; x_wconf 80' lang='lat' dir='ltr'>ego</span> <span class='ocrx_word' id='word_1_288' title='bbox 655 2032 732 2056; x_wconf 91' lang='lat' dir='ltr'>non</span> <span class='ocrx_word' id='word_1_289' title='bbox 760 2021 882 2070; x_wconf 78' lang='lat' dir='ltr'>magis</span> <span class='ocrx_word' id='word_1_290' title='bbox 908 2021 981 2058; x_wconf 89' lang='lat' dir='ltr'>hoc</span> <span class='ocrx_word' id='word_1_291' title='bbox 1007 2021 1155 2058; x_wconf 84' lang='lat' dir='ltr'>facinus</span> <span class='ocrx_word' id='word_1_292' title='bbox 1179 2022 1324 2072; x_wconf 86' lang='lat' dir='ltr'>patravi</span> <span class='ocrx_word' id='word_1_293' title='bbox 1347 2035 1460 2072; x_wconf 90' lang='lat' dir='ltr'>quam</span> <span class='ocrx_word' id='word_1_294' title='bbox 1480 2035 1550 2060; x_wconf 79' lang='lat' dir='ltr'>vos</span> 
     </span>
     <span class='ocr_line' id='line_1_32' title="bbox 107 2079 1550 2132; baseline 0.003 -16"><span class='ocrx_word' id='word_1_295' title='bbox 107 2079 312 2129; x_wconf 89' lang='lat' dir='ltr'>patrastis:</span> <span class='ocrx_word' id='word_1_296' title='bbox 354 2079 412 2115; x_wconf 91' lang='lat' dir='ltr'>sin</span> <span class='ocrx_word' id='word_1_297' title='bbox 447 2086 574 2116; x_wconf 89' lang='lat' dir='ltr'>autem</span> <span class='ocrx_word' id='word_1_298' title='bbox 613 2092 739 2116; x_wconf 90' lang='lat' dir='ltr'>veram</span> <span class='ocrx_word' id='word_1_299' title='bbox 779 2081 830 2117; x_wconf 88' lang='lat' dir='ltr'>rei</span> <span class='ocrx_word' id='word_1_300' title='bbox 864 2087 985 2130; x_wconf 82' lang='lat' dir='ltr'>gestae</span> <span class='ocrx_word' id='word_1_301' title='bbox 1022 2082 1208 2119; x_wconf 78' lang='lat' dir='ltr'>rationem</span> <span class='ocrx_word' id='word_1_302' title='bbox 1250 2094 1365 2119; x_wconf 88' lang='lat' dir='ltr'>nosse</span> <span class='ocrx_word' id='word_1_303' title='bbox 1403 2083 1550 2132; x_wconf 86' lang='lat' dir='ltr'>volunt,</span> 
     </span>
     <span class='ocr_line' id='line_1_33' title="bbox 107 2139 1550 2191; baseline 0.003 -14"><span class='ocrx_word' id='word_1_304' title='bbox 107 2152 235 2177; x_wconf 91' lang='lat' dir='ltr'>eorum</span> <span class='ocrx_word' id='word_1_305' title='bbox 265 2139 430 2189; x_wconf 88' lang='lat' dir='ltr'>aliquem</span> <span class='ocrx_word' id='word_1_306' title='bbox 462 2139 723 2189; x_wconf 84' lang='lat' dir='ltr'>interroganto</span> <span class='ocrx_word' id='word_1_307' title='bbox 754 2141 819 2190; x_wconf 91' lang='lat' dir='ltr'>qui</span> <span class='ocrx_word' id='word_1_308' title='bbox 851 2141 1000 2178; x_wconf 85' lang='lat' dir='ltr'>facinus</span> <span class='ocrx_word' id='word_1_309' title='bbox 1031 2148 1252 2191; x_wconf 76' lang='lat' dir='ltr'>patrarunt3</span> <span class='ocrx_word' id='word_1_310' title='bbox 1281 2154 1371 2179; x_wconf 88' lang='lat' dir='ltr'>nam</span> <span class='ocrx_word' id='word_1_311' title='bbox 1404 2144 1452 2179; x_wconf 88' lang='lat' dir='ltr'>ab</span> <span class='ocrx_word' id='word_1_312' title='bbox 1483 2143 1550 2181; x_wconf 88' lang='lat' dir='ltr'>illo</span> 
     </span>
     <span class='ocr_line' id='line_1_34' title="bbox 107 2199 1551 2252; baseline 0.003 -15"><span class='ocrx_word' id='word_1_313' title='bbox 107 2200 277 2237; x_wconf 88' lang='lat' dir='ltr'>omnium</span> <span class='ocrx_word' id='word_1_314' title='bbox 314 2199 457 2249; x_wconf 90' lang='lat' dir='ltr'>optime</span> <span class='ocrx_word' id='word_1_315' title='bbox 486 2205 599 2249; x_wconf 88' lang='lat' dir='ltr'>atque</span> <span class='ocrx_word' id='word_1_316' title='bbox 625 2200 836 2237; x_wconf 82' lang='lat' dir='ltr'>certissime</span> <span class='ocrx_word' id='word_1_317' title='bbox 861 2213 940 2237; x_wconf 90' lang='lat' dir='ltr'>rem</span> <span class='ocrx_word' id='word_1_318' title='bbox 972 2201 1198 2252; x_wconf 81' lang='lat' dir='ltr'>intelligant.</span> <span class='ocrx_word' id='word_1_319' title='bbox 1256 2201 1356 2252; x_wconf 85' lang='lat' dir='ltr'>Ego,</span> <span class='ocrx_word' id='word_1_320' title='bbox 1385 2203 1449 2251; x_wconf 90' lang='lat' dir='ltr'>qui</span> <span class='ocrx_word' id='word_1_321' title='bbox 1475 2217 1551 2241; x_wconf 89' lang='lat' dir='ltr'>non</span> 
     </span>
     <span class='ocr_line' id='line_1_35' title="bbox 107 2260 1553 2313; baseline 0.003 -16"><span class='ocrx_word' id='word_1_322' title='bbox 107 2260 268 2310; x_wconf 84' lang='lat' dir='ltr'>patravi,</span> <span class='ocrx_word' id='word_1_323' title='bbox 294 2260 325 2297; x_wconf 90' lang='lat' dir='ltr'>si</span> <span class='ocrx_word' id='word_1_324' title='bbox 346 2260 457 2297; x_wconf 89' lang='lat' dir='ltr'>velim</span> <span class='ocrx_word' id='word_1_325' title='bbox 477 2260 550 2297; x_wconf 84' lang='lat' dir='ltr'>hac</span> <span class='ocrx_word' id='word_1_326' title='bbox 571 2260 618 2297; x_wconf 88' lang='lat' dir='ltr'>de</span> <span class='ocrx_word' id='word_1_327' title='bbox 640 2273 692 2304; x_wconf 89' lang='lat' dir='ltr'>re,</span> <span class='ocrx_word' id='word_1_328' title='bbox 723 2268 789 2298; x_wconf 90' lang='lat' dir='ltr'>aut</span> <span class='ocrx_word' id='word_1_329' title='bbox 809 2261 982 2308; x_wconf 90' lang='lat' dir='ltr'>debeam,</span> <span class='ocrx_word' id='word_1_330' title='bbox 1016 2263 1205 2313; x_wconf 87' lang='lat' dir='ltr'>copiosius</span> <span class='ocrx_word' id='word_1_331' title='bbox 1227 2263 1431 2309; x_wconf 87' lang='lat' dir='ltr'>disserere,</span> <span class='ocrx_word' id='word_1_332' title='bbox 1460 2265 1553 2302; x_wconf 91' lang='lat' dir='ltr'>nihil</span> 
     </span>
     <span class='ocr_line' id='line_1_36' title="bbox 107 2321 1553 2373; baseline 0.005 -16"><span class='ocrx_word' id='word_1_333' title='bbox 107 2321 269 2358; x_wconf 84' lang='lat' dir='ltr'>habeam</span> <span class='ocrx_word' id='word_1_334' title='bbox 301 2321 388 2370; x_wconf 92' lang='lat' dir='ltr'>plus</span> <span class='ocrx_word' id='word_1_335' title='bbox 420 2321 525 2371; x_wconf 88' lang='lat' dir='ltr'>quod</span> <span class='ocrx_word' id='word_1_336' title='bbox 559 2321 698 2367; x_wconf 87' lang='lat' dir='ltr'>dicam,</span> <span class='ocrx_word' id='word_1_337' title='bbox 731 2335 847 2372; x_wconf 89' lang='lat' dir='ltr'>quam</span> <span class='ocrx_word' id='word_1_338' title='bbox 880 2322 965 2360; x_wconf 83' lang='lat' dir='ltr'>haec</span> <span class='ocrx_word' id='word_1_339' title='bbox 999 2323 1076 2361; x_wconf 93' lang='lat' dir='ltr'>duo</span> <span class='ocrx_word' id='word_1_340' title='bbox 1105 2324 1329 2361; x_wconf 83' lang='lat' dir='ltr'>brevissima</span> <span class='ocrx_word' id='word_1_341' title='bbox 1352 2327 1553 2373; x_wconf 88' lang='lat' dir='ltr'>vocabula,</span> 
     </span>
     <span class='ocr_line' id='line_1_37' title="bbox 110 2381 1553 2436; baseline 0.004 -18"><span class='ocrx_word' id='word_1_342' title='bbox 110 2383 199 2419; x_wconf 89' lang='lat' dir='ltr'>Non</span> <span class='ocrx_word' id='word_1_343' title='bbox 220 2381 293 2419; x_wconf 91' lang='lat' dir='ltr'>feci</span> <span class='ocrx_word' id='word_1_344' title='bbox 312 2393 321 2418; x_wconf 73' lang='grc' dir='ltr'>ε</span> <span class='ocrx_word' id='word_1_345' title='bbox 343 2382 408 2430; x_wconf 89' lang='lat' dir='ltr'>qui</span> <span class='ocrx_word' id='word_1_346' title='bbox 428 2389 555 2418; x_wconf 90' lang='lat' dir='ltr'>autem</span> <span class='ocrx_word' id='word_1_347' title='bbox 580 2382 687 2426; x_wconf 85' lang='lat' dir='ltr'>fecit,</span> <span class='ocrx_word' id='word_1_348' title='bbox 709 2383 742 2418; x_wconf 89' lang='lat' dir='ltr'>ei</span> <span class='ocrx_word' id='word_1_349' title='bbox 769 2396 918 2433; x_wconf 89' lang='lat' dir='ltr'>quoque</span> <span class='ocrx_word' id='word_1_350' title='bbox 944 2385 1124 2434; x_wconf 83' lang='lat' dir='ltr'>perfacile</span> <span class='ocrx_word' id='word_1_351' title='bbox 1145 2391 1208 2422; x_wconf 89' lang='lat' dir='ltr'>est</span> <span class='ocrx_word' id='word_1_352' title='bbox 1228 2385 1367 2423; x_wconf 89' lang='lat' dir='ltr'>docere</span> <span class='ocrx_word' id='word_1_353' title='bbox 1395 2386 1460 2436; x_wconf 91' lang='lat' dir='ltr'>qui</span> <span class='ocrx_word' id='word_1_354' title='bbox 1493 2401 1553 2425; x_wconf 84' lang='lat' dir='ltr'>res</span> 
     </span>
     <span class='ocr_line' id='line_1_38' title="bbox 108 2441 1557 2492; baseline 0.005 -14"><span class='ocrx_word' id='word_1_355' title='bbox 108 2441 210 2479; x_wconf 82' lang='lat' dir='ltr'>facta</span> <span class='ocrx_word' id='word_1_356' title='bbox 227 2441 289 2486; x_wconf 86' lang='lat' dir='ltr'>sit,</span> <span class='ocrx_word' id='word_1_357' title='bbox 312 2447 378 2478; x_wconf 87' lang='lat' dir='ltr'>aut</span> <span class='ocrx_word' id='word_1_358' title='bbox 397 2441 428 2478; x_wconf 90' lang='lat' dir='ltr'>si</span> <span class='ocrx_word' id='word_1_359' title='bbox 447 2442 583 2479; x_wconf 88' lang='lat' dir='ltr'>docere</span> <span class='ocrx_word' id='word_1_360' title='bbox 602 2455 758 2492; x_wconf 91' lang='lat' dir='ltr'>quoque</span> <span class='ocrx_word' id='word_1_361' title='bbox 778 2444 954 2487; x_wconf 86' lang='lat' dir='ltr'>noluerit,</span> <span class='ocrx_word' id='word_1_362' title='bbox 975 2443 1087 2482; x_wconf 89' lang='lat' dir='ltr'>facile</span> <span class='ocrx_word' id='word_1_363' title='bbox 1108 2452 1234 2483; x_wconf 88' lang='lat' dir='ltr'>tamen</span> <span class='ocrx_word' id='word_1_364' title='bbox 1254 2446 1287 2483; x_wconf 90' lang='lat' dir='ltr'>ei</span> <span class='ocrx_word' id='word_1_365' title='bbox 1317 2453 1375 2483; x_wconf 89' lang='lat' dir='ltr'>est</span> <span class='ocrx_word' id='word_1_366' title='bbox 1397 2447 1557 2485; x_wconf 85' lang='lat' dir='ltr'>solerter</span> 
     </span>
     <span class='ocr_line' id='line_1_39' title="bbox 110 2502 1558 2556; baseline 0.005 -17"><span class='ocrx_word' id='word_1_367' title='bbox 110 2509 148 2539; x_wconf 90' lang='lat' dir='ltr'>et</span> <span class='ocrx_word' id='word_1_368' title='bbox 166 2502 266 2539; x_wconf 92' lang='lat' dir='ltr'>belle</span> <span class='ocrx_word' id='word_1_369' title='bbox 286 2504 502 2549; x_wconf 85' lang='lat' dir='ltr'>conjectare</span> <span class='ocrx_word' id='word_1_370' title='bbox 529 2514 594 2539; x_wconf 87' lang='lat' dir='ltr'>seu</span> <span class='ocrx_word' id='word_1_371' title='bbox 626 2504 841 2553; x_wconf 88' lang='lat' dir='ltr'>speciosum</span> <span class='ocrx_word' id='word_1_372' title='bbox 867 2511 1094 2554; x_wconf 70' lang='lat' dir='ltr'>praetextum</span> <span class='ocrx_word' id='word_1_373' title='bbox 1115 2506 1297 2556; x_wconf 83' lang='lat' dir='ltr'>allegare.</span> <span class='ocrx_word' id='word_1_374' title='bbox 1355 2508 1452 2544; x_wconf 87' lang='lat' dir='ltr'>Nam</span> <span class='ocrx_word' id='word_1_375' title='bbox 1474 2508 1558 2546; x_wconf 86' lang='lat' dir='ltr'>sce-</span> 
     </span>
     <span class='ocr_line' id='line_1_40' title="bbox 110 2563 1559 2617; baseline 0.006 -17"><span class='ocrx_word' id='word_1_376' title='bbox 110 2563 216 2600; x_wconf 88' lang='lat' dir='ltr'>lerati</span> <span class='ocrx_word' id='word_1_377' title='bbox 240 2563 447 2600; x_wconf 86' lang='lat' dir='ltr'>sceleribus</span> <span class='ocrx_word' id='word_1_378' title='bbox 478 2563 556 2599; x_wconf 83' lang='lat' dir='ltr'>suis</span> <span class='ocrx_word' id='word_1_379' title='bbox 585 2566 780 2613; x_wconf 85' lang='lat' dir='ltr'>speciosos</span> <span class='ocrx_word' id='word_1_380' title='bbox 807 2574 1197 2617; x_wconf 58' lang='lat' dir='ltr'>quoque‘praetextus</span> <span class='ocrx_word' id='word_1_381' title='bbox 1217 2569 1559 2608; x_wconf 80' lang='lat' dir='ltr'>comminiscuntur</span> 
     </span>
     <span class='ocr_line' id='line_1_41' title="bbox 112 2623 1561 2676; baseline 0.005 -17"><span class='ocrx_word' id='word_1_382' title='bbox 112 2630 151 2659; x_wconf 90' lang='lat' dir='ltr'>et</span> <span class='ocrx_word' id='word_1_383' title='bbox 168 2623 304 2660; x_wconf 79' lang='lat' dir='ltr'>callida</span> <span class='ocrx_word' id='word_1_384' title='bbox 330 2623 566 2673; x_wconf 84' lang='lat' dir='ltr'>subterfugia</span> <span class='ocrx_word' id='word_1_385' title='bbox 586 2633 826 2675; x_wconf 77' lang='lat' dir='ltr'>praeparant:</span> <span class='ocrx_word' id='word_1_386' title='bbox 855 2627 917 2676; x_wconf 90' lang='lat' dir='ltr'>qui</span> <span class='ocrx_word' id='word_1_387' title='bbox 938 2635 1064 2665; x_wconf 84' lang='lat' dir='ltr'>autem</span> <span class='ocrx_word' id='word_1_388' title='bbox 1084 2641 1161 2666; x_wconf 91' lang='lat' dir='ltr'>non</span> <span class='ocrx_word' id='word_1_389' title='bbox 1180 2629 1325 2674; x_wconf 83' lang='lat' dir='ltr'>fecerit,</span> <span class='ocrx_word' id='word_1_390' title='bbox 1354 2629 1387 2666; x_wconf 87' lang='lat' dir='ltr'>ei</span> <span class='ocrx_word' id='word_1_391' title='bbox 1407 2626 1561 2667; x_wconf 81' lang='lat' dir='ltr'>difficile</span> 
     </span>
     <span class='ocr_line' id='line_1_42' title="bbox 113 2683 1558 2739; baseline 0.005 -19"><span class='ocrx_word' id='word_1_392' title='bbox 113 2690 173 2720; x_wconf 88' lang='lat' dir='ltr'>est</span> <span class='ocrx_word' id='word_1_393' title='bbox 198 2683 351 2721; x_wconf 85' lang='lat' dir='ltr'>occulta</span> <span class='ocrx_word' id='word_1_394' title='bbox 386 2685 573 2734; x_wconf 85' lang='lat' dir='ltr'>probabili</span> <span class='ocrx_word' id='word_1_395' title='bbox 605 2686 826 2736; x_wconf 88' lang='lat' dir='ltr'>conjectura</span> <span class='ocrx_word' id='word_1_396' title='bbox 858 2688 1020 2738; x_wconf 86' lang='lat' dir='ltr'>aperire.</span> <span class='ocrx_word' id='word_1_397' title='bbox 1093 2689 1354 2726; x_wconf 86' lang='lat' dir='ltr'>Vestrummet</span> <span class='ocrx_word' id='word_1_398' title='bbox 1389 2689 1558 2739; x_wconf 86' lang='lat' dir='ltr'>ipsorum</span> 
     </span>
     <span class='ocr_line' id='line_1_43' title="bbox 114 2743 1565 2800; baseline 0.006 -21"><span class='ocrx_word' id='word_1_399' title='bbox 114 2743 209 2780; x_wconf 90' lang='lat' dir='ltr'>adeo</span> <span class='ocrx_word' id='word_1_400' title='bbox 236 2743 326 2780; x_wconf 89' lang='lat' dir='ltr'>mihi</span> <span class='ocrx_word' id='word_1_401' title='bbox 354 2744 502 2782; x_wconf 87' lang='lat' dir='ltr'>videtur</span> <span class='ocrx_word' id='word_1_402' title='bbox 530 2746 792 2796; x_wconf 86' lang='lat' dir='ltr'>unusquisque</span> <span class='ocrx_word' id='word_1_403' title='bbox 819 2747 867 2784; x_wconf 87' lang='lat' dir='ltr'>de</span> <span class='ocrx_word' id='word_1_404' title='bbox 893 2761 932 2785; x_wconf 91' lang='lat' dir='ltr'>re</span> <span class='ocrx_word' id='word_1_405' title='bbox 961 2748 1065 2785; x_wconf 88' lang='lat' dir='ltr'>haud</span> <span class='ocrx_word' id='word_1_406' title='bbox 1084 2756 1280 2798; x_wconf 86' lang='lat' dir='ltr'>comperta</span> <span class='ocrx_word' id='word_1_407' title='bbox 1306 2748 1565 2800; x_wconf 81' lang='lat' dir='ltr'>interrogatus·</span> 
     </span>
     <span class='ocr_line' id='line_1_44' title="bbox 115 2802 1562 2858; baseline 0.008 -20"><span class='ocrx_word' id='word_1_408' title='bbox 115 2802 231 2839; x_wconf 89' lang='lat' dir='ltr'>nihilo</span> <span class='ocrx_word' id='word_1_409' title='bbox 265 2803 351 2852; x_wconf 87' lang='lat' dir='ltr'>plus</span> <span class='ocrx_word' id='word_1_410' title='bbox 384 2818 470 2843; x_wconf 86' lang='lat' dir='ltr'>esse</span> <span class='ocrx_word' id='word_1_411' title='bbox 503 2819 773 2856; x_wconf 90' lang='lat' dir='ltr'>responsurus,</span> <span class='ocrx_word' id='word_1_412' title='bbox 799 2821 912 2858; x_wconf 86' lang='lat' dir='ltr'>quam</span> <span class='ocrx_word' id='word_1_413' title='bbox 933 2809 1006 2846; x_wconf 85' lang='lat' dir='ltr'>hoc</span> <span class='ocrx_word' id='word_1_414' title='bbox 1038 2811 1164 2852; x_wconf 86' lang='lat' dir='ltr'>breve,</span> <span class='ocrx_word' id='word_1_415' title='bbox 1190 2809 1240 2845; x_wconf 87' lang='lat' dir='ltr'>Se</span> <span class='ocrx_word' id='word_1_416' title='bbox 1265 2821 1340 2846; x_wconf 91' lang='lat' dir='ltr'>non</span> <span class='ocrx_word' id='word_1_417' title='bbox 1362 2814 1475 2848; x_wconf 72' lang='lat' dir='ltr'>nesse</span> <span class='ocrx_word' id='word_1_418' title='bbox 1494 2824 1503 2847; x_wconf 74' lang='grc' dir='ltr'><strong><em>τ</em></strong></span> <span class='ocrx_word' id='word_1_419' title='bbox 1524 2820 1562 2849; x_wconf 87' lang='lat' dir='ltr'>et</span> 
     </span>
     <span class='ocr_line' id='line_1_45' title="bbox 117 2864 1562 2918; baseline 0.006 -18"><span class='ocrx_word' id='word_1_420' title='bbox 117 2865 147 2901; x_wconf 91' lang='lat' dir='ltr'>si</span> <span class='ocrx_word' id='word_1_421' title='bbox 180 2870 260 2901; x_wconf 85' lang='lat' dir='ltr'>tum</span> <span class='ocrx_word' id='word_1_422' title='bbox 292 2864 532 2916; x_wconf 82' lang='lat' dir='ltr'>interrogans</span> <span class='ocrx_word' id='word_1_423' title='bbox 561 2868 681 2906; x_wconf 84' lang='lat' dir='ltr'>instet</span> <span class='ocrx_word' id='word_1_424' title='bbox 707 2876 745 2906; x_wconf 86' lang='lat' dir='ltr'>et</span> <span class='ocrx_word' id='word_1_425' title='bbox 773 2870 930 2907; x_wconf 84' lang='lat' dir='ltr'>ulterius</span> <span class='ocrx_word' id='word_1_426' title='bbox 950 2869 1040 2918; x_wconf 86' lang='lat' dir='ltr'>quid</span> <span class='ocrx_word' id='word_1_427' title='bbox 1071 2869 1280 2918; x_wconf 82' lang='lat' dir='ltr'>exprimere</span> <span class='ocrx_word' id='word_1_428' title='bbox 1308 2869 1464 2915; x_wconf 85' lang='lat' dir='ltr'>laboret,</span> <span class='ocrx_word' id='word_1_429' title='bbox 1494 2884 1562 2908; x_wconf 84' lang='lat' dir='ltr'>vos</span> 
     </span>
    </p>
   </div>
  </div>
 </body>
</html>
