1822 3219
235 116 284 152 30
769 112 1139 151 ANTIPHONTIS

230 215 331 252 filius
360 225 484 258 meus,
503 212 620 263 culpa
637 224 747 258 vaco,
767 212 926 252 infanda
952 214 1087 265 patiar,
1109 214 1140 252 si
1166 226 1188 251 a
1207 213 1314 252 vobis
1338 213 1518 253 excludar
1545 213 1673 252 fructu

230 274 419 319 beneficii,
435 274 539 324 quod
558 273 619 311 lex
638 274 727 311 mihi
748 274 965 312 contribuit.
1023 275 1083 312 Ex
1104 274 1176 311 illis
1195 273 1282 324 ipsis
1301 280 1426 311 autem
1440 287 1527 324 quae
1541 273 1580 312 hi
1593 273 1674 312 dis-

231 342 370 388 putant
398 336 593 385 consequi,
614 334 898 373 adolescentem
919 349 966 373 ne
987 337 1034 373 ab
1054 335 1120 373 illo
1149 336 1233 385 ipso
1250 334 1404 384 quidem
1433 334 1586 374 defectu
1606 346 1674 372 vo-

233 397 392 435 luntatis
409 404 523 447 atque
540 396 723 447 propositi
739 397 776 434 in
793 396 899 434 caede
914 397 1188 435 committenda
1203 395 1362 441 absolvi,
1377 395 1445 433 sed
1465 395 1531 433 illa
1548 397 1676 445 ambo,

231 471 396 499 errorem
418 465 512 509 puta
527 466 639 508 atque
656 471 823 508 poenam,
836 459 1036 502 ambobus,
1053 465 1130 495 tam
1146 458 1223 496 filio
1239 470 1322 495 meo
1336 469 1448 507 quam
1465 455 1572 495 istius
1585 457 1676 502 filio,

233 521 450 560 eommunia
469 521 778 573 aequis'partibus
799 534 897 567 esse,
914 521 1070 571 planum
1085 521 1237 558 faciam.
1294 520 1394 558 Nam
1408 519 1439 557 si
1455 519 1554 558 filius
1569 531 1676 557 meus

231 583 320 621 ideo
339 582 533 620 homicida
553 582 690 620 suimet
710 581 925 626 habebitur,
946 581 1034 631 quia
1054 594 1127 619 non
1148 580 1318 619 constitit
1337 580 1502 630 quietus,
1523 578 1592 617 sed
1611 592 1677 617 ve-

233 644 349 682 nienti
374 643 504 695 jaculo
524 644 605 694 ipse
627 648 748 680 semet
767 641 919 687 obtulit,
939 655 987 680 ne
1014 642 1123 679 istius
1143 642 1294 692 quidem
1323 641 1422 679 filius
1441 641 1544 678 omni
1563 639 1678 691 culpa

232 713 293 744 est
314 704 549 749 liberandus,
568 717 644 754 qua
664 709 868 741 vacaturus
893 710 1008 747 esset,
1028 703 1059 740 si
1093 703 1190 740 filius
1221 715 1326 740 meus
1358 702 1423 740 illo
1455 701 1679 752 quiescente

232 768 457 817 nullumque
474 766 591 804 telum
606 767 851 815 intorquente
867 765 1112 804 concidisset.
1151 765 1268 802 Caede
1286 764 1412 815 itaque
1428 765 1476 802 ab
1490 764 1678 802 ambobus

234 831 380 882 pariter
396 836 565 881 peracta,
583 841 743 867 necesse
760 834 821 865 est
839 835 880 865 ut
897 840 1046 878 poenarn
1062 841 1215 878 quoque
1232 829 1345 866 ambo
1360 827 1609 879 participent:
1640 834 1681 865 et

233 893 334 931 filius
354 891 508 942 quidem
528 903 635 928 meus
656 902 822 928 errorem
842 903 953 927 suum
973 890 1009 926 in
1030 897 1151 928 semet
1170 890 1379 928 admissum
1399 890 1543 940 majore
1563 889 1679 927 etiam

233 968 346 1006 poena
365 966 480 1005 quam
500 966 568 1004 pro
588 951 704 990 modo
734 952 869 989 erroris
899 952 982 998 luit,
1002 964 1114 1002 quam
1136 952 1216 1002 ipse
1238 952 1305 990 sibi
1329 965 1476 1002 poenam
1507 951 1613 992 dedit
1628 972 1681 980 —

233 1023 354 1053 morte
384 1013 560 1051 nimirum
587 1012 656 1050 luit
675 1035 738 1057 -‚
759 1013 824 1062 qui
843 1025 935 1062 ergo
955 1026 1021 1062 par
1041 1012 1089 1050 sit
1108 1012 1334 1062 impunitum
1364 1012 1560 1051 discedere
1579 1025 1681 1059 eum,

233 1076 298 1126 qui
317 1087 357 1112 se
377 1074 429 1112 illi
448 1080 664 1112 consortem
683 1079 720 1110 et
740 1073 955 1123 adjutorem
985 1073 1114 1111 delicti
1135 1073 1171 1110 in
1194 1085 1274 1117 eos,
1288 1085 1386 1123 quos
1415 1087 1493 1111 non
1520 1073 1685 1111 decebat

233 1149 280 1175 eo
295 1136 438 1174 delicto
453 1135 555 1180 laedi,
570 1134 794 1185 praebuerit?
825 1134 883 1171 Ex
897 1134 978 1185 ipsa
992 1134 1126 1172 horum
1144 1133 1367 1172 defensione
1382 1140 1538 1173 constat
1551 1134 1683 1173 adole·
1708 1171 1719 1180 ,

234 1204 402 1236 scentem
423 1197 536 1248 hujus
555 1196 671 1234 caedis
697 1197 917 1247 participem
939 1209 1050 1234 esse:
1081 1196 1191 1246 ecqui
1212 1208 1303 1247 ergo
1322 1209 1404 1243 vos,
1418 1196 1584 1247 judices,
1603 1197 1684 1234 ullo

234 1266 348 1310 pacto
375 1271 463 1296 eum
489 1257 594 1296 salvo
621 1257 750 1295 divino
777 1256 1018 1307 humanoque
1032 1261 1118 1306 jure
1137 1257 1372 1296 absolvatis?
1420 1257 1542 1295 Nobis
1562 1266 1681 1303 certe,

235 1333 332 1370 quos
347 1320 481 1357 horum
501 1319 618 1356 duum
638 1319 850 1356 communis
867 1332 968 1358 error
986 1318 1159 1356 funditus
1175 1318 1323 1364 afflixit,
1339 1318 1477 1369 injuria
1489 1318 1683 1365 offeratur,

234 1395 313 1420 non
334 1381 448 1418 modo
465 1393 551 1418 cum
566 1380 650 1431 jure
670 1380 796 1418 divino
817 1393 893 1417 non
912 1379 1172 1426 consentiens,
1194 1380 1262 1417 sed
1283 1379 1342 1417 vel
1371 1380 1538 1418 maxime
1566 1380 1681 1419 etiam

233 1444 268 1482 ei
288 1455 520 1493 repugnans,
540 1443 570 1480 si
591 1442 792 1480 homicidae
812 1441 1018 1482 habeamur
1038 1448 1154 1491 atque
1184 1441 1422 1479 declaremur
1442 1454 1548 1480 esse:
1578 1441 1684 1492 quod

235 1506 266 1543 si
279 1506 398 1550 fieret,
412 1505 639 1542 deberemus
654 1511 866 1542 extremum
881 1503 1109 1554 supplicium
1124 1503 1305 1540 tolerare:
1336 1503 1439 1553 quod
1456 1502 1684 1553 supplicium

234 1569 272 1606 in
288 1568 400 1605 nobis
421 1567 606 1611 exsecuti,
622 1567 652 1603 si
668 1566 711 1603 iis
726 1580 748 1603 a
766 1567 859 1603 locis
876 1579 950 1602 non
967 1572 1200 1608 arcerentur,
1219 1565 1358 1614 quibus
1375 1564 1494 1602 arceri
1515 1565 1683 1615 impuras

237 1628 431 1673 convenit,
449 1641 523 1665 non
539 1635 638 1665 recte
660 1628 738 1671 fiat,
753 1627 782 1664 si
804 1626 927 1664 modis
948 1626 1005 1670 iis,
1023 1627 1161 1676 quibus
1178 1625 1352 1662 homines
1370 1625 1452 1675 pios
1472 1625 1596 1676 excipi
1616 1637 1685 1675 par

236 1697 307 1735 est,
327 1689 566 1740 excipiantur
592 1690 639 1726 ab
666 1689 723 1734 iis,
746 1688 810 1738 qui
836 1688 930 1725 alias
961 1687 1097 1738 impios
1121 1687 1194 1724 sint
1215 1685 1468 1736 exstirpaturi.
1525 1685 1685 1724 Macula

236 1751 392 1802 piaculi,
411 1764 498 1801 quae
530 1750 621 1787 alias
654 1750 704 1787 ad
736 1749 931 1787 universos
960 1756 1042 1787 erat
1071 1755 1352 1799 permanatura‚
1380 1747 1434 1785 sic
1458 1747 1566 1785 vobis
1592 1747 1685 1784 solis

236 1813 335 1850 foret
366 1812 579 1855 insessura;
608 1819 838 1862 quapropter
870 1823 1021 1849 sumina
1052 1810 1230 1848 cautione
1263 1809 1335 1847 hac
1366 1809 1403 1845 in
1433 1821 1553 1846 causa
1578 1807 1685 1846 vobis

238 1873 424 1912 utendum
445 1873 529 1911 erit.
587 1873 686 1909 Nam
709 1873 739 1910 si
759 1871 948 1911 homicidii
970 1884 1076 1909 reum
1096 1871 1198 1908 hunc
1215 1871 1496 1908 adolescentem
1515 1882 1686 1920 pronun-

238 1936 428 1974 ciaveritis
452 1936 561 1986 eique
589 1935 683 1972 locis
717 1935 859 1973 sanctis
889 1934 1168 1977 interdixeritis,
1198 1932 1382 1971 vacabitis
1410 1923 1589 1969 crimine:
1625 1930 1685 1968 sin

238 2005 367 2036 autem
387 2010 473 2035 eum
493 1996 745 2040 absolveritis,
765 1996 834 2046 ipsi
856 2003 980 2033 vestra
999 1995 1124 2045 capita
1142 1994 1294 2044 piaculo
1314 1992 1553 2044 supponetis.
1611 1991 1686 2030 Ve-

238 2066 327 2097 strae
345 2060 472 2110 itaque
488 2058 738 2109 ipsorummet
752 2057 900 2108 pietatis
917 2070 1008 2107 ergo
1027 2056 1230 2107 legumque
1248 2055 1492 2099 tuendarum,
1507 2053 1686 2092 abducite

239 2121 340 2158 hunc
362 2121 457 2166 foro,
477 2121 578 2158 ultra
598 2120 694 2157 fines
722 2119 935 2169 deportate,
956 2125 995 2156 et
1013 2119 1068 2156 sic
1088 2118 1244 2168 punite;
1276 2117 1330 2153 sic
1359 2117 1459 2153 enim
1487 2115 1687 2160 cavebitis,

241 2190 283 2219 ut
303 2182 520 2232 spurcitiem
542 2181 622 2230 ejus
643 2193 692 2217 ne
711 2180 957 2230 participetis,
979 2179 1165 2227 nobisque
1189 2177 1426 2228 parentibus,
1446 2175 1511 2226 qui
1537 2176 1585 2213 ab
1610 2175 1686 2214 isto

239 2243 431 2280 homicida
449 2242 522 2279 vivi
550 2241 674 2279 adhuc
703 2241 849 2278 tumulo
880 2240 1024 2278 defossi
1049 2252 1195 2284 sumus,
1214 2237 1471 2276 calamitatem
1500 2236 1684 2282 reddetis,

238 2304 420 2355 opinione
441 2303 568 2342 saltim
588 2310 698 2340 tenus
717 2301 912 2352 famaque,
930 2299 1236 2338 tolerabiliorem.

359 2573 398 2608 4.
430 2568 708 2608 DEFENSIO
739 2566 1052 2604 POSTERIOR
1085 2564 1340 2603 EJUSDEM
1374 2562 1567 2600 CAEDIS.

297 2677 661 2713 CONSENTANEUM
694 2684 832 2722 nempe
863 2677 946 2708 erat
974 2670 1091 2714 hunc,
1118 2667 1353 2707 accusationi
1383 2679 1462 2704 suae
1498 2666 1686 2702 intentum

244 2740 283 2776 in
303 2750 420 2787 eaque
452 2738 632 2780 defixum,
662 2733 922 2772 defensionem
955 2744 1076 2769 meam
1106 2731 1209 2769 haud
1229 2729 1448 2780 percipere3
1471 2740 1539 2765 vos
1560 2734 1688 2764 autem

242 2812 312 2850 par
328 2806 387 2834 est
404 2806 546 2842 tenere,
567 2809 654 2834 cum
677 2808 747 2833 nos
766 2793 986 2837 adversarii,
1006 2805 1160 2830 causam
1173 2792 1335 2841 quisque
1351 2802 1471 2834 suam,
1485 2802 1505 2826 e
1522 2789 1687 2826 benevo-

245 2861 362 2899 lentia
380 2872 457 2909 qua
477 2871 517 2896 se
537 2859 700 2908 quisque
720 2855 974 2906 amplectitur,
988 2853 1190 2899 arbitrans,
1208 2864 1297 2890 vera
1313 2859 1352 2889 et
1370 2863 1480 2901 aequa
1499 2862 1540 2887 se
1558 2849 1686 2887 dicere
