1822 3219
219 143 272 177 60
761 141 1135 179 ANTIPHONTIS

279 246 337 280 15.
362 243 727 295 Refutavi,judices,
746 244 898 293 singula
912 257 1074 294 quaeque
1091 244 1247 281 erimina
1264 242 1353 280 mihi
1373 243 1535 294 objecta,
1554 253 1675 293 quan·

219 311 301 342 tum
314 306 496 343 memoria
511 306 691 355 colligere
709 306 814 355 potui
830 308 930 352 :jam
946 306 1073 343 nullus
1089 306 1222 343 dubito
1237 305 1333 349 fore,
1347 311 1390 342 ut
1405 317 1427 343 a
1438 304 1546 342 vobis
1558 302 1681 341 absol—

220 377 299 403 var.
344 365 522 416 quuod,
539 373 580 403 ut
595 366 686 403 mihi
700 367 866 404 salutare
887 373 959 409 est,
979 366 1033 403 ita
1049 379 1135 403 cum
1156 372 1284 404 vestro
1306 377 1461 416 quoque
1475 364 1676 414 studiojus

221 432 354 463 sancte
373 433 413 463 et
441 426 589 476 legibus
610 427 881 465 convenienter
903 426 1056 464 dicendi
1076 427 1268 464 consentit
1293 426 1464 477 jurisque
1479 424 1636 477 jurandi
1657 436 1680 461 a

219 486 326 524 vobis
358 486 453 523 dicti
479 486 699 537 religionem
721 494 861 525 tuetur.
919 487 1018 524 Nam
1047 487 1260 524 secundum
1288 487 1393 537 leges
1412 498 1489 524 vos·
1505 485 1677 536 jus'dsse

221 546 391 584 dicturos
405 548 578 597 jurantes
598 549 844 586 condixistis:
872 549 951 599 jam
968 548 1119 597 legibus
1139 548 1198 594 iis,
1213 561 1373 598 quarum
1390 561 1436 586 ex
1452 545 1680 585 auctoritate

221 613 415 657 praetensa
435 608 472 644 in
493 621 682 646 carcerem
703 610 843 647 ductus
863 623 961 654 sum,
993 609 1043 645 nil
1063 618 1219 654 tene0r;
1248 610 1389 660 quibus
1409 617 1534 647 autem
1561 609 1682 646 teneri

222 667 331 706 dicor
360 670 610 719 (quamquam
639 670 739 708 falsa
758 683 803 708 ea
821 678 881 708 est
900 671 1143 716 criminatio),
1172 678 1361 719 quatenus
1391 671 1437 707 iis
1458 677 1589 708 tenear
1603 681 1678 707 >nee

222 741 285 774 ne,
315 728 472 766 docebit
501 738 694 767 certamen
722 730 815 767 illud
847 731 951 781 quod
981 731 1072 767 mihi
1103 731 1380 769 decertandum
1408 731 1444 767 in
1481 738 1677 781 posterum

222 796 375 840 tempus
406 799 638 828 reservatum
671 800 813 829 manet.
871 792 1076 830 Geminum
1105 799 1231 829 autem
1262 799 1457 829 certamen
1479 791 1584 842 quod
1612 803 1678 828 ex-

224 850 363 887 stiterit
381 863 401 887 e
428 851 606 901 simplici,
628 852 709 902 ejus
737 853 790 890 rei
811 853 923 902 culpa
951 865 1070 902 penes
1091 865 1152 890 me
1178 852 1284 890 nulla
1304 860 1372 896 est,
1405 852 1474 890 sed
1506 853 1542 889 in
1563 851 1681 902 culpa

225 916 317 947 sunt
336 918 595 949 accusatores.
654 913 734 950 Vos
764 921 907 959 autern,
937 914 1001 963 qui
1026 914 1124 963 juris
1150 913 1252 964 aequi
1282 913 1374 950 estis
1398 913 1542 958 arbitri,
1563 912 1682 950 homi—

223 984 316 1008 num
348 972 438 1009 mihi
469 973 816 1011 inimicissimorum
847 974 1124 1024 malignitatem
1160 981 1274 1023 atque
1307 974 1546 1024 iniquitatem
1576 972 1682 1010 haud

223 1032 406 1069 videmini
433 1033 642 1070 imitaturi:
673 1035 711 1070 hi
741 1035 1014 1072 necessitatem
1046 1035 1135 1071 mihi
1164 1035 1430 1079 admoverunt,
1456 1035 1519 1072 bis
1544 1034 1681 1084 capitis

224 1093 298 1130 mei
316 1105 472 1131 causam
495 1093 662 1131 dicendi.
719 1095 799 1132 Vos
815 1096 943 1145 itaque
964 1108 1023 1132 me
1043 1096 1077 1132 in
1101 1095 1174 1132 hoc
1188 1095 1269 1145 jam
1285 1095 1431 1145 judicio
1459 1094 1682 1146 praejudicio

225 1162 354 1192 vestro
388 1155 508 1192 caedis
542 1168 617 1192 non
649 1156 957 1194 condemnabitis
975 1170 983 1194 ε
1027 1156 1158 1201 nolite,
1191 1156 1272 1201 viri,
1307 1163 1384 1193 tam
1416 1156 1535 1206 iniqui
1569 1168 1680 1193 esse:

226 1215 315 1252 date
334 1216 461 1265 potius
490 1216 633 1265 aliquid
665 1218 777 1254 etiam
801 1218 988 1267 tempori3
1019 1229 1096 1266 quo
1125 1229 1212 1252 cum
1233 1216 1452 1253 consiliario
1476 1224 1592 1266 atque
1611 1216 1689 1253 viae‘

227 1276 327 1313 duce
348 1276 542 1314 veritatem
565 1289 688 1313 rerum
711 1284 903 1327 gestarum
925 1277 1092 1315 invenire
1112 1277 1251 1322 solent,
1267 1277 1561 1326 quibuscunque
1579 1289 1683 1314 curae

226 1346 288 1377 est
306 1351 390 1376 eam
411 1352 596 1389 quaerere.
655 1339 803 1376 Vellem
828 1339 970 1389 utiquc,
985 1339 1153 1389 judices,
1174 1338 1394 1389 hujusmodi
1415 1338 1451 1374 in
1467 1337 1592 1375 causis
1609 1337 1683 1374 for·

228 1399 483 1447 mulamjuris
504 1400 623 1437 civilis
645 1401 683 1437 in
708 1400 794 1450 jure
815 1399 984 1437 dicundo
1013 1400 1206 1437 observari
1229 1399 1286 1449 [h.
1308 1412 1342 1436 e.
1369 1398 1485 1436 semel
1516 1405 1683 1436 tantum-

227 1459 343 1496 modo
375 1461 422 1497 de
454 1473 572 1498 causa
592 1473 743 1510 quaque
770 1461 886 1510 quaeri
914 1468 952 1498 et
982 1460 1258 1511 pronunciari]‚
1276 1472 1496 1510 quanquam
1524 1460 1606 1507 ipso
1636 1459 1685 1497 de

176 1518 178 1520 ’
222 1520 323 1569 jure,
344 1520 566 1571 simpliciter
593 1529 633 1558 et
651 1528 759 1558 extra
778 1522 899 1558 forum
927 1528 1114 1572 spectato,
1144 1522 1244 1558 idem
1265 1534 1338 1571 ego
1357 1533 1510 1571 aequum
1530 1532 1683 1566 censeo,

228 1587 272 1618 ut
291 1582 329 1618 in
349 1582 401 1619 rei
421 1589 542 1632 gestae
563 1581 757 1619 veritatem
778 1595 891 1631 quam
909 1583 1137 1620 creberrime
1157 1583 1381 1632 inquiratur.
1439 1582 1526 1625 Quo
1541 1583 1685 1632 saepius

230 1642 333 1678 enim
363 1642 401 1679 id
432 1643 509 1687 fiat,
545 1642 618 1680 hoc
650 1642 786 1680 melius
821 1643 872 1680 rei
904 1644 1042 1681 veritas
1076 1644 1292 1694 aperiatur:
1333 1643 1518 1681 crebritas
1551 1643 1685 1694 dispu-

228 1703 429 1748 tationum,
448 1704 586 1753 quibus
606 1703 803 1754 indagatio
823 1704 900 1742 veri
921 1705 1118 1755 proposita
1136 1713 1209 1750 est,
1239 1712 1282 1741 ut
1301 1704 1474 1742 secunda
1491 1702 1553 1742 est
1568 1702 1684 1755 atque

228 1764 393 1813 propitia
413 1765 573 1810 veritati,
605 1765 657 1802 ita
676 1778 804 1802 rursus
836 1772 897 1803 est
916 1766 1120 1803 mendacio
1147 1765 1413 1808 infestissima:
1444 1771 1484 1803 et
1508 1773 1551 1802 ut
1578 1765 1684 1803 illam

230 1824 462 1874 superiorem
480 1826 517 1862 in
533 1826 739 1863 certamine
756 1827 860 1872 facit,
875 1827 928 1864 ita
943 1827 1017 1864 hoc
1033 1827 1212 1864 debellat.
1272 1827 1314 1863 In
1331 1826 1436 1864 nulla
1450 1839 1540 1865 vero
1553 1839 1685 1873 causa,

228 1899 343 1935 quam
364 1887 400 1923 in
425 1900 543 1924 causa
571 1887 778 1932 homicidii,
799 1888 920 1938 magis
952 1889 1068 1925 refert
1101 1888 1148 1925 de
1170 1888 1328 1925 veritate
1358 1888 1411 1925 rei
1440 1886 1559 1938 gestae
1579 1895 1686 1926 certo

229 1955 433 1990 constare;
478 1961 565 1984 nam
599 1949 790 1986 sententia
820 1949 950 1998 iniqua
981 1949 1017 1985 in
1047 1949 1119 1986 hac.
1151 1962 1269 1986 causa
1295 1948 1400 1986 dicta
1426 1949 1531 2000 cogit
1559 1956 1598 1988 et
1619 1952 1684 1998 jus

229 2021 384 2058 aequum
412 2016 451 2046 et
470 2010 667 2046 veritatem
696 2010 834 2047 cedere
867 2017 980 2059 atque
1011 2011 1284 2048 succumbere:
1316 2023 1404 2047 nam
1434 2023 1507 2056 me,
1533 2023 1567 2048 e.
1587 2023 1637 2056 c.‚
1656 2012 1687 2048 si

226 2082 296 2107 vos
317 2070 678 2115 condemnaveritis,
699 2071 850 2108 tametsi
870 2071 1075 2115 insontem,
1099 2063 1289 2122 oportebit
1308 2078 1435 2109 tamen
1449 2079 1586 2109 vestrae
1599 2085 1686 2110 sen—

227 2131 359 2167 tentiae
380 2131 520 2168 servire
534 2138 574 2168 et
592 2131 688 2181 legis
704 2132 896 2169 severitati
914 2144 1061 2182 parere,
1079 2132 1279 2177 edicentis‚
1295 2139 1336 2169 ut
1350 2145 1438 2169 reus
1456 2134 1686 2170 sententiam

229 2191 267 2226 in
288 2203 326 2227 se
355 2203 376 2227 a
399 2191 595 2240 judicibus
617 2193 901 2242 pronuntiatam
923 2206 1083 2242 corpore
1114 2206 1184 2230 suo
1211 2193 1348 2230 toleret
1374 2194 1683 2243 exsequendam:

230 2265 421 2302 nemoque
452 2253 564 2289 facile
599 2253 659 2297 sit,
693 2254 757 2302 qui
791 2254 993 2290 sententiae
1029 2253 1076 2290 de
1107 2266 1147 2290 se
1181 2253 1294 2290 dictae
1326 2253 1507 2304 refragari
1532 2254 1687 2302 audeat,

230 2313 384 2349 tametsi
403 2319 507 2349 certo
528 2313 625 2349 sciat
656 2325 695 2349 se
717 2313 873 2350 crimine
897 2326 1046 2362 vacare,
1069 2321 1133 2350 aut
1155 2314 1217 2363 qui
1238 2314 1325 2351 idco
1343 2321 1496 2351 recuset
1514 2315 1550 2352 in
1578 2322 1688 2365 pote-

232 2380 331 2410 state
352 2374 446 2423 legis
462 2386 561 2418 esse,
576 2373 678 2422 quod
700 2374 877 2411 conscius
899 2374 969 2411 sibi
992 2375 1041 2411 sit
1061 2387 1101 2411 se
1123 2382 1269 2411 tantum
1291 2374 1440 2412 facinus
1459 2375 1563 2413 baud
1582 2389 1687 2414 com-

233 2434 394 2471 misisse.
452 2434 516 2471 Sic
547 2446 707 2472 necesse
727 2441 797 2481 est,
829 2442 868 2472 ut
897 2436 1057 2485 aequitas
1086 2436 1274 2486 iniquitati
1303 2437 1505 2481 concedat,
1527 2439 1688 2476 veritate

231 2496 488 2545 nequicquam
504 2495 752 2542 reclamante,
770 2505 808 2533 et
819 2504 862 2533 ut
880 2498 963 2547 ipsa
976 2497 1112 2534 veritas
1129 2510 1151 2534 a
1166 2498 1366 2535 mendacio
1378 2498 1481 2535 victa
1492 2499 1687 2544 obruatur,

232 2557 442 2608 praesertim
464 2557 623 2594 absente
636 2558 800 2603 vindice,
820 2571 979 2596 causam
1002 2572 1132 2596 earum
1149 2566 1353 2597 assertum.
1413 2559 1574 2610 Propter
1585 2560 1687 2599 hanc

234 2619 489 2656 lubricitatem
513 2619 552 2655 in
583 2618 802 2669 hujusmodi
822 2620 948 2657 causis
977 2621 1140 2657 caedium
1170 2620 1382 2671 errorisque
1411 2620 1687 2670 proclivitatem

235 2679 431 2728 imperatae
451 2687 542 2717 sunt
570 2686 628 2718 tot
647 2681 858 2726 cautiones,
890 2682 1063 2732 tantique
1082 2682 1178 2719 fiunt
1205 2688 1313 2719 tanta
1331 2694 1419 2719 cum
1441 2682 1542 2720 mole
1569 2695 1686 2733 appa·

236 2748 352 2785 ratus,
373 2743 502 2791 quanti
524 2743 606 2781 aliis
628 2743 743 2781 nullis
766 2745 803 2781 in
824 2745 950 2782 causis
969 2759 978 2782 :
1010 2746 1169 2795 primum
1191 2745 1296 2796 leges
1323 2752 1361 2783 et
1380 2746 1581 2796 diligenter
1600 2748 1689 2785 sub-

237 2801 425 2851 tiliterque
447 2812 484 2841 et
514 2818 644 2843 severe
676 2805 722 2843 de
743 2805 869 2843 causis
900 2806 1188 2844 homicidiorum
1210 2807 1424 2857 quibusque
1445 2808 1686 2858 praecipiunt,

236 2868 272 2898 et
291 2863 411 2899 ambae
428 2872 553 2913 partes
569 2866 654 2915 jure
671 2866 835 2915 jurando
854 2874 982 2904 mutuo
1003 2867 1305 2917 obstringuntur,
1323 2875 1409 2905 exta
1427 2868 1687 2920 proficiuntur,
